<!DOCTYPE html>
<meta charset="utf-8" />
<!-- version 1 -->
<title>OU replay: zac312 vs. Marcos Pardo</title>
<style>
html,body {font-family:Verdana, sans-serif;font-size:10pt;margin:0;padding:0;}body{padding:12px 0;} .battle-log {font-family:Verdana, sans-serif;font-size:10pt;} .battle-log-inline {border:1px solid #AAAAAA;background:#EEF2F5;color:black;max-width:640px;margin:0 auto 80px;padding-bottom:5px;} .battle-log .inner {padding:4px 8px 0px 8px;} .battle-log .inner-preempt {padding:0 8px 4px 8px;} .battle-log .inner-after {margin-top:0.5em;} .battle-log h2 {margin:0.5em -8px;padding:4px 8px;border:1px solid #AAAAAA;background:#E0E7EA;border-left:0;border-right:0;font-family:Verdana, sans-serif;font-size:13pt;} .battle-log .chat {vertical-align:middle;padding:3px 0 3px 0;font-size:8pt;} .battle-log .chat strong {color:#40576A;} .battle-log .chat em {padding:1px 4px 1px 3px;color:#000000;font-style:normal;} .chat.mine {background:rgba(0,0,0,0.05);margin-left:-8px;margin-right:-8px;padding-left:8px;padding-right:8px;} .spoiler {color:#BBBBBB;background:#BBBBBB;padding:0px 3px;} .spoiler:hover, .spoiler:active, .spoiler-shown {color:#000000;background:#E2E2E2;padding:0px 3px;} .spoiler a {color:#BBBBBB;} .spoiler:hover a, .spoiler:active a, .spoiler-shown a {color:#2288CC;} .chat code, .chat .spoiler:hover code, .chat .spoiler:active code, .chat .spoiler-shown code {border:1px solid #C0C0C0;background:#EEEEEE;color:black;padding:0 2px;} .chat .spoiler code {border:1px solid #CCCCCC;background:#CCCCCC;color:#CCCCCC;} .battle-log .rated {padding:3px 4px;} .battle-log .rated strong {color:white;background:#89A;padding:1px 4px;border-radius:4px;} .spacer {margin-top:0.5em;} .message-announce {background:#6688AA;color:white;padding:1px 4px 2px;} .message-announce a, .broadcast-green a, .broadcast-blue a, .broadcast-red a {color:#DDEEFF;} .broadcast-green {background-color:#559955;color:white;padding:2px 4px;} .broadcast-blue {background-color:#6688AA;color:white;padding:2px 4px;} .infobox {border:1px solid #6688AA;padding:2px 4px;} .infobox-limited {max-height:200px;overflow:auto;overflow-x:hidden;} .broadcast-red {background-color:#AA5544;color:white;padding:2px 4px;} .message-learn-canlearn {font-weight:bold;color:#228822;text-decoration:underline;} .message-learn-cannotlearn {font-weight:bold;color:#CC2222;text-decoration:underline;} .message-effect-weak {font-weight:bold;color:#CC2222;} .message-effect-resist {font-weight:bold;color:#6688AA;} .message-effect-immune {font-weight:bold;color:#666666;} .message-learn-list {margin-top:0;margin-bottom:0;} .message-throttle-notice, .message-error {color:#992222;} .message-overflow, .chat small.message-overflow {font-size:0pt;} .message-overflow::before {font-size:9pt;content:'...';} .subtle {color:#3A4A66;}
</style>
<div class="wrapper replay-wrapper" style="max-width:1180px;margin:0 auto">
<input type="hidden" name="replayid" value="destiny-ou-535463" />
<div class="battle"></div><div class="battle-log"></div><div class="replay-controls"></div><div class="replay-controls-2"></div>
<h1 style="font-weight:normal;text-align:center"><strong>OU</strong><br /><a href="http://pokemonshowdown.com/users/zac312" class="subtle" target="_blank">zac312</a> vs. <a href="http://pokemonshowdown.com/users/marcospardo" class="subtle" target="_blank">Marcos Pardo</a></h1>
<script type="text/plain" class="battle-log-data">|player|p1|zac312|2006
|teamsize|p1|6
|player|p2|Marcos Pardo|76
|teamsize|p2|6
|teamsize|p1|6
|teamsize|p2|6
|gametype|singles
|gen|7
|tier|OU
|seed|48900,3352,27,40020
|rule|Cláusula-Mod de Dormir: solo puedes dormir a uno de tus oponentes a la vez.
|rule|Cláusula de Especie: Hasta un Pokémon de cada especie
|rule|Cláusula de Golpe Fulminante: los movimientos fulminantes (OHKO) estan prohibidos
|rule|Cláusula de Veleta: la habilidad Veleta está prohibida
|rule|Cláusula de Movimientos Evasivos: los movimientos de Evasión están prohibidos.
|rule|Cláusula de Batallas Eternas: forzar batallas eternas está prohibido
|clearpoke
|poke|p1|Medicham, F|item
|poke|p1|Greninja, M|item
|poke|p1|Kartana|item
|poke|p1|Latios, M|item
|poke|p1|Charizard, F|item
|poke|p1|Pelipper, M|item
|poke|p2|Machamp, F|item
|poke|p2|Breloom, M, shiny|item
|poke|p2|Medicham, F, shiny|item
|poke|p2|Keldeo|item
|poke|p2|Conkeldurr, M, shiny|item
|poke|p2|Throh, M|item
|teampreview|undefined
|choice|*team 623451|*
|inactive|Reloj de batalla ENCENDIDO. El jugador inactivo será descalificado (solicitado por zac312).
|inactive|Marcos Pardo tiene 285 segundos restantes.
|inactive|Marcos Pardo tiene 270 segundos restantes.
|inactive|Marcos Pardo tiene 255 segundos restantes.
|c|☆zac312|q paso
|c| DraconSer|hola
|inactive|Marcos Pardo tiene 240 segundos restantes.
|choice|*|*team 623451
|choice|team 6, 2, 3, 4, 5, 1|team 6, 2, 3, 4, 5, 1
|
|start
|switch|p1a: Pelipper|Pelipper, M|287\/287
|switch|p2a: Throh|Throh, M|381\/381
|-weather|RainDance|[from] ability: Drizzle|[of] p1a: Pelipper
|-ability|p2a: Throh|Mold Breaker
|turn|1
|inactive|Marcos Pardo tiene 240 segundos restantes.
|choice|*move 1|*
|inactive|Marcos Pardo tiene 240 segundos restantes.
|c|☆Marcos Pardo|No se puede poner time
|inactive|Marcos Pardo tiene 225 segundos restantes.
|inactiveoff|El cronómetro ha sido APAGADO.
|choice|*|*move 3
|choice|move hurricane|move toxic
|
|move|p1a: Pelipper|Hurricane|p2a: Throh
|-supereffective|p2a: Throh
|-damage|p2a: Throh|81\/381
|move|p2a: Throh|Toxic|p1a: Pelipper|[miss]
|-miss|p2a: Throh|p1a: Pelipper
|
|-weather|RainDance|[upkeep]
|-heal|p2a: Throh|104\/381|[from] item: Leftovers
|upkeep
|turn|2
|choice|*move 1|*
|choice|*|*move 1
|choice|move hurricane|move protect
|
|move|p2a: Throh|Protect|p2a: Throh
|-singleturn|p2a: Throh|Protect
|move|p1a: Pelipper|Hurricane|p2a: Throh
|-activate|p2a: Throh|move: Protect
|
|-weather|RainDance|[upkeep]
|-heal|p2a: Throh|127\/381|[from] item: Leftovers
|upkeep
|turn|3
|c| wicho_45|lolaso
|choice|*move 1|*
|choice|*|*move 4
|choice|move hurricane|move poisonjab
|
|move|p1a: Pelipper|Hurricane|p2a: Throh
|-supereffective|p2a: Throh
|-damage|p2a: Throh|0 fnt
|faint|p2a: Throh
|
|-weather|RainDance|[upkeep]
|upkeep
|c| DraconSer|lol
|c| wicho_45|verdad?
|choice|*|*switch 5
|choice||switch 5
|
|switch|p2a: Conkeldurr|Conkeldurr, M, shiny|351\/351
|turn|4
|choice|*|*move 2
|choice|*move 1|*
|choice|move hurricane|move knockoff
|
|move|p1a: Pelipper|Hurricane|p2a: Conkeldurr
|-supereffective|p2a: Conkeldurr
|-damage|p2a: Conkeldurr|0 fnt
|faint|p2a: Conkeldurr
|
|-weather|RainDance|[upkeep]
|upkeep
|choice|*|*switch 6
|choice||switch 6
|
|switch|p2a: Machamp|Machamp, F|321\/321
|turn|5
|c| wicho_45|ya valio
|choice|*|*move 3
|choice|*move 1|*
|choice|move hurricane|move stoneedge
|
|move|p2a: Machamp|Stone Edge|p1a: Pelipper
|-supereffective|p1a: Pelipper
|-crit|p1a: Pelipper
|-damage|p1a: Pelipper|19\/287
|-enditem|p1a: Pelipper|Eject Button
|c| wicho_45|uy
|choice|*switch 6|*
|choice|switch 6|
|
|switch|p1a: Medicham|Medicham, F|267\/267
|
|-weather|none
|upkeep
|turn|6
|choice|*move 4 mega|*
|choice|*|*switch 2
|choice|move fakeout mega|switch 2
|
|switch|p2a: Breloom|Breloom, M, shiny|261\/261
|-mega|p1a: Medicham|Medicham|Medichamite
|detailschange|p1a: Medicham|Medicham-Mega, F
|move|p1a: Medicham|Fake Out|p2a: Breloom
|-damage|p2a: Breloom|173\/261
|
|upkeep
|turn|7
|c| wicho_45|lol
|choice|*|*move 3
|choice|*move 2|*
|choice|*|*move 3
|choice|move zenheadbutt|move spore
|
|move|p2a: Breloom|Spore|p1a: Medicham
|-status|p1a: Medicham|slp
|cant|p1a: Medicham|slp
|
|upkeep
|turn|8
|choice|*|*move 4
|choice|*move 2|*
|choice|move zenheadbutt|move bulletseed
|
|move|p2a: Breloom|Bullet Seed|p1a: Medicham
|-damage|p1a: Medicham|209\/267 slp
|-damage|p1a: Medicham|152\/267 slp
|-hitcount|p1a: Medicham|2
|cant|p1a: Medicham|slp
|
|upkeep
|turn|9
|c| wicho_45|ya cayo
|choice|*|*move 4
|choice|*move 2|*
|choice|move zenheadbutt|move bulletseed
|
|move|p2a: Breloom|Bullet Seed|p1a: Medicham
|-damage|p1a: Medicham|98\/267 slp
|-damage|p1a: Medicham|40\/267 slp
|-damage|p1a: Medicham|0 fnt
|-hitcount|p1a: Medicham|3
|faint|p1a: Medicham
|
|upkeep
|choice|*switch 5|*
|choice|switch 5|
|
|switch|p1a: Charizard|Charizard, F|319\/319
|turn|10
|choice|*move 1|*
|choice|*|*switch 2
|choice|move fireblast|switch 2
|
|switch|p2a: Machamp|Machamp, F|321\/321
|move|p1a: Charizard|Fire Blast|p2a: Machamp
|-damage|p2a: Machamp|198\/321
|
|upkeep
|turn|11
|choice|*|*move 3
|choice|*move 4|*
|choice|move aerialace|move stoneedge
|
|move|p1a: Charizard|Aerial Ace|p2a: Machamp
|-supereffective|p2a: Machamp
|-damage|p2a: Machamp|36\/321
|move|p2a: Machamp|Stone Edge|p1a: Charizard
|-supereffective|p1a: Charizard
|-damage|p1a: Charizard|0 fnt
|faint|p1a: Charizard
|
|upkeep
|choice|*switch 3|*
|choice|switch 3|
|
|switch|p1a: Kartana|Kartana|270\/270
|turn|12
|c| wicho_45|uy
|choice|*move 1|*
|choice|*|*move 1
|choice|move swordsdance|move dynamicpunch
|
|move|p1a: Kartana|Swords Dance|p1a: Kartana
|-boost|p1a: Kartana|atk|2
|move|p2a: Machamp|Dynamic Punch|p1a: Kartana
|-supereffective|p1a: Kartana
|-damage|p1a: Kartana|46\/270
|-start|p1a: Kartana|confusion
|
|upkeep
|turn|13
|c| wicho_45|mi poke fagorito
|choice|*|*move 1
|choice|*move 2|*
|choice|move sacredsword|move dynamicpunch
|
|-activate|p1a: Kartana|confusion
|-damage|p1a: Kartana|0 fnt|[from] confusion
|faint|p1a: Kartana
|move|p2a: Machamp|Dynamic Punch|p1: Kartana|[notarget]
|-notarget
|
|upkeep
|choice|*switch 4|*
|choice|switch 4|
|
|switch|p1a: Latios|Latios, M|310\/310
|turn|14
|c| wicho_45|XD
|choice|*move 2|*
|c| Araquanid15|que cagada, solo con matarlo obtenía 1.5 más de ataque
|c| wicho_45|si
|choice|*|*move 2
|choice|move psychic|move bulletpunch
|
|move|p2a: Machamp|Bullet Punch|p1a: Latios
|-damage|p1a: Latios|262\/310
|move|p1a: Latios|Psychic|p2a: Machamp
|-supereffective|p2a: Machamp
|-damage|p2a: Machamp|0 fnt
|faint|p2a: Machamp
|
|upkeep
|c| wicho_45|cosa que lo ponia en mas peligro
|choice|*|*switch 3
|choice||switch 3
|
|switch|p2a: Medicham|Medicham, F, shiny|261\/261
|turn|15
|choice|*move 1|*
|choice|*|*move 3 mega
|choice|move shadowball|move icepunch mega
|
|-mega|p2a: Medicham|Medicham|Medichamite
|detailschange|p2a: Medicham|Medicham-Mega, F, shiny
|move|p2a: Medicham|Ice Punch|p1a: Latios
|-supereffective|p1a: Latios
|-damage|p1a: Latios|12\/310
|move|p1a: Latios|Shadow Ball|p2a: Medicham
|-supereffective|p2a: Medicham
|-damage|p2a: Medicham|61\/261
|
|upkeep
|turn|16
|c| wicho_45|loooool
|c| DraconSer|ostia
|choice|*|*move 3
|c| DraconSer|este va pa los mejores
|choice|*move 1|*
|choice|move shadowball|move icepunch
|
|move|p2a: Medicham|Ice Punch|p1a: Latios
|-supereffective|p1a: Latios
|-damage|p1a: Latios|0 fnt
|faint|p1a: Latios
|
|upkeep
|c| wicho_45|si verdad?
|c| wicho_45|efectivo dracon
|c| DraconSer|sip
|choice|*switch 6|*
|choice|switch 6|
|
|switch|p1a: Pelipper|Pelipper, M|19\/287
|-weather|RainDance|[from] ability: Drizzle|[of] p1a: Pelipper
|turn|17
|choice|*move 1|*
|choice|*|*move 2
|choice|move hurricane|move zenheadbutt
|
|move|p2a: Medicham|Zen Headbutt|p1a: Pelipper
|-damage|p1a: Pelipper|0 fnt
|faint|p1a: Pelipper
|
|-weather|RainDance|[upkeep]
|upkeep
|choice|*switch 2|*
|choice|switch 2|
|
|switch|p1a: Greninja|Greninja, M|291\/291
|turn|18
|choice|*move 2|*
|choice|*|*move 1
|choice|move acrobatics|move highjumpkick
|
|move|p2a: Medicham|High Jump Kick|p1a: Greninja
|-supereffective|p1a: Greninja
|-damage|p1a: Greninja|0 fnt
|faint|p1a: Greninja
|
|win|Marcos Pardo
|c| DraconSer|ufff
|c| DraconSer|PA LOS MEJORES VA ESTE COMBATE
</script>
</div>
<div class="battle-log battle-log-inline"><div class="inner"><div class="battle-options"></div><div class="inner"><div class=""><small>Format:</small> <br><strong>OU</strong></div><div class=""><small><em>Cláusula-Mod de Dormir:</em> solo puedes dormir a uno de tus oponentes a la vez.</small></div><div class=""><small><em>Cláusula de Especie:</em> Hasta un Pokémon de cada especie</small></div><div class=""><small><em>Cláusula de Golpe Fulminante:</em> los movimientos fulminantes (OHKO) estan prohibidos</small></div><div class=""><small><em>Cláusula de Veleta:</em> la habilidad Veleta está prohibida</small></div><div class=""><small><em>Cláusula de Movimientos Evasivos:</em> los movimientos de Evasión están prohibidos.</small></div><div class=""><small><em>Cláusula de Batallas Eternas:</em> forzar batallas eternas está prohibido</small></div><div class="chat battle-history"><strong>zac312's team:</strong> <em style="color:#445566;display:block;">Medicham / Greninja / Kartana / Latios / Charizard / Pelipper</em></div><div class="chat battle-history"><strong>Marcos Pardo's team:</strong> <em style="color:#445566;display:block;">Machamp / Breloom / Medicham / Keldeo / Conkeldurr / Throh</em></div><div class="chat message-error">Reloj de batalla ENCENDIDO. El jugador inactivo será descalificado (solicitado por zac312).</div><div class="chat message-error">Marcos Pardo tiene 285 segundos restantes.</div><div class="chat message-error">Marcos Pardo tiene 270 segundos restantes.</div><div class="chat message-error">Marcos Pardo tiene 255 segundos restantes.</div><div class="chat chatmessage-zac312"><strong style="color:hsl(88,56%,35%)"><small>☆</small><span class="username" data-name="zac312">zac312</span>:</strong> <em>q paso</em></div><div class="chat chatmessage-draconser"><strong style="color:hsl(100,46%,42%)"><small> </small><span class="username" data-name="DraconSer">DraconSer</span>:</strong> <em>hola</em></div><div class="chat message-error">Marcos Pardo tiene 240 segundos restantes.</div><div class="spacer battle-history"><br></div><div class="battle-history">Battle started between zac312 and Marcos Pardo!<br></div><div class="spacer battle-history"><br></div><div class="battle-history">Go! <strong>Pelipper</strong>!<br></div><div class="spacer battle-history"><br></div><div class="battle-history">Marcos Pardo sent out <strong>Throh</strong>!<br></div><div class="battle-history"><small>[Pelipper's Drizzle]</small><br><small>It started to rain!</small><br></div><div class="battle-history"><small>[The opposing Throh's Mold Breaker]</small><br><small>The opposing Throh breaks the mold!</small><br></div><div class="spacer battle-history"><br></div><h2 class="battle-history">Turn 1</h2><div class="chat message-error">Marcos Pardo tiene 240 segundos restantes.</div><div class="chat message-error">Marcos Pardo tiene 240 segundos restantes.</div><div class="chat chatmessage-marcospardo"><strong style="color:hsl(238,63%,61.744183916365955%)"><small>☆</small><span class="username" data-name="Marcos Pardo">Marcos Pardo</span>:</strong> <em>No se puede poner time</em></div><div class="chat message-error">Marcos Pardo tiene 225 segundos restantes.</div><div class="chat message-error">El cronómetro ha sido APAGADO.</div><div class="spacer battle-history"><br></div><div class="battle-history">Pelipper used <strong>Hurricane</strong>!<br></div><div class="battle-history"><small>It's super effective!</small><br></div><div class="battle-history"><small>(The opposing Throh lost <abbr title="−300/381">78.7%</abbr> of its health!)</small><br></div><div class="spacer battle-history"><br></div><div class="battle-history">The opposing Throh used <strong>Toxic</strong>!<br></div><div class="battle-history"><small>Pelipper avoided the attack!</small><br></div><div class="spacer battle-history"><br></div><div class="battle-history"><small>(Rain continues to fall!)</small><br></div><div class="battle-history"><small>The opposing Throh restored a little HP using its Leftovers!</small><br></div><div class="spacer battle-history"><br></div><h2 class="battle-history">Turn 2</h2><div class="spacer battle-history"><br></div><div class="battle-history">The opposing Throh used <strong>Protect</strong>!<br></div><div class="battle-history"><small>The opposing Throh protected itself!</small><br></div><div class="spacer battle-history"><br></div><div class="battle-history">Pelipper used <strong>Hurricane</strong>!<br></div><div class="battle-history"><small>The opposing Throh protected itself!</small><br></div><div class="spacer battle-history"><br></div><div class="battle-history"><small>(Rain continues to fall!)</small><br></div><div class="battle-history"><small>The opposing Throh restored a little HP using its Leftovers!</small><br></div><div class="spacer battle-history"><br></div><h2 class="battle-history">Turn 3</h2><div class="chat chatmessage-wicho45"><strong style="color:hsl(260,85%,56.36930134107779%)"><small> </small><span class="username" data-name="wicho_45">wicho_45</span>:</strong> <em>lolaso</em></div><div class="spacer battle-history"><br></div><div class="battle-history">Pelipper used <strong>Hurricane</strong>!<br></div><div class="battle-history"><small>It's super effective!</small><br></div><div class="battle-history"><small>(The opposing Throh lost <abbr title="−127/381">33.3%</abbr> of its health!)</small><br></div><div class="spacer battle-history"><br></div><div class="battle-history">The opposing Throh fainted!<br></div><div class="spacer battle-history"><br></div><div class="battle-history"><small>(Rain continues to fall!)</small><br></div><div class="chat chatmessage-draconser"><strong style="color:hsl(100,46%,42%)"><small> </small><span class="username" data-name="DraconSer">DraconSer</span>:</strong> <em>lol</em></div><div class="chat chatmessage-wicho45"><strong style="color:hsl(260,85%,56.36930134107779%)"><small> </small><span class="username" data-name="wicho_45">wicho_45</span>:</strong> <em>verdad?</em></div><div class="spacer battle-history"><br></div><div class="battle-history">Marcos Pardo sent out <strong>Conkeldurr</strong>!<br></div><div class="spacer battle-history"><br></div><h2 class="battle-history">Turn 4</h2><div class="spacer battle-history"><br></div><div class="battle-history">Pelipper used <strong>Hurricane</strong>!<br></div><div class="battle-history"><small>It's super effective!</small><br></div><div class="battle-history"><small>(The opposing Conkeldurr lost <abbr title="−351/351">100%</abbr> of its health!)</small><br></div><div class="spacer battle-history"><br></div><div class="battle-history">The opposing Conkeldurr fainted!<br></div><div class="spacer battle-history"><br></div><div class="battle-history"><small>(Rain continues to fall!)</small><br></div><div class="spacer battle-history"><br></div><div class="battle-history">Marcos Pardo sent out <strong>Machamp</strong>!<br></div><div class="spacer battle-history"><br></div><h2 class="battle-history">Turn 5</h2><div class="chat chatmessage-wicho45"><strong style="color:hsl(260,85%,56.36930134107779%)"><small> </small><span class="username" data-name="wicho_45">wicho_45</span>:</strong> <em>ya valio</em></div><div class="spacer battle-history"><br></div><div class="battle-history">The opposing Machamp used <strong>Stone Edge</strong>!<br></div><div class="battle-history"><small>It's super effective!</small><br></div><div class="battle-history"><small>A critical hit!</small><br></div><div class="battle-history"><small>(Pelipper lost <abbr title="−268/287">93.4%</abbr> of its health!)</small><br></div><div class="battle-history"><small>Pelipper is switched out with the Eject Button!</small><br></div><div class="chat chatmessage-wicho45"><strong style="color:hsl(260,85%,56.36930134107779%)"><small> </small><span class="username" data-name="wicho_45">wicho_45</span>:</strong> <em>uy</em></div><div class="spacer battle-history"><br></div><div class="battle-history">Pelipper, come back!<br></div><div class="battle-history">Go! <strong>Medicham</strong>!<br></div><div class="spacer battle-history"><br></div><div class="battle-history"><small>The rain stopped.</small><br></div><div class="spacer battle-history"><br></div><h2 class="battle-history">Turn 6</h2><div class="spacer battle-history"><br></div><div class="battle-history">Marcos Pardo withdrew Machamp!<br></div><div class="battle-history">Marcos Pardo sent out <strong>Breloom</strong>!<br></div><div class="spacer battle-history"><br></div><div class="battle-history"><small>Medicham's Medichamite is reacting to the Key Stone!</small><br>Medicham has Mega Evolved into Mega Medicham!<br></div><div class="spacer battle-history"><br></div><div class="battle-history">Medicham used <strong>Fake Out</strong>!<br></div><div class="battle-history"><small>(The opposing Breloom lost <abbr title="−88/261">33.7%</abbr> of its health!)</small><br></div><div class="spacer battle-history"><br></div><h2 class="battle-history">Turn 7</h2><div class="chat chatmessage-wicho45"><strong style="color:hsl(260,85%,56.36930134107779%)"><small> </small><span class="username" data-name="wicho_45">wicho_45</span>:</strong> <em>lol</em></div><div class="spacer battle-history"><br></div><div class="battle-history">The opposing Breloom used <strong>Spore</strong>!<br></div><div class="battle-history"><small>Medicham fell asleep!</small><br></div><div class="spacer battle-history"><br></div><div class="battle-history">Medicham is fast asleep.<br></div><div class="spacer battle-history"><br></div><h2 class="battle-history">Turn 8</h2><div class="spacer battle-history"><br></div><div class="battle-history">The opposing Breloom used <strong>Bullet Seed</strong>!<br></div><div class="battle-history"><small>(Medicham lost <abbr title="−58/267">21.7%</abbr> of its health!)</small><br></div><div class="battle-history"><small>(Medicham lost <abbr title="−57/267">21.3%</abbr> of its health!)</small><br></div><div class="battle-history"><small>Hit 2 times!</small><br></div><div class="spacer battle-history"><br></div><div class="battle-history">Medicham is fast asleep.<br></div><div class="spacer battle-history"><br></div><h2 class="battle-history">Turn 9</h2><div class="chat chatmessage-wicho45"><strong style="color:hsl(260,85%,56.36930134107779%)"><small> </small><span class="username" data-name="wicho_45">wicho_45</span>:</strong> <em>ya cayo</em></div><div class="spacer battle-history"><br></div><div class="battle-history">The opposing Breloom used <strong>Bullet Seed</strong>!<br></div><div class="battle-history"><small>(Medicham lost <abbr title="−54/267">20.2%</abbr> of its health!)</small><br></div><div class="battle-history"><small>(Medicham lost <abbr title="−58/267">21.7%</abbr> of its health!)</small><br></div><div class="battle-history"><small>(Medicham lost <abbr title="−40/267">15.0%</abbr> of its health!)</small><br></div><div class="battle-history"><small>Hit 3 times!</small><br></div><div class="spacer battle-history"><br></div><div class="battle-history">Medicham fainted!<br></div><div class="spacer battle-history"><br></div><div class="battle-history">Go! <strong>Charizard</strong>!<br></div><div class="spacer battle-history"><br></div><h2 class="battle-history">Turn 10</h2><div class="spacer battle-history"><br></div><div class="battle-history">Marcos Pardo withdrew Breloom!<br></div><div class="battle-history">Marcos Pardo sent out <strong>Machamp</strong>!<br></div><div class="spacer battle-history"><br></div><div class="battle-history">Charizard used <strong>Fire Blast</strong>!<br></div><div class="battle-history"><small>(The opposing Machamp lost <abbr title="−123/321">38.3%</abbr> of its health!)</small><br></div><div class="spacer battle-history"><br></div><h2 class="battle-history">Turn 11</h2><div class="spacer battle-history"><br></div><div class="battle-history">Charizard used <strong>Aerial Ace</strong>!<br></div><div class="battle-history"><small>It's super effective!</small><br></div><div class="battle-history"><small>(The opposing Machamp lost <abbr title="−162/321">50.5%</abbr> of its health!)</small><br></div><div class="spacer battle-history"><br></div><div class="battle-history">The opposing Machamp used <strong>Stone Edge</strong>!<br></div><div class="battle-history"><small>It's super effective!</small><br></div><div class="battle-history"><small>(Charizard lost <abbr title="−319/319">100%</abbr> of its health!)</small><br></div><div class="spacer battle-history"><br></div><div class="battle-history">Charizard fainted!<br></div><div class="spacer battle-history"><br></div><div class="battle-history">Go! <strong>Kartana</strong>!<br></div><div class="spacer battle-history"><br></div><h2 class="battle-history">Turn 12</h2><div class="chat chatmessage-wicho45"><strong style="color:hsl(260,85%,56.36930134107779%)"><small> </small><span class="username" data-name="wicho_45">wicho_45</span>:</strong> <em>uy</em></div><div class="spacer battle-history"><br></div><div class="battle-history">Kartana used <strong>Swords Dance</strong>!<br></div><div class="battle-history"><small>Kartana's Attack rose sharply!</small><br></div><div class="spacer battle-history"><br></div><div class="battle-history">The opposing Machamp used <strong>Dynamic Punch</strong>!<br></div><div class="battle-history"><small>It's super effective!</small><br></div><div class="battle-history"><small>(Kartana lost <abbr title="−224/270">83.0%</abbr> of its health!)</small><br></div><div class="battle-history"><small>Kartana became confused!</small><br></div><div class="spacer battle-history"><br></div><h2 class="battle-history">Turn 13</h2><div class="chat chatmessage-wicho45"><strong style="color:hsl(260,85%,56.36930134107779%)"><small> </small><span class="username" data-name="wicho_45">wicho_45</span>:</strong> <em>mi poke fagorito</em></div><div class="spacer battle-history"><br></div><div class="battle-history"><small>Kartana is confused!</small><br></div><div class="battle-history">It hurt itself in its confusion!<br></div><div class="spacer battle-history"><br></div><div class="battle-history">Kartana fainted!<br></div><div class="battle-history">The opposing Machamp used <strong>Dynamic Punch</strong>!<br></div><div class="battle-history"><small>But there was no target...</small><br></div><div class="spacer battle-history"><br></div><div class="battle-history">Go! <strong>Latios</strong>!<br></div><div class="spacer battle-history"><br></div><h2 class="battle-history">Turn 14</h2><div class="chat chatmessage-wicho45"><strong style="color:hsl(260,85%,56.36930134107779%)"><small> </small><span class="username" data-name="wicho_45">wicho_45</span>:</strong> <em>XD</em></div><div class="chat chatmessage-araquanid15"><strong style="color:hsl(357,78%,42%)"><small> </small><span class="username" data-name="Araquanid15">Araquanid15</span>:</strong> <em>que cagada, solo con matarlo obtenía 1.5 más de ataque</em></div><div class="chat chatmessage-wicho45"><strong style="color:hsl(260,85%,56.36930134107779%)"><small> </small><span class="username" data-name="wicho_45">wicho_45</span>:</strong> <em>si</em></div><div class="spacer battle-history"><br></div><div class="battle-history">The opposing Machamp used <strong>Bullet Punch</strong>!<br></div><div class="battle-history"><small>(Latios lost <abbr title="−48/310">15.5%</abbr> of its health!)</small><br></div><div class="spacer battle-history"><br></div><div class="battle-history">Latios used <strong>Psychic</strong>!<br></div><div class="battle-history"><small>It's super effective!</small><br></div><div class="battle-history"><small>(The opposing Machamp lost <abbr title="−36/321">11.2%</abbr> of its health!)</small><br></div><div class="spacer battle-history"><br></div><div class="battle-history">The opposing Machamp fainted!<br></div><div class="chat chatmessage-wicho45"><strong style="color:hsl(260,85%,56.36930134107779%)"><small> </small><span class="username" data-name="wicho_45">wicho_45</span>:</strong> <em>cosa que lo ponia en mas peligro</em></div><div class="spacer battle-history"><br></div><div class="battle-history">Marcos Pardo sent out <strong>Medicham</strong>!<br></div><div class="spacer battle-history"><br></div><h2 class="battle-history">Turn 15</h2><div class="spacer battle-history"><br></div><div class="battle-history"><small>The opposing Medicham's Medichamite is reacting to the Key Stone!</small><br>The opposing Medicham has Mega Evolved into Mega Medicham!<br></div><div class="spacer battle-history"><br></div><div class="battle-history">The opposing Medicham used <strong>Ice Punch</strong>!<br></div><div class="battle-history"><small>It's super effective!</small><br></div><div class="battle-history"><small>(Latios lost <abbr title="−250/310">80.6%</abbr> of its health!)</small><br></div><div class="spacer battle-history"><br></div><div class="battle-history">Latios used <strong>Shadow Ball</strong>!<br></div><div class="battle-history"><small>It's super effective!</small><br></div><div class="battle-history"><small>(The opposing Medicham lost <abbr title="−200/261">76.6%</abbr> of its health!)</small><br></div><div class="spacer battle-history"><br></div><h2 class="battle-history">Turn 16</h2><div class="chat chatmessage-wicho45"><strong style="color:hsl(260,85%,56.36930134107779%)"><small> </small><span class="username" data-name="wicho_45">wicho_45</span>:</strong> <em>loooool</em></div><div class="chat chatmessage-draconser"><strong style="color:hsl(100,46%,42%)"><small> </small><span class="username" data-name="DraconSer">DraconSer</span>:</strong> <em>ostia</em></div><div class="chat chatmessage-draconser"><strong style="color:hsl(100,46%,42%)"><small> </small><span class="username" data-name="DraconSer">DraconSer</span>:</strong> <em>este va pa los mejores</em></div><div class="spacer battle-history"><br></div><div class="battle-history">The opposing Medicham used <strong>Ice Punch</strong>!<br></div><div class="battle-history"><small>It's super effective!</small><br></div><div class="battle-history"><small>(Latios lost <abbr title="−12/310">3.9%</abbr> of its health!)</small><br></div><div class="spacer battle-history"><br></div><div class="battle-history">Latios fainted!<br></div><div class="chat chatmessage-wicho45"><strong style="color:hsl(260,85%,56.36930134107779%)"><small> </small><span class="username" data-name="wicho_45">wicho_45</span>:</strong> <em>si verdad?</em></div><div class="chat chatmessage-wicho45"><strong style="color:hsl(260,85%,56.36930134107779%)"><small> </small><span class="username" data-name="wicho_45">wicho_45</span>:</strong> <em>efectivo dracon</em></div><div class="chat chatmessage-draconser"><strong style="color:hsl(100,46%,42%)"><small> </small><span class="username" data-name="DraconSer">DraconSer</span>:</strong> <em>sip</em></div><div class="spacer battle-history"><br></div><div class="battle-history">Go! <strong>Pelipper</strong>!<br></div><div class="battle-history"><small>[Pelipper's Drizzle]</small><br><small>It started to rain!</small><br></div><div class="spacer battle-history"><br></div><h2 class="battle-history">Turn 17</h2><div class="spacer battle-history"><br></div><div class="battle-history">The opposing Medicham used <strong>Zen Headbutt</strong>!<br></div><div class="battle-history"><small>(Pelipper lost <abbr title="−19/287">6.6%</abbr> of its health!)</small><br></div><div class="spacer battle-history"><br></div><div class="battle-history">Pelipper fainted!<br></div><div class="spacer battle-history"><br></div><div class="battle-history"><small>(Rain continues to fall!)</small><br></div><div class="spacer battle-history"><br></div><div class="battle-history">Go! <strong>Greninja</strong>!<br></div><div class="spacer battle-history"><br></div><h2 class="battle-history">Turn 18</h2><div class="spacer battle-history"><br></div><div class="battle-history">The opposing Medicham used <strong>High Jump Kick</strong>!<br></div><div class="battle-history"><small>It's super effective!</small><br></div><div class="battle-history"><small>(Greninja lost <abbr title="−291/291">100%</abbr> of its health!)</small><br></div><div class="spacer battle-history"><br></div><div class="battle-history">Greninja fainted!<br></div><div class="spacer battle-history"><br></div><div class="battle-history"><strong>Marcos Pardo</strong> won the battle!<br></div><div class="chat chatmessage-draconser"><strong style="color:hsl(100,46%,42%)"><small> </small><span class="username" data-name="DraconSer">DraconSer</span>:</strong> <em>ufff</em></div><div class="chat chatmessage-draconser"><strong style="color:hsl(100,46%,42%)"><small> </small><span class="username" data-name="DraconSer">DraconSer</span>:</strong> <em>PA LOS MEJORES VA ESTE COMBATE</em></div></div><div class="inner-preempt"></div></div></div>
</div>
<script>
let daily = Math.floor(Date.now()/1000/60/60/24);document.write('<script src="https://play.pokemonshowdown.com/js/replay-embed.js?version'+daily+'"></'+'script>');
</script>
