<!DOCTYPE html>
<meta charset="utf-8" />
<!-- version 1 -->
<title>OU replay: red arevalo vs. D1Chris LR</title>
<style>
html,body {font-family:Verdana, sans-serif;font-size:10pt;margin:0;padding:0;}body{padding:12px 0;} .battle-log {font-family:Verdana, sans-serif;font-size:10pt;} .battle-log-inline {border:1px solid #AAAAAA;background:#EEF2F5;color:black;max-width:640px;margin:0 auto 80px;padding-bottom:5px;} .battle-log .inner {padding:4px 8px 0px 8px;} .battle-log .inner-preempt {padding:0 8px 4px 8px;} .battle-log .inner-after {margin-top:0.5em;} .battle-log h2 {margin:0.5em -8px;padding:4px 8px;border:1px solid #AAAAAA;background:#E0E7EA;border-left:0;border-right:0;font-family:Verdana, sans-serif;font-size:13pt;} .battle-log .chat {vertical-align:middle;padding:3px 0 3px 0;font-size:8pt;} .battle-log .chat strong {color:#40576A;} .battle-log .chat em {padding:1px 4px 1px 3px;color:#000000;font-style:normal;} .chat.mine {background:rgba(0,0,0,0.05);margin-left:-8px;margin-right:-8px;padding-left:8px;padding-right:8px;} .spoiler {color:#BBBBBB;background:#BBBBBB;padding:0px 3px;} .spoiler:hover, .spoiler:active, .spoiler-shown {color:#000000;background:#E2E2E2;padding:0px 3px;} .spoiler a {color:#BBBBBB;} .spoiler:hover a, .spoiler:active a, .spoiler-shown a {color:#2288CC;} .chat code, .chat .spoiler:hover code, .chat .spoiler:active code, .chat .spoiler-shown code {border:1px solid #C0C0C0;background:#EEEEEE;color:black;padding:0 2px;} .chat .spoiler code {border:1px solid #CCCCCC;background:#CCCCCC;color:#CCCCCC;} .battle-log .rated {padding:3px 4px;} .battle-log .rated strong {color:white;background:#89A;padding:1px 4px;border-radius:4px;} .spacer {margin-top:0.5em;} .message-announce {background:#6688AA;color:white;padding:1px 4px 2px;} .message-announce a, .broadcast-green a, .broadcast-blue a, .broadcast-red a {color:#DDEEFF;} .broadcast-green {background-color:#559955;color:white;padding:2px 4px;} .broadcast-blue {background-color:#6688AA;color:white;padding:2px 4px;} .infobox {border:1px solid #6688AA;padding:2px 4px;} .infobox-limited {max-height:200px;overflow:auto;overflow-x:hidden;} .broadcast-red {background-color:#AA5544;color:white;padding:2px 4px;} .message-learn-canlearn {font-weight:bold;color:#228822;text-decoration:underline;} .message-learn-cannotlearn {font-weight:bold;color:#CC2222;text-decoration:underline;} .message-effect-weak {font-weight:bold;color:#CC2222;} .message-effect-resist {font-weight:bold;color:#6688AA;} .message-effect-immune {font-weight:bold;color:#666666;} .message-learn-list {margin-top:0;margin-bottom:0;} .message-throttle-notice, .message-error {color:#992222;} .message-overflow, .chat small.message-overflow {font-size:0pt;} .message-overflow::before {font-size:9pt;content:'...';} .subtle {color:#3A4A66;}
</style>
<div class="wrapper replay-wrapper" style="max-width:1180px;margin:0 auto">
<input type="hidden" name="replayid" value="destiny-ou-492724" />
<div class="battle"></div><div class="battle-log"></div><div class="replay-controls"></div><div class="replay-controls-2"></div>
<h1 style="font-weight:normal;text-align:center"><strong>OU</strong><br /><a href="http://pokemonshowdown.com/users/redarevalo" class="subtle" target="_blank">red arevalo</a> vs. <a href="http://pokemonshowdown.com/users/d1chrislr" class="subtle" target="_blank">D1Chris LR</a></h1>
<script type="text/plain" class="battle-log-data">|player|p1|red arevalo|redarevalo-2.gif?e8f789ab
|teamsize|p1|6
|player|p2|D1Chris LR|2095
|teamsize|p2|6
|teamsize|p1|6
|teamsize|p2|6
|gametype|singles
|gen|7
|tier|OU
|rated
|seed|59368,47751,19124,42712
|rule|Cláusula-Mod de Dormir: solo puedes dormir a uno de tus oponentes a la vez.
|rule|Cláusula de Especie: Hasta un Pokémon de cada especie
|rule|Cláusula de Golpe Fulminante: los movimientos fulminantes (OHKO) estan prohibidos
|rule|Cláusula de Veleta: la habilidad Veleta está prohibida
|rule|Cláusula de Movimientos Evasivos: los movimientos de Evasión están prohibidos.
|rule|Cláusula de Batallas Eternas: forzar batallas eternas está prohibido
|clearpoke
|poke|p1|Nidoking, M|item
|poke|p1|Greninja, M|item
|poke|p1|Scizor, M|item
|poke|p1|Thundurus, M|item
|poke|p1|Victini|item
|poke|p1|Tapu Bulu|item
|poke|p2|Medicham, M|item
|poke|p2|Zapdos|item
|poke|p2|Heatran, M|item
|poke|p2|Ditto|item
|poke|p2|Tapu Bulu|item
|poke|p2|Greninja, M|item
|teampreview|undefined
|choice|*team 423156|*
|choice|*|*team 423156
|choice|team 4, 2, 3, 1, 5, 6|team 4, 2, 3, 1, 5, 6
|
|start
|switch|p1a: Thundurus|Thundurus, M|299\/299
|switch|p2a: Ditto|Ditto|300\/300
|-transform|p2a: Ditto|p1a: Thundurus|[from] ability: Imposter
|turn|1
|choice|*|*move 1
|choice|*move 2|*
|choice|move knockoff|move voltswitch
|
|move|p2a: Ditto|Volt Switch|p1a: Thundurus
|-damage|p1a: Thundurus|148\/299
|choice|*|*switch 5
|choice||switch 5
|
|switch|p2a: Tapu Bulu|Tapu Bulu|343\/343|[from]move: Volt Switch
|-fieldstart|move: Grassy Terrain|[from] ability: Grassy Surge|[of] p2a: Tapu Bulu
|move|p1a: Thundurus|Knock Off|p2a: Tapu Bulu
|-resisted|p2a: Tapu Bulu
|-crit|p2a: Tapu Bulu
|-damage|p2a: Tapu Bulu|296\/343
|-enditem|p2a: Tapu Bulu|Assault Vest|[from] move: Knock Off|[of] p1a: Thundurus
|
|-heal|p2a: Tapu Bulu|317\/343|[from] Grassy Terrain
|upkeep
|turn|2
|choice|*|*move 4
|choice|*move 1|*
|choice|move voltswitch|move stoneedge
|
|move|p1a: Thundurus|Volt Switch|p2a: Tapu Bulu
|-resisted|p2a: Tapu Bulu
|-damage|p2a: Tapu Bulu|255\/343
|choice|*switch 3|*
|choice|switch 3|
|
|switch|p1a: Scizor|Scizor, M|344\/344|[from]move: Volt Switch
|move|p2a: Tapu Bulu|Stone Edge|p1a: Scizor
|-crit|p1a: Scizor
|-damage|p1a: Scizor|236\/344
|
|-heal|p2a: Tapu Bulu|276\/343|[from] Grassy Terrain
|-heal|p1a: Scizor|257\/344|[from] Grassy Terrain
|upkeep
|turn|3
|choice|*move 2 mega|*
|choice|*|*switch 3
|choice|move uturn mega|switch 3
|
|switch|p2a: Heatran|Heatran, M|325\/325
|-mega|p1a: Scizor|Scizor|Scizorite
|detailschange|p1a: Scizor|Scizor-Mega, M
|move|p1a: Scizor|U-turn|p2a: Heatran
|-resisted|p2a: Heatran
|-damage|p2a: Heatran|300\/325
|choice|*switch 4|*
|choice|switch 4|
|
|switch|p1a: Nidoking|Nidoking, M|303\/303|[from]move: U-turn
|
|-heal|p2a: Heatran|320\/325|[from] Grassy Terrain
|upkeep
|turn|4
|choice|*|*move 3 zmove
|choice|*move 4|*
|choice|move stealthrock|move flashcannon zmove
|
|move|p1a: Nidoking|Stealth Rock|p2a: Heatran
|-sidestart|p2: D1Chris LR|move: Stealth Rock
|-zpower|p2a: Heatran
|move|p2a: Heatran|Corkscrew Crash|p1a: Nidoking|[zeffect]
|-enditem|p1a: Nidoking|Focus Sash
|-damage|p1a: Nidoking|1\/303
|
|-heal|p1a: Nidoking|19\/303|[from] Grassy Terrain
|-heal|p2a: Heatran|325\/325|[from] Grassy Terrain
|upkeep
|turn|5
|choice|*move 1|*
|choice|*|*switch 6
|choice|move earthpower|switch 6
|
|switch|p2a: Greninja|Greninja, M|285\/285
|-damage|p2a: Greninja|250\/285|[from] Stealth Rock
|move|p1a: Nidoking|Earth Power|p2a: Greninja
|-damage|p2a: Greninja|40\/285
|
|-heal|p2a: Greninja|57\/285|[from] Grassy Terrain
|-heal|p1a: Nidoking|37\/303|[from] Grassy Terrain
|-fieldend|move: Grassy Terrain
|upkeep
|turn|6
|choice|*|*move 3
|choice|*move 1|*
|choice|move earthpower|move darkpulse
|
|move|p2a: Greninja|Dark Pulse|p1a: Nidoking
|-damage|p1a: Nidoking|0 fnt
|-damage|p2a: Greninja|29\/285|[from] item: Life Orb
|faint|p1a: Nidoking
|-activate|p2a: Greninja|ability: Battle Bond
|detailschange|p2a: Greninja|Greninja-Ash, M
|
|upkeep
|choice|*switch 2|*
|choice|switch 2|
|
|switch|p1a: Greninja|Greninja, M|285\/285
|turn|7
|choice|*move 3|*
|choice|*|*switch 3
|choice|move watershuriken|switch 3
|
|switch|p2a: Tapu Bulu|Tapu Bulu|276\/343
|-damage|p2a: Tapu Bulu|234\/343|[from] Stealth Rock
|-fieldstart|move: Grassy Terrain|[from] ability: Grassy Surge|[of] p2a: Tapu Bulu
|move|p1a: Greninja|Water Shuriken|p2a: Tapu Bulu
|-resisted|p2a: Tapu Bulu
|-damage|p2a: Tapu Bulu|217\/343
|-resisted|p2a: Tapu Bulu
|-damage|p2a: Tapu Bulu|198\/343
|-resisted|p2a: Tapu Bulu
|-damage|p2a: Tapu Bulu|180\/343
|-hitcount|p2a: Tapu Bulu|3
|
|-heal|p2a: Tapu Bulu|201\/343|[from] Grassy Terrain
|upkeep
|turn|8
|choice|*|*switch 2
|choice|*switch 4|*
|choice|switch 4|switch 2
|
|switch|p1a: Scizor|Scizor-Mega, M|257\/344
|switch|p2a: Zapdos|Zapdos|383\/383
|-damage|p2a: Zapdos|288\/383|[from] Stealth Rock
|
|-heal|p1a: Scizor|278\/344|[from] Grassy Terrain
|upkeep
|turn|9
|choice|*|*move 4
|choice|*switch 3|*
|choice|switch 3|move defog
|
|switch|p1a: Thundurus|Thundurus, M|148\/299
|move|p2a: Zapdos|Defog|p1a: Thundurus
|-unboost|p1a: Thundurus|evasion|1
|-ability|p1a: Thundurus|Defiant|boost
|-boost|p1a: Thundurus|atk|2
|-sideend|p2: D1Chris LR|Stealth Rock|[from] move: Defog|[of] p2a: Zapdos
|
|upkeep
|turn|10
|choice|*|*move 1
|choice|*|*move 1
|choice|*move 2|*
|choice|move knockoff|move discharge
|
|move|p1a: Thundurus|Knock Off|p2a: Zapdos
|-damage|p2a: Zapdos|148\/383
|-damage|p1a: Thundurus|99\/299|[from] item: Rocky Helmet|[of] p2a: Zapdos
|-enditem|p2a: Zapdos|Rocky Helmet|[from] move: Knock Off|[of] p1a: Thundurus
|move|p2a: Zapdos|Discharge|p1a: Thundurus
|-damage|p1a: Thundurus|0 fnt
|faint|p1a: Thundurus
|
|upkeep
|choice|*switch 4|*
|choice|switch 4|
|
|switch|p1a: Greninja|Greninja, M|285\/285
|turn|11
|choice|*switch 3|*
|choice|*|*switch 2
|choice|switch 3|switch 2
|
|switch|p1a: Scizor|Scizor-Mega, M|278\/344
|switch|p2a: Tapu Bulu|Tapu Bulu|201\/343
|
|-heal|p2a: Tapu Bulu|222\/343|[from] Grassy Terrain
|-heal|p1a: Scizor|299\/344|[from] Grassy Terrain
|-fieldend|move: Grassy Terrain
|upkeep
|turn|12
|choice|*|*switch 2
|choice|*move 2|*
|choice|move uturn|switch 2
|
|switch|p2a: Zapdos|Zapdos|148\/383
|move|p1a: Scizor|U-turn|p2a: Zapdos
|-resisted|p2a: Zapdos
|-damage|p2a: Zapdos|100\/383
|-status|p1a: Scizor|par|[from] ability: Static|[of] p2a: Zapdos
|choice|*switch 5|*
|choice|switch 5|
|
|switch|p1a: Victini|Victini|341\/341|[from]move: U-turn
|
|upkeep
|turn|13
|choice|*move 4|*
|choice|*|*move 1
|choice|move boltstrike|move discharge
|
|move|p1a: Victini|Bolt Strike|p2a: Zapdos
|-damage|p2a: Zapdos|0 fnt
|faint|p2a: Zapdos
|
|upkeep
|choice|*|*switch 3
|choice||switch 3
|
|switch|p2a: Greninja|Greninja-Ash, M|29\/285
|turn|14
|choice|*|*move 4
|choice|*switch 6|*
|choice|switch 6|move watershuriken
|
|switch|p1a: Tapu Bulu|Tapu Bulu|281\/281
|-fieldstart|move: Grassy Terrain|[from] ability: Grassy Surge|[of] p1a: Tapu Bulu
|move|p2a: Greninja|Water Shuriken|p1a: Tapu Bulu
|-resisted|p1a: Tapu Bulu
|-damage|p1a: Tapu Bulu|255\/281
|-resisted|p1a: Tapu Bulu
|-damage|p1a: Tapu Bulu|228\/281
|-resisted|p1a: Tapu Bulu
|-damage|p1a: Tapu Bulu|201\/281
|-hitcount|p1a: Tapu Bulu|3
|-damage|p2a: Greninja|1\/285|[from] item: Life Orb
|
|-heal|p1a: Tapu Bulu|218\/281|[from] Grassy Terrain
|-heal|p2a: Greninja|18\/285|[from] Grassy Terrain
|upkeep
|turn|15
|choice|*|*switch 6
|choice|*move 1|*
|choice|*|*switch 6
|choice|move superpower|switch 6
|
|switch|p2a: Heatran|Heatran, M|325\/325
|move|p1a: Tapu Bulu|Superpower|p2a: Heatran
|-supereffective|p2a: Heatran
|-damage|p2a: Heatran|67\/325
|-unboost|p1a: Tapu Bulu|atk|1
|-unboost|p1a: Tapu Bulu|def|1
|
|-heal|p1a: Tapu Bulu|235\/281|[from] Grassy Terrain
|-heal|p2a: Heatran|87\/325|[from] Grassy Terrain
|upkeep
|turn|16
|choice|*|*switch 4
|choice|*move 1|*
|choice|move superpower|switch 4
|
|switch|p2a: Medicham|Medicham, M|261\/261
|move|p1a: Tapu Bulu|Superpower|p2a: Medicham
|-resisted|p2a: Medicham
|-damage|p2a: Medicham|203\/261
|-unboost|p1a: Tapu Bulu|atk|1
|-unboost|p1a: Tapu Bulu|def|1
|
|-heal|p1a: Tapu Bulu|252\/281|[from] Grassy Terrain
|-heal|p2a: Medicham|219\/261|[from] Grassy Terrain
|upkeep
|turn|17
|choice|*|*move 4 mega
|choice|*switch 6|*
|choice|switch 6|move highjumpkick mega
|
|switch|p1a: Victini|Victini|341\/341
|-mega|p2a: Medicham|Medicham|Medichamite
|detailschange|p2a: Medicham|Medicham-Mega, M
|move|p2a: Medicham|High Jump Kick|p1a: Victini
|-resisted|p1a: Victini
|-damage|p1a: Victini|156\/341
|
|-heal|p2a: Medicham|235\/261|[from] Grassy Terrain
|-heal|p1a: Victini|177\/341|[from] Grassy Terrain
|upkeep
|turn|18
|choice|*|*move 4
|choice|*move 2|*
|choice|move uturn|move highjumpkick
|
|move|p2a: Medicham|High Jump Kick|p1a: Victini
|-resisted|p1a: Victini
|-damage|p1a: Victini|0 fnt
|faint|p1a: Victini
|
|-heal|p2a: Medicham|251\/261|[from] Grassy Terrain
|-fieldend|move: Grassy Terrain
|upkeep
|choice|*switch 6|*
|choice|switch 6|
|
|switch|p1a: Tapu Bulu|Tapu Bulu|252\/281
|-fieldstart|move: Grassy Terrain|[from] ability: Grassy Surge|[of] p1a: Tapu Bulu
|turn|19
|choice|*move 4|*
|choice|*|*switch 2
|choice|move woodhammer|switch 2
|
|switch|p2a: Tapu Bulu|Tapu Bulu|222\/343
|move|p1a: Tapu Bulu|Wood Hammer|p2a: Tapu Bulu
|-resisted|p2a: Tapu Bulu
|-damage|p2a: Tapu Bulu|98\/343
|-damage|p1a: Tapu Bulu|211\/281|[from] recoil
|
|-heal|p1a: Tapu Bulu|228\/281|[from] Grassy Terrain
|-heal|p2a: Tapu Bulu|119\/343|[from] Grassy Terrain
|upkeep
|turn|20
|choice|*|*move 1
|choice|*move 4|*
|choice|move woodhammer|move hornleech
|
|move|p1a: Tapu Bulu|Wood Hammer|p2a: Tapu Bulu
|-resisted|p2a: Tapu Bulu
|-damage|p2a: Tapu Bulu|0 fnt
|-damage|p1a: Tapu Bulu|189\/281|[from] recoil
|faint|p2a: Tapu Bulu
|
|-heal|p1a: Tapu Bulu|206\/281|[from] Grassy Terrain
|upkeep
|choice|*|*switch 4
|choice||switch 4
|
|switch|p2a: Heatran|Heatran, M|87\/325
|turn|21
|choice|*|*move 1
|choice|*switch 5|*
|choice|switch 5|move lavaplume
|
|switch|p1a: Scizor|Scizor-Mega, M|299\/344 par
|move|p2a: Heatran|Lava Plume|p1a: Scizor
|-supereffective|p1a: Scizor
|-damage|p1a: Scizor|0 fnt
|faint|p1a: Scizor
|
|-heal|p2a: Heatran|107\/325|[from] Grassy Terrain
|upkeep
|choice|*switch 3|*
|choice|switch 3|
|
|switch|p1a: Greninja|Greninja, M|285\/285
|turn|22
|choice|*move 3|*
|choice|*|*switch 5
|choice|move watershuriken|switch 5
|
|switch|p2a: Ditto|Ditto|300\/300
|-transform|p2a: Ditto|p1a: Greninja|[from] ability: Imposter
|move|p1a: Greninja|Water Shuriken|p2a: Ditto
|-resisted|p2a: Ditto
|-damage|p2a: Ditto|276\/300
|-resisted|p2a: Ditto
|-damage|p2a: Ditto|254\/300
|-hitcount|p2a: Ditto|2
|
|-heal|p2a: Ditto|272\/300|[from] Grassy Terrain
|upkeep
|turn|23
|choice|*|*move 2
|choice|*move 3|*
|choice|move watershuriken|move hydropump
|
|move|p1a: Greninja|Water Shuriken|p2a: Ditto
|-resisted|p2a: Ditto
|-damage|p2a: Ditto|250\/300
|-resisted|p2a: Ditto
|-damage|p2a: Ditto|229\/300
|-resisted|p2a: Ditto
|-damage|p2a: Ditto|205\/300
|-resisted|p2a: Ditto
|-damage|p2a: Ditto|184\/300
|-resisted|p2a: Ditto
|-damage|p2a: Ditto|159\/300
|-hitcount|p2a: Ditto|5
|move|p2a: Ditto|Hydro Pump|p1a: Greninja
|-resisted|p1a: Greninja
|-damage|p1a: Greninja|166\/285
|
|-heal|p2a: Ditto|177\/300|[from] Grassy Terrain
|-heal|p1a: Greninja|183\/285|[from] Grassy Terrain
|-fieldend|move: Grassy Terrain
|upkeep
|turn|24
|choice|*|*move 2
|choice|*move 3|*
|choice|move watershuriken|move hydropump
|
|move|p1a: Greninja|Water Shuriken|p2a: Ditto
|-resisted|p2a: Ditto
|-crit|p2a: Ditto
|-damage|p2a: Ditto|141\/300
|-resisted|p2a: Ditto
|-damage|p2a: Ditto|120\/300
|-resisted|p2a: Ditto
|-crit|p2a: Ditto
|-damage|p2a: Ditto|85\/300
|-resisted|p2a: Ditto
|-damage|p2a: Ditto|64\/300
|-hitcount|p2a: Ditto|4
|move|p2a: Ditto|Hydro Pump|p1a: Greninja
|-resisted|p1a: Greninja
|-damage|p1a: Greninja|70\/285
|
|upkeep
|turn|25
|choice|*|*move 2
|choice|*move 3|*
|choice|move watershuriken|move hydropump
|
|move|p1a: Greninja|Water Shuriken|p2a: Ditto
|-resisted|p2a: Ditto
|-damage|p2a: Ditto|42\/300
|-resisted|p2a: Ditto
|-damage|p2a: Ditto|20\/300
|-resisted|p2a: Ditto
|-damage|p2a: Ditto|0 fnt
|-hitcount|p2a: Ditto|3
|faint|p2a: Ditto
|-activate|p1a: Greninja|ability: Battle Bond
|detailschange|p1a: Greninja|Greninja-Ash, M
|
|upkeep
|choice|*|*switch 6
|choice||switch 6
|
|switch|p2a: Greninja|Greninja-Ash, M|18\/285
|turn|26
|choice|*|*move 4
|choice|*switch 5|*
|choice|switch 5|move watershuriken
|
|switch|p1a: Tapu Bulu|Tapu Bulu|206\/281
|-fieldstart|move: Grassy Terrain|[from] ability: Grassy Surge|[of] p1a: Tapu Bulu
|move|p2a: Greninja|Water Shuriken|p1a: Tapu Bulu
|-resisted|p1a: Tapu Bulu
|-crit|p1a: Tapu Bulu
|-damage|p1a: Tapu Bulu|163\/281
|-resisted|p1a: Tapu Bulu
|-damage|p1a: Tapu Bulu|136\/281
|-resisted|p1a: Tapu Bulu
|-damage|p1a: Tapu Bulu|109\/281
|-hitcount|p1a: Tapu Bulu|3
|-damage|p2a: Greninja|0 fnt|[from] item: Life Orb
|faint|p2a: Greninja
|
|-heal|p1a: Tapu Bulu|126\/281|[from] Grassy Terrain
|upkeep
|choice|*|*switch 5
|choice||switch 5
|
|switch|p2a: Heatran|Heatran, M|107\/325
|turn|27
|choice|*|*switch 2
|choice|*move 1|*
|choice|move superpower|switch 2
|
|switch|p2a: Medicham|Medicham-Mega, M|251\/261
|move|p1a: Tapu Bulu|Superpower|p2a: Medicham
|-resisted|p2a: Medicham
|-damage|p2a: Medicham|170\/261
|-unboost|p1a: Tapu Bulu|atk|1
|-unboost|p1a: Tapu Bulu|def|1
|
|-heal|p1a: Tapu Bulu|143\/281|[from] Grassy Terrain
|-heal|p2a: Medicham|186\/261|[from] Grassy Terrain
|upkeep
|turn|28
|choice|*|*move 2
|choice|*move 1|*
|choice|move superpower|move icepunch
|
|move|p1a: Tapu Bulu|Superpower|p2a: Medicham
|-resisted|p2a: Medicham
|-damage|p2a: Medicham|132\/261
|-unboost|p1a: Tapu Bulu|atk|1
|-unboost|p1a: Tapu Bulu|def|1
|move|p2a: Medicham|Ice Punch|p1a: Tapu Bulu
|-supereffective|p1a: Tapu Bulu
|-damage|p1a: Tapu Bulu|0 fnt
|faint|p1a: Tapu Bulu
|
|-heal|p2a: Medicham|148\/261|[from] Grassy Terrain
|upkeep
|choice|*switch 5|*
|choice|switch 5|
|
|switch|p1a: Greninja|Greninja-Ash, M|70\/285
|turn|29
|choice|*move 3|*
|choice|*|*switch 2
|choice|move watershuriken|switch 2
|
|switch|p2a: Heatran|Heatran, M|107\/325
|move|p1a: Greninja|Water Shuriken|p2a: Heatran
|-supereffective|p2a: Heatran
|-damage|p2a: Heatran|0 fnt
|-hitcount|p2a: Heatran|1
|faint|p2a: Heatran
|
|-heal|p1a: Greninja|87\/285|[from] Grassy Terrain
|upkeep
|choice|*|*switch 2
|choice||switch 2
|
|switch|p2a: Medicham|Medicham-Mega, M|148\/261
|turn|30
|choice|*|*move 1
|choice|*move 3|*
|choice|move watershuriken|move fakeout
|
|move|p2a: Medicham|Fake Out|p1a: Greninja
|-damage|p1a: Greninja|0 fnt
|faint|p1a: Greninja
|
|win|D1Chris LR
D1Chris LR ha ganado 6.75 PokeDolares.
|raw|Puntaje de red arevalo: 1414 &rarr; <strong>1381<\/strong><br \/>(-33 por perder)
|raw|Puntaje de D1Chris LR: 1157 &rarr; <strong>1205<\/strong><br \/>(+48 por ganar)
|c|☆D1Chris LR|gg
</script>
</div>
<div class="battle-log battle-log-inline"><div class="inner"><div class="battle-options"></div><div class="inner"><div class=""><small>Format:</small> <br><strong>OU</strong></div><div class="rated"><strong>Rated battle</strong></div><div class=""><small><em>Cláusula-Mod de Dormir:</em> solo puedes dormir a uno de tus oponentes a la vez.</small></div><div class=""><small><em>Cláusula de Especie:</em> Hasta un Pokémon de cada especie</small></div><div class=""><small><em>Cláusula de Golpe Fulminante:</em> los movimientos fulminantes (OHKO) estan prohibidos</small></div><div class=""><small><em>Cláusula de Veleta:</em> la habilidad Veleta está prohibida</small></div><div class=""><small><em>Cláusula de Movimientos Evasivos:</em> los movimientos de Evasión están prohibidos.</small></div><div class=""><small><em>Cláusula de Batallas Eternas:</em> forzar batallas eternas está prohibido</small></div><div class="chat battle-history"><strong>red arevalo's team:</strong> <em style="color:#445566;display:block;">Nidoking / Greninja / Scizor / Thundurus / Victini / Tapu Bulu</em></div><div class="chat battle-history"><strong>D1Chris LR's team:</strong> <em style="color:#445566;display:block;">Medicham / Zapdos / Heatran / Ditto / Tapu Bulu / Greninja</em></div><div class="spacer battle-history"><br></div><div class="battle-history">Battle started between red arevalo and D1Chris LR!<br></div><div class="spacer battle-history"><br></div><div class="battle-history">Go! <strong>Thundurus</strong>!<br></div><div class="spacer battle-history"><br></div><div class="battle-history">D1Chris LR sent out <strong>Ditto</strong>!<br></div><div class="battle-history"><small>[The opposing Ditto's Imposter]</small><br>The opposing Ditto transformed into Thundurus!<br></div><div class="spacer battle-history"><br></div><h2 class="battle-history">Turn 1</h2><div class="spacer battle-history"><br></div><div class="battle-history">The opposing Ditto used <strong>Volt Switch</strong>!<br></div><div class="battle-history"><small>(Thundurus lost <abbr title="−151/299">50.5%</abbr> of its health!)</small><br></div><div class="spacer battle-history"><br></div><div class="battle-history">The opposing Ditto went back to D1Chris LR!<br></div><div class="battle-history">D1Chris LR sent out <strong>Tapu Bulu</strong>!<br></div><div class="battle-history"><small>[The opposing Tapu Bulu's Grassy Surge]</small><br><small>Grass grew to cover the battlefield!</small><br></div><div class="spacer battle-history"><br></div><div class="battle-history">Thundurus used <strong>Knock Off</strong>!<br></div><div class="battle-history"><small>It's not very effective...</small><br></div><div class="battle-history"><small>A critical hit!</small><br></div><div class="battle-history"><small>(The opposing Tapu Bulu lost <abbr title="−47/343">13.7%</abbr> of its health!)</small><br></div><div class="battle-history"><small>Thundurus knocked off the opposing Tapu Bulu's Assault Vest!</small><br></div><div class="spacer battle-history"><br></div><div class="battle-history"><small>The opposing Tapu Bulu restored HP using its Grassy Terrain!</small><br></div><div class="spacer battle-history"><br></div><h2 class="battle-history">Turn 2</h2><div class="spacer battle-history"><br></div><div class="battle-history">Thundurus used <strong>Volt Switch</strong>!<br></div><div class="battle-history"><small>It's not very effective...</small><br></div><div class="battle-history"><small>(The opposing Tapu Bulu lost <abbr title="−62/343">18.1%</abbr> of its health!)</small><br></div><div class="spacer battle-history"><br></div><div class="battle-history">Thundurus went back to red arevalo!<br></div><div class="battle-history">Go! <strong>Scizor</strong>!<br></div><div class="spacer battle-history"><br></div><div class="battle-history">The opposing Tapu Bulu used <strong>Stone Edge</strong>!<br></div><div class="battle-history"><small>A critical hit!</small><br></div><div class="battle-history"><small>(Scizor lost <abbr title="−108/344">31.4%</abbr> of its health!)</small><br></div><div class="spacer battle-history"><br></div><div class="battle-history"><small>The opposing Tapu Bulu restored HP using its Grassy Terrain!</small><br></div><div class="battle-history"><small>Scizor restored HP using its Grassy Terrain!</small><br></div><div class="spacer battle-history"><br></div><h2 class="battle-history">Turn 3</h2><div class="spacer battle-history"><br></div><div class="battle-history">D1Chris LR withdrew Tapu Bulu!<br></div><div class="battle-history">D1Chris LR sent out <strong>Heatran</strong>!<br></div><div class="spacer battle-history"><br></div><div class="battle-history"><small>Scizor's Scizorite is reacting to the Key Stone!</small><br>Scizor has Mega Evolved into Mega Scizor!<br></div><div class="spacer battle-history"><br></div><div class="battle-history">Scizor used <strong>U-turn</strong>!<br></div><div class="battle-history"><small>It's not very effective...</small><br></div><div class="battle-history"><small>(The opposing Heatran lost <abbr title="−25/325">7.7%</abbr> of its health!)</small><br></div><div class="spacer battle-history"><br></div><div class="battle-history">Scizor went back to red arevalo!<br></div><div class="battle-history">Go! <strong>Nidoking</strong>!<br></div><div class="spacer battle-history"><br></div><div class="battle-history"><small>The opposing Heatran restored HP using its Grassy Terrain!</small><br></div><div class="spacer battle-history"><br></div><h2 class="battle-history">Turn 4</h2><div class="spacer battle-history"><br></div><div class="battle-history">Nidoking used <strong>Stealth Rock</strong>!<br></div><div class="battle-history"><small>Pointed stones float in the air around the opposing team!</small><br></div><div class="battle-history"><small>The opposing Heatran surrounded itself with its Z-Power!</small><br></div><div class="spacer battle-history"><br></div><div class="battle-history">The opposing Heatran used <strong>Corkscrew Crash</strong>!<br></div><div class="battle-history"><small>Nidoking hung on using its Focus Sash!</small><br></div><div class="battle-history"><small>(Nidoking lost <abbr title="−302/303">99.7%</abbr> of its health!)</small><br></div><div class="spacer battle-history"><br></div><div class="battle-history"><small>Nidoking restored HP using its Grassy Terrain!</small><br></div><div class="battle-history"><small>The opposing Heatran restored HP using its Grassy Terrain!</small><br></div><div class="spacer battle-history"><br></div><h2 class="battle-history">Turn 5</h2><div class="spacer battle-history"><br></div><div class="battle-history">D1Chris LR withdrew Heatran!<br></div><div class="battle-history">D1Chris LR sent out <strong>Greninja</strong>!<br></div><div class="battle-history"><small>Pointed stones dug into the opposing Greninja!</small><br></div><div class="spacer battle-history"><br></div><div class="battle-history">Nidoking used <strong>Earth Power</strong>!<br></div><div class="battle-history"><small>(The opposing Greninja lost <abbr title="−210/285">73.7%</abbr> of its health!)</small><br></div><div class="spacer battle-history"><br></div><div class="battle-history"><small>The opposing Greninja restored HP using its Grassy Terrain!</small><br></div><div class="battle-history"><small>Nidoking restored HP using its Grassy Terrain!</small><br></div><div class="battle-history"><small>The grass disappeared from the battlefield.</small><br></div><div class="spacer battle-history"><br></div><h2 class="battle-history">Turn 6</h2><div class="spacer battle-history"><br></div><div class="battle-history">The opposing Greninja used <strong>Dark Pulse</strong>!<br></div><div class="battle-history"><small>(Nidoking lost <abbr title="−37/303">12.2%</abbr> of its health!)</small><br></div><div class="battle-history"><small>The opposing Greninja lost some of its HP!</small><br></div><div class="spacer battle-history"><br></div><div class="battle-history">Nidoking fainted!<br></div><div class="battle-history"><small>[The opposing Greninja's Battle Bond]</small><br><small>The opposing Greninja became fully charged due to its bond with its Trainer!</small><br></div><div class="battle-history">The opposing Greninja became Ash-Greninja!<br></div><div class="spacer battle-history"><br></div><div class="battle-history">Go! <strong>Greninja</strong>!<br></div><div class="spacer battle-history"><br></div><h2 class="battle-history">Turn 7</h2><div class="spacer battle-history"><br></div><div class="battle-history">D1Chris LR withdrew Greninja!<br></div><div class="battle-history">D1Chris LR sent out <strong>Tapu Bulu</strong>!<br></div><div class="battle-history"><small>Pointed stones dug into the opposing Tapu Bulu!</small><br></div><div class="battle-history"><small>[The opposing Tapu Bulu's Grassy Surge]</small><br><small>Grass grew to cover the battlefield!</small><br></div><div class="spacer battle-history"><br></div><div class="battle-history">Greninja used <strong>Water Shuriken</strong>!<br></div><div class="battle-history"><small>It's not very effective...</small><br></div><div class="battle-history"><small>(The opposing Tapu Bulu lost <abbr title="−17/343">5.0%</abbr> of its health!)</small><br></div><div class="battle-history"><small>It's not very effective...</small><br></div><div class="battle-history"><small>(The opposing Tapu Bulu lost <abbr title="−19/343">5.5%</abbr> of its health!)</small><br></div><div class="battle-history"><small>It's not very effective...</small><br></div><div class="battle-history"><small>(The opposing Tapu Bulu lost <abbr title="−18/343">5.2%</abbr> of its health!)</small><br></div><div class="battle-history"><small>Hit 3 times!</small><br></div><div class="spacer battle-history"><br></div><div class="battle-history"><small>The opposing Tapu Bulu restored HP using its Grassy Terrain!</small><br></div><div class="spacer battle-history"><br></div><h2 class="battle-history">Turn 8</h2><div class="spacer battle-history"><br></div><div class="battle-history">Greninja, come back!<br></div><div class="battle-history">Go! Scizor (<strong>Scizor-Mega</strong>)!<br></div><div class="spacer battle-history"><br></div><div class="battle-history">D1Chris LR withdrew Tapu Bulu!<br></div><div class="battle-history">D1Chris LR sent out <strong>Zapdos</strong>!<br></div><div class="battle-history"><small>Pointed stones dug into the opposing Zapdos!</small><br></div><div class="spacer battle-history"><br></div><div class="battle-history"><small>Scizor restored HP using its Grassy Terrain!</small><br></div><div class="spacer battle-history"><br></div><h2 class="battle-history">Turn 9</h2><div class="spacer battle-history"><br></div><div class="battle-history">Scizor, come back!<br></div><div class="battle-history">Go! <strong>Thundurus</strong>!<br></div><div class="spacer battle-history"><br></div><div class="battle-history">The opposing Zapdos used <strong>Defog</strong>!<br></div><div class="battle-history"><small>Thundurus's evasiveness fell!</small><br></div><div class="battle-history"><small>[Thundurus's Defiant]</small><br></div><div class="battle-history"><small>Thundurus's Attack rose sharply!</small><br></div><div class="battle-history"><small>The pointed stones disappeared from around the opposing team!</small><br></div><div class="spacer battle-history"><br></div><h2 class="battle-history">Turn 10</h2><div class="spacer battle-history"><br></div><div class="battle-history">Thundurus used <strong>Knock Off</strong>!<br></div><div class="battle-history"><small>(The opposing Zapdos lost <abbr title="−140/383">36.6%</abbr> of its health!)</small><br></div><div class="battle-history"><small>Thundurus was hurt by the Rocky Helmet!</small><br></div><div class="battle-history"><small>Thundurus knocked off the opposing Zapdos's Rocky Helmet!</small><br></div><div class="spacer battle-history"><br></div><div class="battle-history">The opposing Zapdos used <strong>Discharge</strong>!<br></div><div class="battle-history"><small>(Thundurus lost <abbr title="−99/299">33.1%</abbr> of its health!)</small><br></div><div class="spacer battle-history"><br></div><div class="battle-history">Thundurus fainted!<br></div><div class="spacer battle-history"><br></div><div class="battle-history">Go! <strong>Greninja</strong>!<br></div><div class="spacer battle-history"><br></div><h2 class="battle-history">Turn 11</h2><div class="spacer battle-history"><br></div><div class="battle-history">Greninja, come back!<br></div><div class="battle-history">Go! Scizor (<strong>Scizor-Mega</strong>)!<br></div><div class="spacer battle-history"><br></div><div class="battle-history">D1Chris LR withdrew Zapdos!<br></div><div class="battle-history">D1Chris LR sent out <strong>Tapu Bulu</strong>!<br></div><div class="spacer battle-history"><br></div><div class="battle-history"><small>The opposing Tapu Bulu restored HP using its Grassy Terrain!</small><br></div><div class="battle-history"><small>Scizor restored HP using its Grassy Terrain!</small><br></div><div class="battle-history"><small>The grass disappeared from the battlefield.</small><br></div><div class="spacer battle-history"><br></div><h2 class="battle-history">Turn 12</h2><div class="spacer battle-history"><br></div><div class="battle-history">D1Chris LR withdrew Tapu Bulu!<br></div><div class="battle-history">D1Chris LR sent out <strong>Zapdos</strong>!<br></div><div class="spacer battle-history"><br></div><div class="battle-history">Scizor used <strong>U-turn</strong>!<br></div><div class="battle-history"><small>It's not very effective...</small><br></div><div class="battle-history"><small>(The opposing Zapdos lost <abbr title="−48/383">12.5%</abbr> of its health!)</small><br></div><div class="battle-history"><small>[The opposing Zapdos's Static]</small><br><small>Scizor is paralyzed! It may be unable to move!</small><br></div><div class="spacer battle-history"><br></div><div class="battle-history">Scizor went back to red arevalo!<br></div><div class="battle-history">Go! <strong>Victini</strong>!<br></div><div class="spacer battle-history"><br></div><h2 class="battle-history">Turn 13</h2><div class="spacer battle-history"><br></div><div class="battle-history">Victini used <strong>Bolt Strike</strong>!<br></div><div class="battle-history"><small>(The opposing Zapdos lost <abbr title="−100/383">26.1%</abbr> of its health!)</small><br></div><div class="spacer battle-history"><br></div><div class="battle-history">The opposing Zapdos fainted!<br></div><div class="spacer battle-history"><br></div><div class="battle-history">D1Chris LR sent out Greninja (<strong>Greninja-Ash</strong>)!<br></div><div class="spacer battle-history"><br></div><h2 class="battle-history">Turn 14</h2><div class="spacer battle-history"><br></div><div class="battle-history">Victini, come back!<br></div><div class="battle-history">Go! <strong>Tapu Bulu</strong>!<br></div><div class="battle-history"><small>[Tapu Bulu's Grassy Surge]</small><br><small>Grass grew to cover the battlefield!</small><br></div><div class="spacer battle-history"><br></div><div class="battle-history">The opposing Greninja used <strong>Water Shuriken</strong>!<br></div><div class="battle-history"><small>It's not very effective...</small><br></div><div class="battle-history"><small>(Tapu Bulu lost <abbr title="−26/281">9.3%</abbr> of its health!)</small><br></div><div class="battle-history"><small>It's not very effective...</small><br></div><div class="battle-history"><small>(Tapu Bulu lost <abbr title="−27/281">9.6%</abbr> of its health!)</small><br></div><div class="battle-history"><small>It's not very effective...</small><br></div><div class="battle-history"><small>(Tapu Bulu lost <abbr title="−27/281">9.6%</abbr> of its health!)</small><br></div><div class="battle-history"><small>Hit 3 times!</small><br></div><div class="battle-history"><small>The opposing Greninja lost some of its HP!</small><br></div><div class="spacer battle-history"><br></div><div class="battle-history"><small>Tapu Bulu restored HP using its Grassy Terrain!</small><br></div><div class="battle-history"><small>The opposing Greninja restored HP using its Grassy Terrain!</small><br></div><div class="spacer battle-history"><br></div><h2 class="battle-history">Turn 15</h2><div class="spacer battle-history"><br></div><div class="battle-history">D1Chris LR withdrew Greninja!<br></div><div class="battle-history">D1Chris LR sent out <strong>Heatran</strong>!<br></div><div class="spacer battle-history"><br></div><div class="battle-history">Tapu Bulu used <strong>Superpower</strong>!<br></div><div class="battle-history"><small>It's super effective!</small><br></div><div class="battle-history"><small>(The opposing Heatran lost <abbr title="−258/325">79.4%</abbr> of its health!)</small><br></div><div class="battle-history"><small>Tapu Bulu's Attack fell!</small><br></div><div class="battle-history"><small>Tapu Bulu's Defense fell!</small><br></div><div class="spacer battle-history"><br></div><div class="battle-history"><small>Tapu Bulu restored HP using its Grassy Terrain!</small><br></div><div class="battle-history"><small>The opposing Heatran restored HP using its Grassy Terrain!</small><br></div><div class="spacer battle-history"><br></div><h2 class="battle-history">Turn 16</h2><div class="spacer battle-history"><br></div><div class="battle-history">D1Chris LR withdrew Heatran!<br></div><div class="battle-history">D1Chris LR sent out <strong>Medicham</strong>!<br></div><div class="spacer battle-history"><br></div><div class="battle-history">Tapu Bulu used <strong>Superpower</strong>!<br></div><div class="battle-history"><small>It's not very effective...</small><br></div><div class="battle-history"><small>(The opposing Medicham lost <abbr title="−58/261">22.2%</abbr> of its health!)</small><br></div><div class="battle-history"><small>Tapu Bulu's Attack fell!</small><br></div><div class="battle-history"><small>Tapu Bulu's Defense fell!</small><br></div><div class="spacer battle-history"><br></div><div class="battle-history"><small>Tapu Bulu restored HP using its Grassy Terrain!</small><br></div><div class="battle-history"><small>The opposing Medicham restored HP using its Grassy Terrain!</small><br></div><div class="spacer battle-history"><br></div><h2 class="battle-history">Turn 17</h2><div class="spacer battle-history"><br></div><div class="battle-history">Tapu Bulu, come back!<br></div><div class="battle-history">Go! <strong>Victini</strong>!<br></div><div class="spacer battle-history"><br></div><div class="battle-history"><small>The opposing Medicham's Medichamite is reacting to the Key Stone!</small><br>The opposing Medicham has Mega Evolved into Mega Medicham!<br></div><div class="spacer battle-history"><br></div><div class="battle-history">The opposing Medicham used <strong>High Jump Kick</strong>!<br></div><div class="battle-history"><small>It's not very effective...</small><br></div><div class="battle-history"><small>(Victini lost <abbr title="−185/341">54.3%</abbr> of its health!)</small><br></div><div class="spacer battle-history"><br></div><div class="battle-history"><small>The opposing Medicham restored HP using its Grassy Terrain!</small><br></div><div class="battle-history"><small>Victini restored HP using its Grassy Terrain!</small><br></div><div class="spacer battle-history"><br></div><h2 class="battle-history">Turn 18</h2><div class="spacer battle-history"><br></div><div class="battle-history">The opposing Medicham used <strong>High Jump Kick</strong>!<br></div><div class="battle-history"><small>It's not very effective...</small><br></div><div class="battle-history"><small>(Victini lost <abbr title="−177/341">51.9%</abbr> of its health!)</small><br></div><div class="spacer battle-history"><br></div><div class="battle-history">Victini fainted!<br></div><div class="spacer battle-history"><br></div><div class="battle-history"><small>The opposing Medicham restored HP using its Grassy Terrain!</small><br></div><div class="battle-history"><small>The grass disappeared from the battlefield.</small><br></div><div class="spacer battle-history"><br></div><div class="battle-history">Go! <strong>Tapu Bulu</strong>!<br></div><div class="battle-history"><small>[Tapu Bulu's Grassy Surge]</small><br><small>Grass grew to cover the battlefield!</small><br></div><div class="spacer battle-history"><br></div><h2 class="battle-history">Turn 19</h2><div class="spacer battle-history"><br></div><div class="battle-history">D1Chris LR withdrew Medicham!<br></div><div class="battle-history">D1Chris LR sent out <strong>Tapu Bulu</strong>!<br></div><div class="spacer battle-history"><br></div><div class="battle-history">Tapu Bulu used <strong>Wood Hammer</strong>!<br></div><div class="battle-history"><small>It's not very effective...</small><br></div><div class="battle-history"><small>(The opposing Tapu Bulu lost <abbr title="−124/343">36.2%</abbr> of its health!)</small><br></div><div class="battle-history"><small>Tapu Bulu is damaged by the recoil!</small><br></div><div class="spacer battle-history"><br></div><div class="battle-history"><small>Tapu Bulu restored HP using its Grassy Terrain!</small><br></div><div class="battle-history"><small>The opposing Tapu Bulu restored HP using its Grassy Terrain!</small><br></div><div class="spacer battle-history"><br></div><h2 class="battle-history">Turn 20</h2><div class="spacer battle-history"><br></div><div class="battle-history">Tapu Bulu used <strong>Wood Hammer</strong>!<br></div><div class="battle-history"><small>It's not very effective...</small><br></div><div class="battle-history"><small>(The opposing Tapu Bulu lost <abbr title="−119/343">34.7%</abbr> of its health!)</small><br></div><div class="battle-history"><small>Tapu Bulu is damaged by the recoil!</small><br></div><div class="spacer battle-history"><br></div><div class="battle-history">The opposing Tapu Bulu fainted!<br></div><div class="spacer battle-history"><br></div><div class="battle-history"><small>Tapu Bulu restored HP using its Grassy Terrain!</small><br></div><div class="spacer battle-history"><br></div><div class="battle-history">D1Chris LR sent out <strong>Heatran</strong>!<br></div><div class="spacer battle-history"><br></div><h2 class="battle-history">Turn 21</h2><div class="spacer battle-history"><br></div><div class="battle-history">Tapu Bulu, come back!<br></div><div class="battle-history">Go! Scizor (<strong>Scizor-Mega</strong>)!<br></div><div class="spacer battle-history"><br></div><div class="battle-history">The opposing Heatran used <strong>Lava Plume</strong>!<br></div><div class="battle-history"><small>It's super effective!</small><br></div><div class="battle-history"><small>(Scizor lost <abbr title="−299/344">86.9%</abbr> of its health!)</small><br></div><div class="spacer battle-history"><br></div><div class="battle-history">Scizor fainted!<br></div><div class="spacer battle-history"><br></div><div class="battle-history"><small>The opposing Heatran restored HP using its Grassy Terrain!</small><br></div><div class="spacer battle-history"><br></div><div class="battle-history">Go! <strong>Greninja</strong>!<br></div><div class="spacer battle-history"><br></div><h2 class="battle-history">Turn 22</h2><div class="spacer battle-history"><br></div><div class="battle-history">D1Chris LR withdrew Heatran!<br></div><div class="battle-history">D1Chris LR sent out <strong>Ditto</strong>!<br></div><div class="battle-history"><small>[The opposing Ditto's Imposter]</small><br>The opposing Ditto transformed into Greninja!<br></div><div class="spacer battle-history"><br></div><div class="battle-history">Greninja used <strong>Water Shuriken</strong>!<br></div><div class="battle-history"><small>It's not very effective...</small><br></div><div class="battle-history"><small>(The opposing Ditto lost <abbr title="−24/300">8%</abbr> of its health!)</small><br></div><div class="battle-history"><small>It's not very effective...</small><br></div><div class="battle-history"><small>(The opposing Ditto lost <abbr title="−22/300">7.3%</abbr> of its health!)</small><br></div><div class="battle-history"><small>Hit 2 times!</small><br></div><div class="spacer battle-history"><br></div><div class="battle-history"><small>The opposing Ditto restored HP using its Grassy Terrain!</small><br></div><div class="spacer battle-history"><br></div><h2 class="battle-history">Turn 23</h2><div class="spacer battle-history"><br></div><div class="battle-history">Greninja used <strong>Water Shuriken</strong>!<br></div><div class="battle-history"><small>It's not very effective...</small><br></div><div class="battle-history"><small>(The opposing Ditto lost <abbr title="−22/300">7.3%</abbr> of its health!)</small><br></div><div class="battle-history"><small>It's not very effective...</small><br></div><div class="battle-history"><small>(The opposing Ditto lost <abbr title="−21/300">7.0%</abbr> of its health!)</small><br></div><div class="battle-history"><small>It's not very effective...</small><br></div><div class="battle-history"><small>(The opposing Ditto lost <abbr title="−24/300">8%</abbr> of its health!)</small><br></div><div class="battle-history"><small>It's not very effective...</small><br></div><div class="battle-history"><small>(The opposing Ditto lost <abbr title="−21/300">7.0%</abbr> of its health!)</small><br></div><div class="battle-history"><small>It's not very effective...</small><br></div><div class="battle-history"><small>(The opposing Ditto lost <abbr title="−25/300">8.3%</abbr> of its health!)</small><br></div><div class="battle-history"><small>Hit 5 times!</small><br></div><div class="spacer battle-history"><br></div><div class="battle-history">The opposing Ditto used <strong>Hydro Pump</strong>!<br></div><div class="battle-history"><small>It's not very effective...</small><br></div><div class="battle-history"><small>(Greninja lost <abbr title="−119/285">41.8%</abbr> of its health!)</small><br></div><div class="spacer battle-history"><br></div><div class="battle-history"><small>The opposing Ditto restored HP using its Grassy Terrain!</small><br></div><div class="battle-history"><small>Greninja restored HP using its Grassy Terrain!</small><br></div><div class="battle-history"><small>The grass disappeared from the battlefield.</small><br></div><div class="spacer battle-history"><br></div><h2 class="battle-history">Turn 24</h2><div class="spacer battle-history"><br></div><div class="battle-history">Greninja used <strong>Water Shuriken</strong>!<br></div><div class="battle-history"><small>It's not very effective...</small><br></div><div class="battle-history"><small>A critical hit!</small><br></div><div class="battle-history"><small>(The opposing Ditto lost <abbr title="−36/300">12%</abbr> of its health!)</small><br></div><div class="battle-history"><small>It's not very effective...</small><br></div><div class="battle-history"><small>(The opposing Ditto lost <abbr title="−21/300">7.0%</abbr> of its health!)</small><br></div><div class="battle-history"><small>It's not very effective...</small><br></div><div class="battle-history"><small>A critical hit!</small><br></div><div class="battle-history"><small>(The opposing Ditto lost <abbr title="−35/300">11.7%</abbr> of its health!)</small><br></div><div class="battle-history"><small>It's not very effective...</small><br></div><div class="battle-history"><small>(The opposing Ditto lost <abbr title="−21/300">7.0%</abbr> of its health!)</small><br></div><div class="battle-history"><small>Hit 4 times!</small><br></div><div class="spacer battle-history"><br></div><div class="battle-history">The opposing Ditto used <strong>Hydro Pump</strong>!<br></div><div class="battle-history"><small>It's not very effective...</small><br></div><div class="battle-history"><small>(Greninja lost <abbr title="−113/285">39.6%</abbr> of its health!)</small><br></div><div class="spacer battle-history"><br></div><h2 class="battle-history">Turn 25</h2><div class="spacer battle-history"><br></div><div class="battle-history">Greninja used <strong>Water Shuriken</strong>!<br></div><div class="battle-history"><small>It's not very effective...</small><br></div><div class="battle-history"><small>(The opposing Ditto lost <abbr title="−22/300">7.3%</abbr> of its health!)</small><br></div><div class="battle-history"><small>It's not very effective...</small><br></div><div class="battle-history"><small>(The opposing Ditto lost <abbr title="−22/300">7.3%</abbr> of its health!)</small><br></div><div class="battle-history"><small>It's not very effective...</small><br></div><div class="battle-history"><small>(The opposing Ditto lost <abbr title="−20/300">6.7%</abbr> of its health!)</small><br></div><div class="battle-history"><small>Hit 3 times!</small><br></div><div class="spacer battle-history"><br></div><div class="battle-history">The opposing Ditto fainted!<br></div><div class="battle-history"><small>[Greninja's Battle Bond]</small><br><small>Greninja became fully charged due to its bond with its Trainer!</small><br></div><div class="battle-history">Greninja became Ash-Greninja!<br></div><div class="spacer battle-history"><br></div><div class="battle-history">D1Chris LR sent out Greninja (<strong>Greninja-Ash</strong>)!<br></div><div class="spacer battle-history"><br></div><h2 class="battle-history">Turn 26</h2><div class="spacer battle-history"><br></div><div class="battle-history">Greninja, come back!<br></div><div class="battle-history">Go! <strong>Tapu Bulu</strong>!<br></div><div class="battle-history"><small>[Tapu Bulu's Grassy Surge]</small><br><small>Grass grew to cover the battlefield!</small><br></div><div class="spacer battle-history"><br></div><div class="battle-history">The opposing Greninja used <strong>Water Shuriken</strong>!<br></div><div class="battle-history"><small>It's not very effective...</small><br></div><div class="battle-history"><small>A critical hit!</small><br></div><div class="battle-history"><small>(Tapu Bulu lost <abbr title="−43/281">15.3%</abbr> of its health!)</small><br></div><div class="battle-history"><small>It's not very effective...</small><br></div><div class="battle-history"><small>(Tapu Bulu lost <abbr title="−27/281">9.6%</abbr> of its health!)</small><br></div><div class="battle-history"><small>It's not very effective...</small><br></div><div class="battle-history"><small>(Tapu Bulu lost <abbr title="−27/281">9.6%</abbr> of its health!)</small><br></div><div class="battle-history"><small>Hit 3 times!</small><br></div><div class="battle-history"><small>The opposing Greninja lost some of its HP!</small><br></div><div class="spacer battle-history"><br></div><div class="battle-history">The opposing Greninja fainted!<br></div><div class="spacer battle-history"><br></div><div class="battle-history"><small>Tapu Bulu restored HP using its Grassy Terrain!</small><br></div><div class="spacer battle-history"><br></div><div class="battle-history">D1Chris LR sent out <strong>Heatran</strong>!<br></div><div class="spacer battle-history"><br></div><h2 class="battle-history">Turn 27</h2><div class="spacer battle-history"><br></div><div class="battle-history">D1Chris LR withdrew Heatran!<br></div><div class="battle-history">D1Chris LR sent out Medicham (<strong>Medicham-Mega</strong>)!<br></div><div class="spacer battle-history"><br></div><div class="battle-history">Tapu Bulu used <strong>Superpower</strong>!<br></div><div class="battle-history"><small>It's not very effective...</small><br></div><div class="battle-history"><small>(The opposing Medicham lost <abbr title="−81/261">31.0%</abbr> of its health!)</small><br></div><div class="battle-history"><small>Tapu Bulu's Attack fell!</small><br></div><div class="battle-history"><small>Tapu Bulu's Defense fell!</small><br></div><div class="spacer battle-history"><br></div><div class="battle-history"><small>Tapu Bulu restored HP using its Grassy Terrain!</small><br></div><div class="battle-history"><small>The opposing Medicham restored HP using its Grassy Terrain!</small><br></div><div class="spacer battle-history"><br></div><h2 class="battle-history">Turn 28</h2><div class="spacer battle-history"><br></div><div class="battle-history">Tapu Bulu used <strong>Superpower</strong>!<br></div><div class="battle-history"><small>It's not very effective...</small><br></div><div class="battle-history"><small>(The opposing Medicham lost <abbr title="−54/261">20.7%</abbr> of its health!)</small><br></div><div class="battle-history"><small>Tapu Bulu's Attack fell!</small><br></div><div class="battle-history"><small>Tapu Bulu's Defense fell!</small><br></div><div class="spacer battle-history"><br></div><div class="battle-history">The opposing Medicham used <strong>Ice Punch</strong>!<br></div><div class="battle-history"><small>It's super effective!</small><br></div><div class="battle-history"><small>(Tapu Bulu lost <abbr title="−143/281">50.9%</abbr> of its health!)</small><br></div><div class="spacer battle-history"><br></div><div class="battle-history">Tapu Bulu fainted!<br></div><div class="spacer battle-history"><br></div><div class="battle-history"><small>The opposing Medicham restored HP using its Grassy Terrain!</small><br></div><div class="spacer battle-history"><br></div><div class="battle-history">Go! Greninja (<strong>Greninja-Ash</strong>)!<br></div><div class="spacer battle-history"><br></div><h2 class="battle-history">Turn 29</h2><div class="spacer battle-history"><br></div><div class="battle-history">D1Chris LR withdrew Medicham!<br></div><div class="battle-history">D1Chris LR sent out <strong>Heatran</strong>!<br></div><div class="spacer battle-history"><br></div><div class="battle-history">Greninja used <strong>Water Shuriken</strong>!<br></div><div class="battle-history"><small>It's super effective!</small><br></div><div class="battle-history"><small>(The opposing Heatran lost <abbr title="−107/325">32.9%</abbr> of its health!)</small><br></div><div class="battle-history"><small>Hit 1 time!</small><br></div><div class="spacer battle-history"><br></div><div class="battle-history">The opposing Heatran fainted!<br></div><div class="spacer battle-history"><br></div><div class="battle-history"><small>Greninja restored HP using its Grassy Terrain!</small><br></div><div class="spacer battle-history"><br></div><div class="battle-history">D1Chris LR sent out Medicham (<strong>Medicham-Mega</strong>)!<br></div><div class="spacer battle-history"><br></div><h2 class="battle-history">Turn 30</h2><div class="spacer battle-history"><br></div><div class="battle-history">The opposing Medicham used <strong>Fake Out</strong>!<br></div><div class="battle-history"><small>(Greninja lost <abbr title="−87/285">30.5%</abbr> of its health!)</small><br></div><div class="spacer battle-history"><br></div><div class="battle-history">Greninja fainted!<br></div><div class="spacer battle-history"><br></div><div class="battle-history"><strong>D1Chris LR</strong> won the battle!<br></div><div class="chat">D1Chris LR ha ganado 6.75 PokeDolares.</div><div class="chat">Puntaje de red arevalo: 1414 → <strong>1381</strong><br>(-33 por perder)</div><div class="chat">Puntaje de D1Chris LR: 1157 → <strong>1205</strong><br>(+48 por ganar)</div><div class="chat chatmessage-d1chrislr"><strong style="color:hsl(272,86%,52.73163815488321%)"><small>☆</small><span class="username" data-name="D1Chris LR">D1Chris LR</span>:</strong> <em>gg</em></div></div><div class="inner-preempt"></div></div></div>
</div>
<script>
let daily = Math.floor(Date.now()/1000/60/60/24);document.write('<script src="https://play.pokemonshowdown.com/js/replay-embed.js?version'+daily+'"></'+'script>');
</script>
