<!DOCTYPE html>
<meta charset="utf-8" />
<!-- version 1 -->
<title>OU replay: moivu vs. Sonic Gear</title>
<style>
html,body {font-family:Verdana, sans-serif;font-size:10pt;margin:0;padding:0;}body{padding:12px 0;} .battle-log {font-family:Verdana, sans-serif;font-size:10pt;} .battle-log-inline {border:1px solid #AAAAAA;background:#EEF2F5;color:black;max-width:640px;margin:0 auto 80px;padding-bottom:5px;} .battle-log .inner {padding:4px 8px 0px 8px;} .battle-log .inner-preempt {padding:0 8px 4px 8px;} .battle-log .inner-after {margin-top:0.5em;} .battle-log h2 {margin:0.5em -8px;padding:4px 8px;border:1px solid #AAAAAA;background:#E0E7EA;border-left:0;border-right:0;font-family:Verdana, sans-serif;font-size:13pt;} .battle-log .chat {vertical-align:middle;padding:3px 0 3px 0;font-size:8pt;} .battle-log .chat strong {color:#40576A;} .battle-log .chat em {padding:1px 4px 1px 3px;color:#000000;font-style:normal;} .chat.mine {background:rgba(0,0,0,0.05);margin-left:-8px;margin-right:-8px;padding-left:8px;padding-right:8px;} .spoiler {color:#BBBBBB;background:#BBBBBB;padding:0px 3px;} .spoiler:hover, .spoiler:active, .spoiler-shown {color:#000000;background:#E2E2E2;padding:0px 3px;} .spoiler a {color:#BBBBBB;} .spoiler:hover a, .spoiler:active a, .spoiler-shown a {color:#2288CC;} .chat code, .chat .spoiler:hover code, .chat .spoiler:active code, .chat .spoiler-shown code {border:1px solid #C0C0C0;background:#EEEEEE;color:black;padding:0 2px;} .chat .spoiler code {border:1px solid #CCCCCC;background:#CCCCCC;color:#CCCCCC;} .battle-log .rated {padding:3px 4px;} .battle-log .rated strong {color:white;background:#89A;padding:1px 4px;border-radius:4px;} .spacer {margin-top:0.5em;} .message-announce {background:#6688AA;color:white;padding:1px 4px 2px;} .message-announce a, .broadcast-green a, .broadcast-blue a, .broadcast-red a {color:#DDEEFF;} .broadcast-green {background-color:#559955;color:white;padding:2px 4px;} .broadcast-blue {background-color:#6688AA;color:white;padding:2px 4px;} .infobox {border:1px solid #6688AA;padding:2px 4px;} .infobox-limited {max-height:200px;overflow:auto;overflow-x:hidden;} .broadcast-red {background-color:#AA5544;color:white;padding:2px 4px;} .message-learn-canlearn {font-weight:bold;color:#228822;text-decoration:underline;} .message-learn-cannotlearn {font-weight:bold;color:#CC2222;text-decoration:underline;} .message-effect-weak {font-weight:bold;color:#CC2222;} .message-effect-resist {font-weight:bold;color:#6688AA;} .message-effect-immune {font-weight:bold;color:#666666;} .message-learn-list {margin-top:0;margin-bottom:0;} .message-throttle-notice, .message-error {color:#992222;} .message-overflow, .chat small.message-overflow {font-size:0pt;} .message-overflow::before {font-size:9pt;content:'...';} .subtle {color:#3A4A66;}
</style>
<div class="wrapper replay-wrapper" style="max-width:1180px;margin:0 auto">
<input type="hidden" name="replayid" value="destiny-ou-420881" />
<div class="battle"></div><div class="battle-log"></div><div class="replay-controls"></div><div class="replay-controls-2"></div>
<h1 style="font-weight:normal;text-align:center"><strong>OU</strong><br /><a href="http://pokemonshowdown.com/users/moivu" class="subtle" target="_blank">moivu</a> vs. <a href="http://pokemonshowdown.com/users/sonicgear" class="subtle" target="_blank">Sonic Gear</a></h1>
<script type="text/plain" class="battle-log-data">|player|p1|moivu|moivu.gif?fecacfc1
|teamsize|p1|6
|player|p2|Sonic Gear|sonicgear-2.gif?9758c15b
|teamsize|p2|6
|teamsize|p1|6
|teamsize|p2|6
|gametype|singles
|gen|7
|tier|OU
|seed|31210,48627,21011,26952
|rule|Cláusula-Mod de Dormir: solo puedes dormir a uno de tus oponentes a la vez.
|rule|Cláusula de Especie: Hasta un Pokémon de cada especie
|rule|Cláusula de Golpe Fulminante: los movimientos fulminantes (OHKO) estan prohibidos
|rule|Cláusula de Veleta: la habilidad Veleta está prohibida
|rule|Cláusula de Movimientos Evasivos: los movimientos de Evasión están prohibidos.
|rule|Cláusula de Batallas Eternas: forzar batallas eternas está prohibido
|clearpoke
|poke|p1|Mawile, M|item
|poke|p1|Hydreigon, F|item
|poke|p1|Heatran, F|item
|poke|p1|Landorus-Therian, M|item
|poke|p1|Rotom-Wash|item
|poke|p1|Terrakion|item
|poke|p2|Tapu Lele|item
|poke|p2|Kartana|item
|poke|p2|Alakazam, M|item
|poke|p2|Tangrowth, M|item
|poke|p2|Garchomp, F|item
|poke|p2|Mantine, F|item
|teampreview|undefined
|choice|*team 423156|*
|choice|*|*team 123456
|choice|team 4, 2, 3, 1, 5, 6|team 1, 2, 3, 4, 5, 6
|
|start
|switch|p1a: Landorus|Landorus-Therian, M|381\/381
|switch|p2a: Tapu Lele|Tapu Lele|281\/281
|-fieldstart|move: Psychic Terrain|[from] ability: Psychic Surge|[of] p2a: Tapu Lele
|-ability|p1a: Landorus|Intimidate|boost
|-unboost|p2a: Tapu Lele|atk|1
|turn|1
|choice|*|*switch 5
|choice|*|*switch 5
|inactive|Reloj de batalla ENCENDIDO. El jugador inactivo será descalificado (solicitado por Sonic Gear).
|inactive|moivu tiene 285 segundos restantes.
|inactive|moivu tiene 270 segundos restantes.
|choice|*move 1|*
|choice|move uturn|switch 5
|
|switch|p2a: Garchomp|Garchomp, F|357\/357
|move|p1a: Landorus|U-turn|p2a: Garchomp
|-damage|p2a: Garchomp|272\/357
|-damage|p1a: Landorus|334\/381|[from] ability: Rough Skin|[of] p2a: Garchomp
|choice|*switch 2|*
|choice|switch 2|
|
|switch|p1a: Hydreigon|Hydreigon, F|325\/325|[from]move: U-turn
|
|upkeep
|turn|2
|choice|*|*switch 5
|choice|*move 2|*
|choice|move darkpulse|switch 5
|
|switch|p2a: Tapu Lele|Tapu Lele|281\/281
|move|p1a: Hydreigon|Dark Pulse|p2a: Tapu Lele
|-damage|p2a: Tapu Lele|104\/281
|
|upkeep
|turn|3
|choice|*move 2|*
|choice|*|*move 2
|choice|move darkpulse|move moonblast
|
|move|p1a: Hydreigon|Dark Pulse|p2a: Tapu Lele
|-damage|p2a: Tapu Lele|0 fnt
|faint|p2a: Tapu Lele
|
|upkeep
|c|☆Sonic Gear|k
|c|☆Sonic Gear|a con razon
|inactive|Sonic Gear tiene 285 segundos restantes.
|c|☆Sonic Gear|no tnia bien el set xD
|choice|*|*switch 2
|choice||switch 2
|
|switch|p2a: Kartana|Kartana|259\/259
|turn|4
|choice|*|*switch 4
|choice|*switch 3|*
|choice|switch 3|switch 4
|
|switch|p2a: Tangrowth|Tangrowth, M|404\/404
|switch|p1a: Heatran|Heatran, F|386\/386
|
|upkeep
|turn|5
|choice|*move 1|*
|inactive|Sonic Gear tiene 285 segundos restantes.
|choice|*|*move 4
|choice|move stealthrock|move earthquake
|
|move|p1a: Heatran|Stealth Rock|p2a: Tangrowth
|-sidestart|p2: Sonic Gear|move: Stealth Rock
|move|p2a: Tangrowth|Earthquake|p1a: Heatran
|-supereffective|p1a: Heatran
|-damage|p1a: Heatran|74\/386
|
|-heal|p1a: Heatran|98\/386|[from] item: Leftovers
|-fieldend|move: Psychic Terrain
|upkeep
|turn|6
|choice|*|*move 2
|choice|*|*move 4
|choice|*switch 2|*
|choice|switch 2|move earthquake
|
|switch|p1a: Landorus|Landorus-Therian, M|334\/381
|-ability|p1a: Landorus|Intimidate|boost
|-unboost|p2a: Tangrowth|atk|1
|move|p2a: Tangrowth|Earthquake|p1a: Landorus
|-immune|p1a: Landorus|[msg]
|
|-heal|p1a: Landorus|357\/381|[from] item: Leftovers
|upkeep
|turn|7
|choice|*|*move 2
|choice|*move 1|*
|choice|move uturn|move knockoff
|
|move|p1a: Landorus|U-turn|p2a: Tangrowth
|-supereffective|p2a: Tangrowth
|-damage|p2a: Tangrowth|292\/404
|choice|*switch 3|*
|choice|switch 3|
|
|switch|p1a: Hydreigon|Hydreigon, F|325\/325|[from]move: U-turn
|move|p2a: Tangrowth|Knock Off|p1a: Hydreigon
|-resisted|p1a: Hydreigon
|-damage|p1a: Hydreigon|299\/325
|-enditem|p1a: Hydreigon|Choice Specs|[from] move: Knock Off|[of] p2a: Tangrowth
|
|upkeep
|turn|8
|choice|*move 3|*
|inactive|Sonic Gear tiene 285 segundos restantes.
|choice|*|*move 3
|choice|move flamethrower|move hiddenpower
|
|move|p1a: Hydreigon|Flamethrower|p2a: Tangrowth
|-supereffective|p2a: Tangrowth
|-damage|p2a: Tangrowth|150\/404
|move|p2a: Tangrowth|Hidden Power|p1a: Hydreigon
|-supereffective|p1a: Hydreigon
|-damage|p1a: Hydreigon|185\/325
|
|upkeep
|turn|9
|choice|*|*switch 6
|choice|*move 4|*
|choice|move dracometeor|switch 6
|
|switch|p2a: Mantine|Mantine, F|374\/374
|-damage|p2a: Mantine|281\/374|[from] Stealth Rock
|move|p1a: Hydreigon|Draco Meteor|p2a: Mantine
|-damage|p2a: Mantine|110\/374
|-unboost|p1a: Hydreigon|spa|2
|
|-heal|p2a: Mantine|133\/374|[from] item: Leftovers
|upkeep
|turn|10
|choice|*move 4|*
|choice|*|*move 1
|choice|move dracometeor|move roost
|
|move|p1a: Hydreigon|Draco Meteor|p2a: Mantine
|-damage|p2a: Mantine|43\/374
|-unboost|p1a: Hydreigon|spa|2
|move|p2a: Mantine|Roost|p2a: Mantine
|-heal|p2a: Mantine|230\/374
|
|-heal|p2a: Mantine|253\/374|[from] item: Leftovers
|upkeep
|turn|11
|choice|*|*move 3
|inactive|moivu tiene 285 segundos restantes.
|choice|*switch 4|*
|choice|switch 4|move defog
|
|switch|p1a: Mawile|Mawile, M|282\/282
|-ability|p1a: Mawile|Intimidate|boost
|-unboost|p2a: Mantine|atk|1
|move|p2a: Mantine|Defog|p1a: Mawile
|-unboost|p1a: Mawile|evasion|1
|-sideend|p2: Sonic Gear|Stealth Rock|[from] move: Defog|[of] p2a: Mantine
|
|-heal|p2a: Mantine|276\/374|[from] item: Leftovers
|upkeep
|turn|12
|choice|*move 4 mega|*
|choice|*|*move 4
|choice|move playrough mega|move scald
|
|-mega|p1a: Mawile|Mawile|Mawilite
|detailschange|p1a: Mawile|Mawile-Mega, M
|move|p2a: Mantine|Scald|p1a: Mawile
|-damage|p1a: Mawile|206\/282
|-status|p1a: Mawile|brn
|move|p1a: Mawile|Play Rough|p2a: Mantine
|-damage|p2a: Mantine|129\/374
|
|-heal|p2a: Mantine|152\/374|[from] item: Leftovers
|-damage|p1a: Mawile|189\/282 brn|[from] brn
|upkeep
|turn|13
|choice|*move 2|*
|choice|*|*switch 4
|choice|move thunderpunch|switch 4
|
|switch|p2a: Kartana|Kartana|259\/259
|move|p1a: Mawile|Thunder Punch|p2a: Kartana
|-resisted|p2a: Kartana
|-damage|p2a: Kartana|223\/259
|
|-damage|p1a: Mawile|172\/282 brn|[from] brn
|upkeep
|turn|14
|choice|*|*move 4
|inactive|moivu tiene 285 segundos restantes.
|choice|*switch 3|*
|choice|switch 3|move smartstrike
|
|switch|p1a: Landorus|Landorus-Therian, M|357\/381
|-ability|p1a: Landorus|Intimidate|boost
|-unboost|p2a: Kartana|atk|1
|move|p2a: Kartana|Smart Strike|p1a: Landorus
|-crit|p1a: Landorus
|-damage|p1a: Landorus|159\/381
|
|-heal|p1a: Landorus|182\/381|[from] item: Leftovers
|upkeep
|turn|15
|choice|*|*switch 4
|choice|*move 1|*
|choice|move uturn|switch 4
|
|switch|p2a: Mantine|Mantine, F|152\/374
|move|p1a: Landorus|U-turn|p2a: Mantine
|-resisted|p2a: Mantine
|-crit|p2a: Mantine
|-damage|p2a: Mantine|100\/374
|choice|*switch 3|*
|choice|switch 3|
|
|switch|p1a: Mawile|Mawile-Mega, M|172\/282 brn|[from]move: U-turn
|
|-heal|p2a: Mantine|123\/374|[from] item: Leftovers
|-damage|p1a: Mawile|155\/282 brn|[from] brn
|upkeep
|turn|16
|choice|*move 2|*
|choice|*|*move 1
|choice|move thunderpunch|move roost
|
|move|p2a: Mantine|Roost|p2a: Mantine
|-heal|p2a: Mantine|310\/374
|move|p1a: Mawile|Thunder Punch|p2a: Mantine
|-supereffective|p2a: Mantine
|-damage|p2a: Mantine|169\/374
|
|-heal|p2a: Mantine|192\/374|[from] item: Leftovers
|-damage|p1a: Mawile|138\/282 brn|[from] brn
|upkeep
|turn|17
|choice|*|*move 1
|choice|*|*move 1
|choice|*switch 5|*
|choice|switch 5|move roost
|
|switch|p1a: Rotom|Rotom-Wash|303\/303
|move|p2a: Mantine|Roost|p2a: Mantine
|-heal|p2a: Mantine|374\/374
|
|upkeep
|turn|18
|choice|*|*switch 6
|choice|*move 1|*
|choice|move willowisp|switch 6
|
|switch|p2a: Tangrowth|Tangrowth, M|284\/404
|move|p1a: Rotom|Will-O-Wisp|p2a: Tangrowth
|-status|p2a: Tangrowth|brn
|
|-damage|p2a: Tangrowth|259\/404 brn|[from] brn
|upkeep
|turn|19
|choice|*|*move 4
|choice|*move 4|*
|choice|move voltswitch|move earthquake
|
|move|p1a: Rotom|Volt Switch|p2a: Tangrowth
|-resisted|p2a: Tangrowth
|-crit|p2a: Tangrowth
|-damage|p2a: Tangrowth|208\/404 brn
|choice|*switch 3|*
|choice|switch 3|
|
|switch|p1a: Landorus|Landorus-Therian, M|182\/381|[from]move: Volt Switch
|-ability|p1a: Landorus|Intimidate|boost
|-unboost|p2a: Tangrowth|atk|1
|move|p2a: Tangrowth|Earthquake|p1a: Landorus
|-immune|p1a: Landorus|[msg]
|
|-heal|p1a: Landorus|205\/381|[from] item: Leftovers
|-damage|p2a: Tangrowth|183\/404 brn|[from] brn
|upkeep
|turn|20
|choice|*|*move 4
|choice|*move 2|*
|choice|move earthquake|move earthquake
|
|move|p1a: Landorus|Earthquake|p2a: Tangrowth
|-resisted|p2a: Tangrowth
|-damage|p2a: Tangrowth|112\/404 brn
|move|p2a: Tangrowth|Earthquake|p1a: Landorus
|-immune|p1a: Landorus|[msg]
|
|-heal|p1a: Landorus|228\/381|[from] item: Leftovers
|-damage|p2a: Tangrowth|87\/404 brn|[from] brn
|upkeep
|turn|21
|choice|*|*switch 6
|choice|*move 1|*
|choice|move uturn|switch 6
|
|switch|p2a: Mantine|Mantine, F|374\/374
|move|p1a: Landorus|U-turn|p2a: Mantine
|-resisted|p2a: Mantine
|-damage|p2a: Mantine|340\/374
|choice|*switch 3|*
|choice|switch 3|
|
|switch|p1a: Rotom|Rotom-Wash|303\/303|[from]move: U-turn
|
|-heal|p2a: Mantine|363\/374|[from] item: Leftovers
|upkeep
|turn|22
|choice|*move 4|*
|choice|*|*switch 6
|choice|move voltswitch|switch 6
|
|switch|p2a: Tangrowth|Tangrowth, M|221\/404 brn
|move|p1a: Rotom|Volt Switch|p2a: Tangrowth
|-resisted|p2a: Tangrowth
|-damage|p2a: Tangrowth|188\/404 brn
|inactive|moivu tiene 285 segundos restantes.
|choice|*switch 3|*
|choice|switch 3|
|
|switch|p1a: Landorus|Landorus-Therian, M|228\/381|[from]move: Volt Switch
|-ability|p1a: Landorus|Intimidate|boost
|-unboost|p2a: Tangrowth|atk|1
|
|-heal|p1a: Landorus|251\/381|[from] item: Leftovers
|-damage|p2a: Tangrowth|163\/404 brn|[from] brn
|upkeep
|turn|23
|choice|*move 4|*
|inactive|Sonic Gear tiene 285 segundos restantes.
|choice|*|*move 3
|choice|move hiddenpower|move hiddenpower
|
|move|p1a: Landorus|Hidden Power|p2a: Tangrowth
|-supereffective|p2a: Tangrowth
|-damage|p2a: Tangrowth|91\/404 brn
|move|p2a: Tangrowth|Hidden Power|p1a: Landorus
|-supereffective|p1a: Landorus
|-damage|p1a: Landorus|0 fnt
|faint|p1a: Landorus
|
|-damage|p2a: Tangrowth|66\/404 brn|[from] brn
|upkeep
|choice|*switch 4|*
|choice|switch 4|
|
|switch|p1a: Hydreigon|Hydreigon, F|185\/325
|turn|24
|choice|*|*switch 6
|choice|*move 2|*
|choice|move darkpulse|switch 6
|
|switch|p2a: Mantine|Mantine, F|363\/374
|move|p1a: Hydreigon|Dark Pulse|p2a: Mantine
|-damage|p2a: Mantine|260\/374
|
|-heal|p2a: Mantine|283\/374|[from] item: Leftovers
|upkeep
|turn|25
|choice|*|*move 2
|choice|*move 2|*
|choice|move darkpulse|move toxic
|
|move|p1a: Hydreigon|Dark Pulse|p2a: Mantine
|-crit|p2a: Mantine
|-damage|p2a: Mantine|133\/374
|cant|p2a: Mantine|flinch
|
|-heal|p2a: Mantine|156\/374|[from] item: Leftovers
|upkeep
|turn|26
|choice|*|*move 1
|choice|*move 4|*
|choice|move dracometeor|move roost
|
|move|p1a: Hydreigon|Draco Meteor|p2a: Mantine
|-damage|p2a: Mantine|0 fnt
|-unboost|p1a: Hydreigon|spa|2
|faint|p2a: Mantine
|
|upkeep
|choice|*|*switch 4
|choice||switch 4
|
|switch|p2a: Kartana|Kartana|223\/259
|turn|27
|choice|*move 3|*
|choice|*|*move 3
|choice|move flamethrower|move sacredsword
|
|move|p2a: Kartana|Sacred Sword|p1a: Hydreigon
|-supereffective|p1a: Hydreigon
|-crit|p1a: Hydreigon
|-damage|p1a: Hydreigon|0 fnt
|faint|p1a: Hydreigon
|-ability|p2a: Kartana|Beast Boost|boost
|-boost|p2a: Kartana|atk|1
|
|upkeep
|choice|*switch 3|*
|choice|switch 3|
|
|switch|p1a: Rotom|Rotom-Wash|303\/303
|turn|28
|choice|*move 3|*
|choice|*|*switch 6
|choice|move hydropump|switch 6
|
|switch|p2a: Tangrowth|Tangrowth, M|200\/404 brn
|move|p1a: Rotom|Hydro Pump|p2a: Tangrowth
|-resisted|p2a: Tangrowth
|-damage|p2a: Tangrowth|152\/404 brn
|
|-damage|p2a: Tangrowth|127\/404 brn|[from] brn
|upkeep
|turn|29
|choice|*|*move 4
|choice|*move 4|*
|choice|move voltswitch|move earthquake
|
|move|p1a: Rotom|Volt Switch|p2a: Tangrowth
|-resisted|p2a: Tangrowth
|-damage|p2a: Tangrowth|93\/404 brn
|choice|*switch 2|*
|choice|switch 2|
|
|switch|p1a: Heatran|Heatran, F|98\/386|[from]move: Volt Switch
|move|p2a: Tangrowth|Earthquake|p1a: Heatran
|-supereffective|p1a: Heatran
|-damage|p1a: Heatran|0 fnt
|faint|p1a: Heatran
|
|-damage|p2a: Tangrowth|68\/404 brn|[from] brn
|upkeep
|choice|*switch 6|*
|choice|switch 6|
|
|switch|p1a: Terrakion|Terrakion|323\/323
|turn|30
|choice|*|*move 1
|choice|*move 3|*
|choice|move rockslide|move gigadrain
|
|move|p1a: Terrakion|Rock Slide|p2a: Tangrowth|[miss]
|-miss|p1a: Terrakion|p2a: Tangrowth
|move|p2a: Tangrowth|Giga Drain|p1a: Terrakion
|-supereffective|p1a: Terrakion
|-damage|p1a: Terrakion|129\/323
|-heal|p2a: Tangrowth|165\/404 brn|[from] drain|[of] p1a: Terrakion
|
|-damage|p2a: Tangrowth|140\/404 brn|[from] brn
|upkeep
|turn|31
|choice|*move 3|*
|choice|*|*move 1
|choice|move rockslide|move gigadrain
|
|move|p1a: Terrakion|Rock Slide|p2a: Tangrowth
|-damage|p2a: Tangrowth|40\/404 brn
|move|p2a: Tangrowth|Giga Drain|p1a: Terrakion
|-supereffective|p1a: Terrakion
|-damage|p1a: Terrakion|0 fnt
|-heal|p2a: Tangrowth|105\/404 brn|[from] drain|[of] p1a: Terrakion
|faint|p1a: Terrakion
|
|-damage|p2a: Tangrowth|80\/404 brn|[from] brn
|upkeep
|choice|*switch 2|*
|choice|switch 2|
|
|switch|p1a: Rotom|Rotom-Wash|303\/303
|turn|32
|choice|*move 4|*
|choice|*|*move 1
|choice|move voltswitch|move gigadrain
|
|move|p1a: Rotom|Volt Switch|p2a: Tangrowth
|-resisted|p2a: Tangrowth
|-crit|p2a: Tangrowth
|-damage|p2a: Tangrowth|34\/404 brn
|choice|*switch 5|*
|choice|switch 5|
|
|switch|p1a: Mawile|Mawile-Mega, M|138\/282 brn|[from]move: Volt Switch
|move|p2a: Tangrowth|Giga Drain|p1a: Mawile
|-resisted|p1a: Mawile
|-damage|p1a: Mawile|92\/282 brn
|-heal|p2a: Tangrowth|57\/404 brn|[from] drain|[of] p1a: Mawile
|
|-damage|p1a: Mawile|75\/282 brn|[from] brn
|-damage|p2a: Tangrowth|32\/404 brn|[from] brn
|upkeep
|turn|33
|choice|*|*move 4
|choice|*move 3|*
|choice|move suckerpunch|move earthquake
|
|move|p1a: Mawile|Sucker Punch|p2a: Tangrowth
|-damage|p2a: Tangrowth|0 fnt
|faint|p2a: Tangrowth
|
|-damage|p1a: Mawile|58\/282 brn|[from] brn
|upkeep
|choice|*|*switch 5
|choice||switch 5
|
|switch|p2a: Garchomp|Garchomp, F|272\/357
|turn|34
|choice|*|*move 4
|choice|*move 3|*
|choice|move suckerpunch|move earthquake
|
|move|p1a: Mawile|Sucker Punch|p2a: Garchomp
|-damage|p2a: Garchomp|187\/357
|-damage|p1a: Mawile|23\/282 brn|[from] ability: Rough Skin|[of] p2a: Garchomp
|move|p2a: Garchomp|Earthquake|p1a: Mawile
|-supereffective|p1a: Mawile
|-damage|p1a: Mawile|0 fnt
|faint|p1a: Mawile
|
|upkeep
|choice|*switch 5|*
|choice|switch 5|
|
|switch|p1a: Rotom|Rotom-Wash|303\/303
|turn|35
|c|☆Sonic Gear|gg :D
|choice|*|*move 3 zmove
|choice|*move 3|*
|choice|move hydropump|move outrage zmove
|
|-zpower|p2a: Garchomp
|move|p2a: Garchomp|Devastating Drake|p1a: Rotom|[zeffect]
|-crit|p1a: Rotom
|-damage|p1a: Rotom|0 fnt
|faint|p1a: Rotom
|
|win|Sonic Gear
|c|☆moivu|bie jugado bro
|c|☆Sonic Gear|x2
|c|☆moivu|felicidades
|c|☆moivu|esta para war
</script>
</div>
<div class="battle-log battle-log-inline"><div class="inner"><div class="battle-options"></div><div class="inner"><div class=""><small>Format:</small> <br><strong>OU</strong></div><div class=""><small><em>Cláusula-Mod de Dormir:</em> solo puedes dormir a uno de tus oponentes a la vez.</small></div><div class=""><small><em>Cláusula de Especie:</em> Hasta un Pokémon de cada especie</small></div><div class=""><small><em>Cláusula de Golpe Fulminante:</em> los movimientos fulminantes (OHKO) estan prohibidos</small></div><div class=""><small><em>Cláusula de Veleta:</em> la habilidad Veleta está prohibida</small></div><div class=""><small><em>Cláusula de Movimientos Evasivos:</em> los movimientos de Evasión están prohibidos.</small></div><div class=""><small><em>Cláusula de Batallas Eternas:</em> forzar batallas eternas está prohibido</small></div><div class="chat battle-history"><strong>moivu's team:</strong> <em style="color:#445566;display:block;">Mawile / Hydreigon / Heatran / Landorus-Therian / Rotom-Wash / Terrakion</em></div><div class="chat battle-history"><strong>Sonic Gear's team:</strong> <em style="color:#445566;display:block;">Tapu Lele / Kartana / Alakazam / Tangrowth / Garchomp / Mantine</em></div><div class="spacer battle-history"><br></div><div class="battle-history">Battle started between moivu and Sonic Gear!<br></div><div class="spacer battle-history"><br></div><div class="battle-history">Go! Landorus (<strong>Landorus-Therian</strong>)!<br></div><div class="spacer battle-history"><br></div><div class="battle-history">Sonic Gear sent out <strong>Tapu Lele</strong>!<br></div><div class="battle-history"><small>[The opposing Tapu Lele's Psychic Surge]</small><br><small>The battlefield got weird!</small><br></div><div class="battle-history"><small>[Landorus's Intimidate]</small><br></div><div class="battle-history"><small>The opposing Tapu Lele's Attack fell!</small><br></div><div class="spacer battle-history"><br></div><h2 class="battle-history">Turn 1</h2><div class="chat message-error">Reloj de batalla ENCENDIDO. El jugador inactivo será descalificado (solicitado por Sonic Gear).</div><div class="chat message-error">moivu tiene 285 segundos restantes.</div><div class="chat message-error">moivu tiene 270 segundos restantes.</div><div class="spacer battle-history"><br></div><div class="battle-history">Sonic Gear withdrew Tapu Lele!<br></div><div class="battle-history">Sonic Gear sent out <strong>Garchomp</strong>!<br></div><div class="spacer battle-history"><br></div><div class="battle-history">Landorus used <strong>U-turn</strong>!<br></div><div class="battle-history"><small>(The opposing Garchomp lost <abbr title="−85/357">23.8%</abbr> of its health!)</small><br></div><div class="battle-history"><small>[The opposing Garchomp's Rough Skin]</small><br><small>Landorus was hurt!</small><br></div><div class="spacer battle-history"><br></div><div class="battle-history">Landorus went back to moivu!<br></div><div class="battle-history">Go! <strong>Hydreigon</strong>!<br></div><div class="spacer battle-history"><br></div><h2 class="battle-history">Turn 2</h2><div class="spacer battle-history"><br></div><div class="battle-history">Sonic Gear withdrew Garchomp!<br></div><div class="battle-history">Sonic Gear sent out <strong>Tapu Lele</strong>!<br></div><div class="spacer battle-history"><br></div><div class="battle-history">Hydreigon used <strong>Dark Pulse</strong>!<br></div><div class="battle-history"><small>(The opposing Tapu Lele lost <abbr title="−177/281">63.0%</abbr> of its health!)</small><br></div><div class="spacer battle-history"><br></div><h2 class="battle-history">Turn 3</h2><div class="spacer battle-history"><br></div><div class="battle-history">Hydreigon used <strong>Dark Pulse</strong>!<br></div><div class="battle-history"><small>(The opposing Tapu Lele lost <abbr title="−104/281">37.0%</abbr> of its health!)</small><br></div><div class="spacer battle-history"><br></div><div class="battle-history">The opposing Tapu Lele fainted!<br></div><div class="chat chatmessage-sonicgear"><strong style="color:hsl(238,57%,63.39054039924169%)"><small>☆</small><span class="username" data-name="Sonic Gear">Sonic Gear</span>:</strong> <em>k</em></div><div class="chat chatmessage-sonicgear"><strong style="color:hsl(238,57%,63.39054039924169%)"><small>☆</small><span class="username" data-name="Sonic Gear">Sonic Gear</span>:</strong> <em>a con razon</em></div><div class="chat message-error">Sonic Gear tiene 285 segundos restantes.</div><div class="chat chatmessage-sonicgear"><strong style="color:hsl(238,57%,63.39054039924169%)"><small>☆</small><span class="username" data-name="Sonic Gear">Sonic Gear</span>:</strong> <em>no tnia bien el set xD</em></div><div class="spacer battle-history"><br></div><div class="battle-history">Sonic Gear sent out <strong>Kartana</strong>!<br></div><div class="spacer battle-history"><br></div><h2 class="battle-history">Turn 4</h2><div class="spacer battle-history"><br></div><div class="battle-history">Sonic Gear withdrew Kartana!<br></div><div class="battle-history">Sonic Gear sent out <strong>Tangrowth</strong>!<br></div><div class="spacer battle-history"><br></div><div class="battle-history">Hydreigon, come back!<br></div><div class="battle-history">Go! <strong>Heatran</strong>!<br></div><div class="spacer battle-history"><br></div><h2 class="battle-history">Turn 5</h2><div class="chat message-error">Sonic Gear tiene 285 segundos restantes.</div><div class="spacer battle-history"><br></div><div class="battle-history">Heatran used <strong>Stealth Rock</strong>!<br></div><div class="battle-history"><small>Pointed stones float in the air around the opposing team!</small><br></div><div class="spacer battle-history"><br></div><div class="battle-history">The opposing Tangrowth used <strong>Earthquake</strong>!<br></div><div class="battle-history"><small>It's super effective!</small><br></div><div class="battle-history"><small>(Heatran lost <abbr title="−312/386">80.8%</abbr> of its health!)</small><br></div><div class="spacer battle-history"><br></div><div class="battle-history"><small>Heatran restored a little HP using its Leftovers!</small><br></div><div class="battle-history"><small>The weirdness disappeared from the battlefield!</small><br></div><div class="spacer battle-history"><br></div><h2 class="battle-history">Turn 6</h2><div class="spacer battle-history"><br></div><div class="battle-history">Heatran, come back!<br></div><div class="battle-history">Go! Landorus (<strong>Landorus-Therian</strong>)!<br></div><div class="battle-history"><small>[Landorus's Intimidate]</small><br></div><div class="battle-history"><small>The opposing Tangrowth's Attack fell!</small><br></div><div class="spacer battle-history"><br></div><div class="battle-history">The opposing Tangrowth used <strong>Earthquake</strong>!<br></div><div class="battle-history"><small>It doesn't affect Landorus...</small><br></div><div class="spacer battle-history"><br></div><div class="battle-history"><small>Landorus restored a little HP using its Leftovers!</small><br></div><div class="spacer battle-history"><br></div><h2 class="battle-history">Turn 7</h2><div class="spacer battle-history"><br></div><div class="battle-history">Landorus used <strong>U-turn</strong>!<br></div><div class="battle-history"><small>It's super effective!</small><br></div><div class="battle-history"><small>(The opposing Tangrowth lost <abbr title="−112/404">27.7%</abbr> of its health!)</small><br></div><div class="spacer battle-history"><br></div><div class="battle-history">Landorus went back to moivu!<br></div><div class="battle-history">Go! <strong>Hydreigon</strong>!<br></div><div class="spacer battle-history"><br></div><div class="battle-history">The opposing Tangrowth used <strong>Knock Off</strong>!<br></div><div class="battle-history"><small>It's not very effective...</small><br></div><div class="battle-history"><small>(Hydreigon lost <abbr title="−26/325">8%</abbr> of its health!)</small><br></div><div class="battle-history"><small>The opposing Tangrowth knocked off Hydreigon's Choice Specs!</small><br></div><div class="spacer battle-history"><br></div><h2 class="battle-history">Turn 8</h2><div class="chat message-error">Sonic Gear tiene 285 segundos restantes.</div><div class="spacer battle-history"><br></div><div class="battle-history">Hydreigon used <strong>Flamethrower</strong>!<br></div><div class="battle-history"><small>It's super effective!</small><br></div><div class="battle-history"><small>(The opposing Tangrowth lost <abbr title="−142/404">35.1%</abbr> of its health!)</small><br></div><div class="spacer battle-history"><br></div><div class="battle-history">The opposing Tangrowth used <strong>Hidden Power</strong>!<br></div><div class="battle-history"><small>It's super effective!</small><br></div><div class="battle-history"><small>(Hydreigon lost <abbr title="−114/325">35.1%</abbr> of its health!)</small><br></div><div class="spacer battle-history"><br></div><h2 class="battle-history">Turn 9</h2><div class="spacer battle-history"><br></div><div class="battle-history">Sonic Gear withdrew Tangrowth!<br></div><div class="battle-history">Sonic Gear sent out <strong>Mantine</strong>!<br></div><div class="battle-history"><small>Pointed stones dug into the opposing Mantine!</small><br></div><div class="spacer battle-history"><br></div><div class="battle-history">Hydreigon used <strong>Draco Meteor</strong>!<br></div><div class="battle-history"><small>(The opposing Mantine lost <abbr title="−171/374">45.7%</abbr> of its health!)</small><br></div><div class="battle-history"><small>Hydreigon's Special Attack fell harshly!</small><br></div><div class="spacer battle-history"><br></div><div class="battle-history"><small>The opposing Mantine restored a little HP using its Leftovers!</small><br></div><div class="spacer battle-history"><br></div><h2 class="battle-history">Turn 10</h2><div class="spacer battle-history"><br></div><div class="battle-history">Hydreigon used <strong>Draco Meteor</strong>!<br></div><div class="battle-history"><small>(The opposing Mantine lost <abbr title="−90/374">24.1%</abbr> of its health!)</small><br></div><div class="battle-history"><small>Hydreigon's Special Attack fell harshly!</small><br></div><div class="spacer battle-history"><br></div><div class="battle-history">The opposing Mantine used <strong>Roost</strong>!<br></div><div class="battle-history"><small>The opposing Mantine restored its HP.</small><br></div><div class="spacer battle-history"><br></div><div class="battle-history"><small>The opposing Mantine restored a little HP using its Leftovers!</small><br></div><div class="spacer battle-history"><br></div><h2 class="battle-history">Turn 11</h2><div class="chat message-error">moivu tiene 285 segundos restantes.</div><div class="spacer battle-history"><br></div><div class="battle-history">Hydreigon, come back!<br></div><div class="battle-history">Go! <strong>Mawile</strong>!<br></div><div class="battle-history"><small>[Mawile's Intimidate]</small><br></div><div class="battle-history"><small>The opposing Mantine's Attack fell!</small><br></div><div class="spacer battle-history"><br></div><div class="battle-history">The opposing Mantine used <strong>Defog</strong>!<br></div><div class="battle-history"><small>Mawile's evasiveness fell!</small><br></div><div class="battle-history"><small>The pointed stones disappeared from around the opposing team!</small><br></div><div class="spacer battle-history"><br></div><div class="battle-history"><small>The opposing Mantine restored a little HP using its Leftovers!</small><br></div><div class="spacer battle-history"><br></div><h2 class="battle-history">Turn 12</h2><div class="spacer battle-history"><br></div><div class="battle-history"><small>Mawile's Mawilite is reacting to the Key Stone!</small><br>Mawile has Mega Evolved into Mega Mawile!<br></div><div class="spacer battle-history"><br></div><div class="battle-history">The opposing Mantine used <strong>Scald</strong>!<br></div><div class="battle-history"><small>(Mawile lost <abbr title="−76/282">27.0%</abbr> of its health!)</small><br></div><div class="battle-history"><small>Mawile was burned!</small><br></div><div class="spacer battle-history"><br></div><div class="battle-history">Mawile used <strong>Play Rough</strong>!<br></div><div class="battle-history"><small>(The opposing Mantine lost <abbr title="−147/374">39.3%</abbr> of its health!)</small><br></div><div class="spacer battle-history"><br></div><div class="battle-history"><small>The opposing Mantine restored a little HP using its Leftovers!</small><br></div><div class="battle-history"><small>Mawile was hurt by its burn!</small><br></div><div class="spacer battle-history"><br></div><h2 class="battle-history">Turn 13</h2><div class="spacer battle-history"><br></div><div class="battle-history">Sonic Gear withdrew Mantine!<br></div><div class="battle-history">Sonic Gear sent out <strong>Kartana</strong>!<br></div><div class="spacer battle-history"><br></div><div class="battle-history">Mawile used <strong>Thunder Punch</strong>!<br></div><div class="battle-history"><small>It's not very effective...</small><br></div><div class="battle-history"><small>(The opposing Kartana lost <abbr title="−36/259">13.9%</abbr> of its health!)</small><br></div><div class="spacer battle-history"><br></div><div class="battle-history"><small>Mawile was hurt by its burn!</small><br></div><div class="spacer battle-history"><br></div><h2 class="battle-history">Turn 14</h2><div class="chat message-error">moivu tiene 285 segundos restantes.</div><div class="spacer battle-history"><br></div><div class="battle-history">Mawile, come back!<br></div><div class="battle-history">Go! Landorus (<strong>Landorus-Therian</strong>)!<br></div><div class="battle-history"><small>[Landorus's Intimidate]</small><br></div><div class="battle-history"><small>The opposing Kartana's Attack fell!</small><br></div><div class="spacer battle-history"><br></div><div class="battle-history">The opposing Kartana used <strong>Smart Strike</strong>!<br></div><div class="battle-history"><small>A critical hit!</small><br></div><div class="battle-history"><small>(Landorus lost <abbr title="−198/381">52.0%</abbr> of its health!)</small><br></div><div class="spacer battle-history"><br></div><div class="battle-history"><small>Landorus restored a little HP using its Leftovers!</small><br></div><div class="spacer battle-history"><br></div><h2 class="battle-history">Turn 15</h2><div class="spacer battle-history"><br></div><div class="battle-history">Sonic Gear withdrew Kartana!<br></div><div class="battle-history">Sonic Gear sent out <strong>Mantine</strong>!<br></div><div class="spacer battle-history"><br></div><div class="battle-history">Landorus used <strong>U-turn</strong>!<br></div><div class="battle-history"><small>It's not very effective...</small><br></div><div class="battle-history"><small>A critical hit!</small><br></div><div class="battle-history"><small>(The opposing Mantine lost <abbr title="−52/374">13.9%</abbr> of its health!)</small><br></div><div class="spacer battle-history"><br></div><div class="battle-history">Landorus went back to moivu!<br></div><div class="battle-history">Go! Mawile (<strong>Mawile-Mega</strong>)!<br></div><div class="spacer battle-history"><br></div><div class="battle-history"><small>The opposing Mantine restored a little HP using its Leftovers!</small><br></div><div class="battle-history"><small>Mawile was hurt by its burn!</small><br></div><div class="spacer battle-history"><br></div><h2 class="battle-history">Turn 16</h2><div class="spacer battle-history"><br></div><div class="battle-history">The opposing Mantine used <strong>Roost</strong>!<br></div><div class="battle-history"><small>The opposing Mantine restored its HP.</small><br></div><div class="spacer battle-history"><br></div><div class="battle-history">Mawile used <strong>Thunder Punch</strong>!<br></div><div class="battle-history"><small>It's super effective!</small><br></div><div class="battle-history"><small>(The opposing Mantine lost <abbr title="−141/374">37.7%</abbr> of its health!)</small><br></div><div class="spacer battle-history"><br></div><div class="battle-history"><small>The opposing Mantine restored a little HP using its Leftovers!</small><br></div><div class="battle-history"><small>Mawile was hurt by its burn!</small><br></div><div class="spacer battle-history"><br></div><h2 class="battle-history">Turn 17</h2><div class="spacer battle-history"><br></div><div class="battle-history">Mawile, come back!<br></div><div class="battle-history">Go! Rotom (<strong>Rotom-Wash</strong>)!<br></div><div class="spacer battle-history"><br></div><div class="battle-history">The opposing Mantine used <strong>Roost</strong>!<br></div><div class="battle-history"><small>The opposing Mantine restored its HP.</small><br></div><div class="spacer battle-history"><br></div><h2 class="battle-history">Turn 18</h2><div class="spacer battle-history"><br></div><div class="battle-history">Sonic Gear withdrew Mantine!<br></div><div class="battle-history">Sonic Gear sent out <strong>Tangrowth</strong>!<br></div><div class="spacer battle-history"><br></div><div class="battle-history">Rotom used <strong>Will-O-Wisp</strong>!<br></div><div class="battle-history"><small>The opposing Tangrowth was burned!</small><br></div><div class="spacer battle-history"><br></div><div class="battle-history"><small>The opposing Tangrowth was hurt by its burn!</small><br></div><div class="spacer battle-history"><br></div><h2 class="battle-history">Turn 19</h2><div class="spacer battle-history"><br></div><div class="battle-history">Rotom used <strong>Volt Switch</strong>!<br></div><div class="battle-history"><small>It's not very effective...</small><br></div><div class="battle-history"><small>A critical hit!</small><br></div><div class="battle-history"><small>(The opposing Tangrowth lost <abbr title="−51/404">12.6%</abbr> of its health!)</small><br></div><div class="spacer battle-history"><br></div><div class="battle-history">Rotom went back to moivu!<br></div><div class="battle-history">Go! Landorus (<strong>Landorus-Therian</strong>)!<br></div><div class="battle-history"><small>[Landorus's Intimidate]</small><br></div><div class="battle-history"><small>The opposing Tangrowth's Attack fell!</small><br></div><div class="spacer battle-history"><br></div><div class="battle-history">The opposing Tangrowth used <strong>Earthquake</strong>!<br></div><div class="battle-history"><small>It doesn't affect Landorus...</small><br></div><div class="spacer battle-history"><br></div><div class="battle-history"><small>Landorus restored a little HP using its Leftovers!</small><br></div><div class="battle-history"><small>The opposing Tangrowth was hurt by its burn!</small><br></div><div class="spacer battle-history"><br></div><h2 class="battle-history">Turn 20</h2><div class="spacer battle-history"><br></div><div class="battle-history">Landorus used <strong>Earthquake</strong>!<br></div><div class="battle-history"><small>It's not very effective...</small><br></div><div class="battle-history"><small>(The opposing Tangrowth lost <abbr title="−71/404">17.6%</abbr> of its health!)</small><br></div><div class="spacer battle-history"><br></div><div class="battle-history">The opposing Tangrowth used <strong>Earthquake</strong>!<br></div><div class="battle-history"><small>It doesn't affect Landorus...</small><br></div><div class="spacer battle-history"><br></div><div class="battle-history"><small>Landorus restored a little HP using its Leftovers!</small><br></div><div class="battle-history"><small>The opposing Tangrowth was hurt by its burn!</small><br></div><div class="spacer battle-history"><br></div><h2 class="battle-history">Turn 21</h2><div class="spacer battle-history"><br></div><div class="battle-history">Sonic Gear withdrew Tangrowth!<br></div><div class="battle-history">Sonic Gear sent out <strong>Mantine</strong>!<br></div><div class="spacer battle-history"><br></div><div class="battle-history">Landorus used <strong>U-turn</strong>!<br></div><div class="battle-history"><small>It's not very effective...</small><br></div><div class="battle-history"><small>(The opposing Mantine lost <abbr title="−34/374">9.1%</abbr> of its health!)</small><br></div><div class="spacer battle-history"><br></div><div class="battle-history">Landorus went back to moivu!<br></div><div class="battle-history">Go! Rotom (<strong>Rotom-Wash</strong>)!<br></div><div class="spacer battle-history"><br></div><div class="battle-history"><small>The opposing Mantine restored a little HP using its Leftovers!</small><br></div><div class="spacer battle-history"><br></div><h2 class="battle-history">Turn 22</h2><div class="spacer battle-history"><br></div><div class="battle-history">Sonic Gear withdrew Mantine!<br></div><div class="battle-history">Sonic Gear sent out <strong>Tangrowth</strong>!<br></div><div class="spacer battle-history"><br></div><div class="battle-history">Rotom used <strong>Volt Switch</strong>!<br></div><div class="battle-history"><small>It's not very effective...</small><br></div><div class="battle-history"><small>(The opposing Tangrowth lost <abbr title="−33/404">8.2%</abbr> of its health!)</small><br></div><div class="chat message-error">moivu tiene 285 segundos restantes.</div><div class="spacer battle-history"><br></div><div class="battle-history">Rotom went back to moivu!<br></div><div class="battle-history">Go! Landorus (<strong>Landorus-Therian</strong>)!<br></div><div class="battle-history"><small>[Landorus's Intimidate]</small><br></div><div class="battle-history"><small>The opposing Tangrowth's Attack fell!</small><br></div><div class="spacer battle-history"><br></div><div class="battle-history"><small>Landorus restored a little HP using its Leftovers!</small><br></div><div class="battle-history"><small>The opposing Tangrowth was hurt by its burn!</small><br></div><div class="spacer battle-history"><br></div><h2 class="battle-history">Turn 23</h2><div class="chat message-error">Sonic Gear tiene 285 segundos restantes.</div><div class="spacer battle-history"><br></div><div class="battle-history">Landorus used <strong>Hidden Power</strong>!<br></div><div class="battle-history"><small>It's super effective!</small><br></div><div class="battle-history"><small>(The opposing Tangrowth lost <abbr title="−72/404">17.8%</abbr> of its health!)</small><br></div><div class="spacer battle-history"><br></div><div class="battle-history">The opposing Tangrowth used <strong>Hidden Power</strong>!<br></div><div class="battle-history"><small>It's super effective!</small><br></div><div class="battle-history"><small>(Landorus lost <abbr title="−251/381">65.9%</abbr> of its health!)</small><br></div><div class="spacer battle-history"><br></div><div class="battle-history">Landorus fainted!<br></div><div class="spacer battle-history"><br></div><div class="battle-history"><small>The opposing Tangrowth was hurt by its burn!</small><br></div><div class="spacer battle-history"><br></div><div class="battle-history">Go! <strong>Hydreigon</strong>!<br></div><div class="spacer battle-history"><br></div><h2 class="battle-history">Turn 24</h2><div class="spacer battle-history"><br></div><div class="battle-history">Sonic Gear withdrew Tangrowth!<br></div><div class="battle-history">Sonic Gear sent out <strong>Mantine</strong>!<br></div><div class="spacer battle-history"><br></div><div class="battle-history">Hydreigon used <strong>Dark Pulse</strong>!<br></div><div class="battle-history"><small>(The opposing Mantine lost <abbr title="−103/374">27.5%</abbr> of its health!)</small><br></div><div class="spacer battle-history"><br></div><div class="battle-history"><small>The opposing Mantine restored a little HP using its Leftovers!</small><br></div><div class="spacer battle-history"><br></div><h2 class="battle-history">Turn 25</h2><div class="spacer battle-history"><br></div><div class="battle-history">Hydreigon used <strong>Dark Pulse</strong>!<br></div><div class="battle-history"><small>A critical hit!</small><br></div><div class="battle-history"><small>(The opposing Mantine lost <abbr title="−150/374">40.1%</abbr> of its health!)</small><br></div><div class="spacer battle-history"><br></div><div class="battle-history">The opposing Mantine flinched and couldn't move!<br></div><div class="spacer battle-history"><br></div><div class="battle-history"><small>The opposing Mantine restored a little HP using its Leftovers!</small><br></div><div class="spacer battle-history"><br></div><h2 class="battle-history">Turn 26</h2><div class="spacer battle-history"><br></div><div class="battle-history">Hydreigon used <strong>Draco Meteor</strong>!<br></div><div class="battle-history"><small>(The opposing Mantine lost <abbr title="−156/374">41.7%</abbr> of its health!)</small><br></div><div class="battle-history"><small>Hydreigon's Special Attack fell harshly!</small><br></div><div class="spacer battle-history"><br></div><div class="battle-history">The opposing Mantine fainted!<br></div><div class="spacer battle-history"><br></div><div class="battle-history">Sonic Gear sent out <strong>Kartana</strong>!<br></div><div class="spacer battle-history"><br></div><h2 class="battle-history">Turn 27</h2><div class="spacer battle-history"><br></div><div class="battle-history">The opposing Kartana used <strong>Sacred Sword</strong>!<br></div><div class="battle-history"><small>It's super effective!</small><br></div><div class="battle-history"><small>A critical hit!</small><br></div><div class="battle-history"><small>(Hydreigon lost <abbr title="−185/325">56.9%</abbr> of its health!)</small><br></div><div class="spacer battle-history"><br></div><div class="battle-history">Hydreigon fainted!<br></div><div class="battle-history"><small>[The opposing Kartana's Beast Boost]</small><br></div><div class="battle-history"><small>The opposing Kartana's Attack rose!</small><br></div><div class="spacer battle-history"><br></div><div class="battle-history">Go! Rotom (<strong>Rotom-Wash</strong>)!<br></div><div class="spacer battle-history"><br></div><h2 class="battle-history">Turn 28</h2><div class="spacer battle-history"><br></div><div class="battle-history">Sonic Gear withdrew Kartana!<br></div><div class="battle-history">Sonic Gear sent out <strong>Tangrowth</strong>!<br></div><div class="spacer battle-history"><br></div><div class="battle-history">Rotom used <strong>Hydro Pump</strong>!<br></div><div class="battle-history"><small>It's not very effective...</small><br></div><div class="battle-history"><small>(The opposing Tangrowth lost <abbr title="−48/404">11.9%</abbr> of its health!)</small><br></div><div class="spacer battle-history"><br></div><div class="battle-history"><small>The opposing Tangrowth was hurt by its burn!</small><br></div><div class="spacer battle-history"><br></div><h2 class="battle-history">Turn 29</h2><div class="spacer battle-history"><br></div><div class="battle-history">Rotom used <strong>Volt Switch</strong>!<br></div><div class="battle-history"><small>It's not very effective...</small><br></div><div class="battle-history"><small>(The opposing Tangrowth lost <abbr title="−34/404">8.4%</abbr> of its health!)</small><br></div><div class="spacer battle-history"><br></div><div class="battle-history">Rotom went back to moivu!<br></div><div class="battle-history">Go! <strong>Heatran</strong>!<br></div><div class="spacer battle-history"><br></div><div class="battle-history">The opposing Tangrowth used <strong>Earthquake</strong>!<br></div><div class="battle-history"><small>It's super effective!</small><br></div><div class="battle-history"><small>(Heatran lost <abbr title="−98/386">25.4%</abbr> of its health!)</small><br></div><div class="spacer battle-history"><br></div><div class="battle-history">Heatran fainted!<br></div><div class="spacer battle-history"><br></div><div class="battle-history"><small>The opposing Tangrowth was hurt by its burn!</small><br></div><div class="spacer battle-history"><br></div><div class="battle-history">Go! <strong>Terrakion</strong>!<br></div><div class="spacer battle-history"><br></div><h2 class="battle-history">Turn 30</h2><div class="spacer battle-history"><br></div><div class="battle-history">Terrakion used <strong>Rock Slide</strong>!<br></div><div class="battle-history"><small>The opposing Tangrowth avoided the attack!</small><br></div><div class="spacer battle-history"><br></div><div class="battle-history">The opposing Tangrowth used <strong>Giga Drain</strong>!<br></div><div class="battle-history"><small>It's super effective!</small><br></div><div class="battle-history"><small>(Terrakion lost <abbr title="−194/323">60.1%</abbr> of its health!)</small><br></div><div class="battle-history"><small>Terrakion had its energy drained!</small><br></div><div class="spacer battle-history"><br></div><div class="battle-history"><small>The opposing Tangrowth was hurt by its burn!</small><br></div><div class="spacer battle-history"><br></div><h2 class="battle-history">Turn 31</h2><div class="spacer battle-history"><br></div><div class="battle-history">Terrakion used <strong>Rock Slide</strong>!<br></div><div class="battle-history"><small>(The opposing Tangrowth lost <abbr title="−100/404">24.8%</abbr> of its health!)</small><br></div><div class="spacer battle-history"><br></div><div class="battle-history">The opposing Tangrowth used <strong>Giga Drain</strong>!<br></div><div class="battle-history"><small>It's super effective!</small><br></div><div class="battle-history"><small>(Terrakion lost <abbr title="−129/323">39.9%</abbr> of its health!)</small><br></div><div class="battle-history"><small>Terrakion had its energy drained!</small><br></div><div class="spacer battle-history"><br></div><div class="battle-history">Terrakion fainted!<br></div><div class="spacer battle-history"><br></div><div class="battle-history"><small>The opposing Tangrowth was hurt by its burn!</small><br></div><div class="spacer battle-history"><br></div><div class="battle-history">Go! Rotom (<strong>Rotom-Wash</strong>)!<br></div><div class="spacer battle-history"><br></div><h2 class="battle-history">Turn 32</h2><div class="spacer battle-history"><br></div><div class="battle-history">Rotom used <strong>Volt Switch</strong>!<br></div><div class="battle-history"><small>It's not very effective...</small><br></div><div class="battle-history"><small>A critical hit!</small><br></div><div class="battle-history"><small>(The opposing Tangrowth lost <abbr title="−46/404">11.4%</abbr> of its health!)</small><br></div><div class="spacer battle-history"><br></div><div class="battle-history">Rotom went back to moivu!<br></div><div class="battle-history">Go! Mawile (<strong>Mawile-Mega</strong>)!<br></div><div class="spacer battle-history"><br></div><div class="battle-history">The opposing Tangrowth used <strong>Giga Drain</strong>!<br></div><div class="battle-history"><small>It's not very effective...</small><br></div><div class="battle-history"><small>(Mawile lost <abbr title="−46/282">16.3%</abbr> of its health!)</small><br></div><div class="battle-history"><small>Mawile had its energy drained!</small><br></div><div class="spacer battle-history"><br></div><div class="battle-history"><small>Mawile was hurt by its burn!</small><br></div><div class="battle-history"><small>The opposing Tangrowth was hurt by its burn!</small><br></div><div class="spacer battle-history"><br></div><h2 class="battle-history">Turn 33</h2><div class="spacer battle-history"><br></div><div class="battle-history">Mawile used <strong>Sucker Punch</strong>!<br></div><div class="battle-history"><small>(The opposing Tangrowth lost <abbr title="−32/404">7.9%</abbr> of its health!)</small><br></div><div class="spacer battle-history"><br></div><div class="battle-history">The opposing Tangrowth fainted!<br></div><div class="spacer battle-history"><br></div><div class="battle-history"><small>Mawile was hurt by its burn!</small><br></div><div class="spacer battle-history"><br></div><div class="battle-history">Sonic Gear sent out <strong>Garchomp</strong>!<br></div><div class="spacer battle-history"><br></div><h2 class="battle-history">Turn 34</h2><div class="spacer battle-history"><br></div><div class="battle-history">Mawile used <strong>Sucker Punch</strong>!<br></div><div class="battle-history"><small>(The opposing Garchomp lost <abbr title="−85/357">23.8%</abbr> of its health!)</small><br></div><div class="battle-history"><small>[The opposing Garchomp's Rough Skin]</small><br><small>Mawile was hurt!</small><br></div><div class="spacer battle-history"><br></div><div class="battle-history">The opposing Garchomp used <strong>Earthquake</strong>!<br></div><div class="battle-history"><small>It's super effective!</small><br></div><div class="battle-history"><small>(Mawile lost <abbr title="−23/282">8.2%</abbr> of its health!)</small><br></div><div class="spacer battle-history"><br></div><div class="battle-history">Mawile fainted!<br></div><div class="spacer battle-history"><br></div><div class="battle-history">Go! Rotom (<strong>Rotom-Wash</strong>)!<br></div><div class="spacer battle-history"><br></div><h2 class="battle-history">Turn 35</h2><div class="chat chatmessage-sonicgear"><strong style="color:hsl(238,57%,63.39054039924169%)"><small>☆</small><span class="username" data-name="Sonic Gear">Sonic Gear</span>:</strong> <em>gg :D</em></div><div class="spacer battle-history"><br></div><div class="battle-history"><small>The opposing Garchomp surrounded itself with its Z-Power!</small><br></div><div class="spacer battle-history"><br></div><div class="battle-history">The opposing Garchomp used <strong>Devastating Drake</strong>!<br></div><div class="battle-history"><small>A critical hit!</small><br></div><div class="battle-history"><small>(Rotom lost <abbr title="−303/303">100%</abbr> of its health!)</small><br></div><div class="spacer battle-history"><br></div><div class="battle-history">Rotom fainted!<br></div><div class="spacer battle-history"><br></div><div class="battle-history"><strong>Sonic Gear</strong> won the battle!<br></div><div class="chat chatmessage-moivu"><strong style="color:hsl(336,62%,46%)"><small>☆</small><span class="username" data-name="moivu">moivu</span>:</strong> <em>bie jugado bro</em></div><div class="chat chatmessage-sonicgear"><strong style="color:hsl(238,57%,63.39054039924169%)"><small>☆</small><span class="username" data-name="Sonic Gear">Sonic Gear</span>:</strong> <em>x2</em></div><div class="chat chatmessage-moivu"><strong style="color:hsl(336,62%,46%)"><small>☆</small><span class="username" data-name="moivu">moivu</span>:</strong> <em>felicidades</em></div><div class="chat chatmessage-moivu"><strong style="color:hsl(336,62%,46%)"><small>☆</small><span class="username" data-name="moivu">moivu</span>:</strong> <em>esta para war</em></div></div><div class="inner-preempt"></div></div></div>
</div>
<script>
let daily = Math.floor(Date.now()/1000/60/60/24);document.write('<script src="https://play.pokemonshowdown.com/js/replay-embed.js?version'+daily+'"></'+'script>');
</script>
