<!DOCTYPE html>
<meta charset="utf-8" />
<!-- version 1 -->
<title>OU replay: Alfredo_Rivero✘ vs. Ksh-0 - ΑℱΚ</title>
<style>
html,body {font-family:Verdana, sans-serif;font-size:10pt;margin:0;padding:0;}body{padding:12px 0;} .battle-log {font-family:Verdana, sans-serif;font-size:10pt;} .battle-log-inline {border:1px solid #AAAAAA;background:#EEF2F5;color:black;max-width:640px;margin:0 auto 80px;padding-bottom:5px;} .battle-log .inner {padding:4px 8px 0px 8px;} .battle-log .inner-preempt {padding:0 8px 4px 8px;} .battle-log .inner-after {margin-top:0.5em;} .battle-log h2 {margin:0.5em -8px;padding:4px 8px;border:1px solid #AAAAAA;background:#E0E7EA;border-left:0;border-right:0;font-family:Verdana, sans-serif;font-size:13pt;} .battle-log .chat {vertical-align:middle;padding:3px 0 3px 0;font-size:8pt;} .battle-log .chat strong {color:#40576A;} .battle-log .chat em {padding:1px 4px 1px 3px;color:#000000;font-style:normal;} .chat.mine {background:rgba(0,0,0,0.05);margin-left:-8px;margin-right:-8px;padding-left:8px;padding-right:8px;} .spoiler {color:#BBBBBB;background:#BBBBBB;padding:0px 3px;} .spoiler:hover, .spoiler:active, .spoiler-shown {color:#000000;background:#E2E2E2;padding:0px 3px;} .spoiler a {color:#BBBBBB;} .spoiler:hover a, .spoiler:active a, .spoiler-shown a {color:#2288CC;} .chat code, .chat .spoiler:hover code, .chat .spoiler:active code, .chat .spoiler-shown code {border:1px solid #C0C0C0;background:#EEEEEE;color:black;padding:0 2px;} .chat .spoiler code {border:1px solid #CCCCCC;background:#CCCCCC;color:#CCCCCC;} .battle-log .rated {padding:3px 4px;} .battle-log .rated strong {color:white;background:#89A;padding:1px 4px;border-radius:4px;} .spacer {margin-top:0.5em;} .message-announce {background:#6688AA;color:white;padding:1px 4px 2px;} .message-announce a, .broadcast-green a, .broadcast-blue a, .broadcast-red a {color:#DDEEFF;} .broadcast-green {background-color:#559955;color:white;padding:2px 4px;} .broadcast-blue {background-color:#6688AA;color:white;padding:2px 4px;} .infobox {border:1px solid #6688AA;padding:2px 4px;} .infobox-limited {max-height:200px;overflow:auto;overflow-x:hidden;} .broadcast-red {background-color:#AA5544;color:white;padding:2px 4px;} .message-learn-canlearn {font-weight:bold;color:#228822;text-decoration:underline;} .message-learn-cannotlearn {font-weight:bold;color:#CC2222;text-decoration:underline;} .message-effect-weak {font-weight:bold;color:#CC2222;} .message-effect-resist {font-weight:bold;color:#6688AA;} .message-effect-immune {font-weight:bold;color:#666666;} .message-learn-list {margin-top:0;margin-bottom:0;} .message-throttle-notice, .message-error {color:#992222;} .message-overflow, .chat small.message-overflow {font-size:0pt;} .message-overflow::before {font-size:9pt;content:'...';} .subtle {color:#3A4A66;}
</style>
<div class="wrapper replay-wrapper" style="max-width:1180px;margin:0 auto">
<input type="hidden" name="replayid" value="destiny-ou-498672" />
<div class="battle"></div><div class="battle-log"></div><div class="replay-controls"></div><div class="replay-controls-2"></div>
<h1 style="font-weight:normal;text-align:center"><strong>OU</strong><br /><a href="http://pokemonshowdown.com/users/alfredorivero" class="subtle" target="_blank">Alfredo_Rivero✘</a> vs. <a href="http://pokemonshowdown.com/users/ksh0" class="subtle" target="_blank">Ksh-0 - ΑℱΚ</a></h1>
<script type="text/plain" class="battle-log-data">|player|p1|Alfredo_Rivero✘|alfredorivero.gif?2dc25907
|teamsize|p1|6
|player|p2|Ksh-0 - ΑℱΚ|ksh0.gif?39278c74
|teamsize|p2|6
|teamsize|p1|6
|teamsize|p2|6
|gametype|singles
|gen|7
|tier|OU
|seed|64290,1409,5196,55433
|rule|Cláusula-Mod de Dormir: solo puedes dormir a uno de tus oponentes a la vez.
|rule|Cláusula de Especie: Hasta un Pokémon de cada especie
|rule|Cláusula de Golpe Fulminante: los movimientos fulminantes (OHKO) estan prohibidos
|rule|Cláusula de Veleta: la habilidad Veleta está prohibida
|rule|Cláusula de Movimientos Evasivos: los movimientos de Evasión están prohibidos.
|rule|Cláusula de Batallas Eternas: forzar batallas eternas está prohibido
|clearpoke
|poke|p1|Gyarados, M|item
|poke|p1|Blacephalon|item
|poke|p1|Zygarde, shiny|item
|poke|p1|Magearna|item
|poke|p1|Landorus-Therian, M|item
|poke|p1|Greninja, F|item
|poke|p2|Tornadus-Therian, M|item
|poke|p2|Greninja, M|item
|poke|p2|Heatran, F|item
|poke|p2|Landorus-Therian, M|item
|poke|p2|Ferrothorn, M|item
|poke|p2|Clefable, F|item
|teampreview|undefined
|c|☆Alfredo_Rivero✘|hf
|choice|*team 523416|*
|choice|*|*team 213456
|choice|team 5, 2, 3, 4, 1, 6|team 2, 1, 3, 4, 5, 6
|
|start
|switch|p1a: Landorus|Landorus-Therian, M|319\/319
|switch|p2a: Greninja|Greninja, M|285\/285
|-ability|p1a: Landorus|Intimidate|boost
|-unboost|p2a: Greninja|atk|1
|turn|1
|choice|*|*move 1
|choice|*move 1|*
|choice|move stealthrock|move surf
|
|move|p2a: Greninja|Surf|p1a: Landorus
|-supereffective|p1a: Landorus
|-enditem|p1a: Landorus|Focus Sash
|-damage|p1a: Landorus|1\/319
|move|p1a: Landorus|Stealth Rock|p2a: Greninja
|-sidestart|p2: Ksh-0 - ΑℱΚ|move: Stealth Rock
|
|upkeep
|turn|2
|choice|*|*move 1
|inactive|Reloj de batalla ENCENDIDO. El jugador inactivo será descalificado (solicitado por Ksh-0 - ΑℱΚ).
|inactive|Alfredo_Rivero✘ tiene 285 segundos restantes.
|choice|*switch 5|*
|choice|switch 5|move surf
|
|switch|p1a: Gyarados|Gyarados, M|346\/346
|-ability|p1a: Gyarados|Intimidate|boost
|-unboost|p2a: Greninja|atk|1
|move|p2a: Greninja|Surf|p1a: Gyarados
|-resisted|p1a: Gyarados
|-damage|p1a: Gyarados|239\/346
|
|upkeep
|turn|3
|inactive|Alfredo_Rivero✘ tiene 285 segundos restantes.
|inactive|Ksh-0 - ΑℱΚ tiene 285 segundos restantes.
|choice|*move 3 mega|*
|choice|*move 2 mega|*
|inactive|Ksh-0 - ΑℱΚ tiene 285 segundos restantes.
|choice|*|*switch 5
|choice|move crunch mega|switch 5
|
|switch|p2a: Ferrothorn|Ferrothorn, M|352\/352
|-damage|p2a: Ferrothorn|330\/352|[from] Stealth Rock
|-mega|p1a: Gyarados|Gyarados|Gyaradosite
|detailschange|p1a: Gyarados|Gyarados-Mega, M
|-ability|p1a: Gyarados|Mold Breaker
|move|p1a: Gyarados|Crunch|p2a: Ferrothorn
|-damage|p2a: Ferrothorn|210\/352
|-damage|p1a: Gyarados|196\/346|[from] ability: Iron Barbs|[of] p2a: Ferrothorn
|
|-heal|p2a: Ferrothorn|232\/352|[from] item: Leftovers
|upkeep
|turn|4
|choice|*|*move 2
|c| The Selfish King|Alfredo
|c| The Selfish King|No me invitaste
|c| The Selfish King|Pero viene puto
|c| The Selfish King|vine*
|inactive|Alfredo_Rivero✘ tiene 285 segundos restantes.
|c|☆Alfredo_Rivero✘|qn eres
|c| The Selfish King|PON-PON-PONMELO A SONAR
|inactive|Alfredo_Rivero✘ tiene 270 segundos restantes.
|c| The Selfish King|Soy El mejor player de LA :v
|c|☆Alfredo_Rivero✘|a el marico
|choice|*switch 5|*
|choice|switch 5|move stealthrock
|
|switch|p1a: Landorus|Landorus-Therian, M|1\/319
|-ability|p1a: Landorus|Intimidate|boost
|-unboost|p2a: Ferrothorn|atk|1
|move|p2a: Ferrothorn|Stealth Rock|p1a: Landorus
|-sidestart|p1: Alfredo_Rivero✘|move: Stealth Rock
|
|-heal|p2a: Ferrothorn|254\/352|[from] item: Leftovers
|upkeep
|turn|5
|c| The Selfish King|Ese eres tu
|choice|*|*move 1
|inactive|Alfredo_Rivero✘ tiene 285 segundos restantes.
|choice|*move 2|*
|choice|move earthquake|move spikes
|
|move|p1a: Landorus|Earthquake|p2a: Ferrothorn
|-damage|p2a: Ferrothorn|119\/352
|move|p2a: Ferrothorn|Spikes|p1a: Landorus
|-sidestart|p1: Alfredo_Rivero✘|Spikes
|
|-heal|p2a: Ferrothorn|141\/352|[from] item: Leftovers
|upkeep
|turn|6
|choice|*|*move 1
|choice|*move 3|*
|choice|move explosion|move spikes
|
|move|p1a: Landorus|Explosion|p2a: Ferrothorn
|-resisted|p2a: Ferrothorn
|-damage|p2a: Ferrothorn|31\/352
|faint|p1a: Landorus
|move|p2a: Ferrothorn|Spikes|p1: Landorus
|-sidestart|p1: Alfredo_Rivero✘|Spikes
|
|-heal|p2a: Ferrothorn|53\/352|[from] item: Leftovers
|upkeep
|c|+OsoGrizzlyAlfa|yo le pare el taxi,cho cho cho
|inactive|Alfredo_Rivero✘ tiene 285 segundos restantes.
|c|☆Alfredo_Rivero✘|me lo paro, el taxi
|c| The Selfish King|a.a
|c| The Selfish King|Sensato
|c| The Selfish King|ya pasó de moda
|inactive|Alfredo_Rivero✘ tiene 270 segundos restantes.
|c|☆Alfredo_Rivero✘|stfu
|choice|*switch 6|*
|choice|switch 6|
|
|switch|p1a: Greninja|Greninja, F|285\/285
|-damage|p1a: Greninja|238\/285|[from] Spikes
|-damage|p1a: Greninja|203\/285|[from] Stealth Rock
|turn|7
|choice|*move 4|*
|c| The Selfish King|porque ella le gusta que le den lo de ella
|c| The Selfish King|es una mala y priva en seria
|inactive|Ksh-0 - ΑℱΚ tiene 285 segundos restantes.
|choice|*|*move 3
|choice|move icebeam|move powerwhip
|
|move|p1a: Greninja|Ice Beam|p2a: Ferrothorn
|-start|p1a: Greninja|typechange|Ice|[from] Protean
|-damage|p2a: Ferrothorn|0 fnt
|faint|p2a: Ferrothorn
|
|upkeep
|choice|*|*switch 6
|choice||switch 6
|
|switch|p2a: Clefable|Clefable, F|394\/394
|turn|8
|choice|*|*move 4
|c| The Selfish King|Soy el Rbyer de LA (8)
|choice|*move 1|*
|choice|move spikes|move thunderwave
|
|move|p1a: Greninja|Spikes|p2a: Clefable
|-start|p1a: Greninja|typechange|Ground|[from] Protean
|-sidestart|p2: Ksh-0 - ΑℱΚ|Spikes
|move|p2a: Clefable|Thunder Wave|p1a: Greninja
|-immune|p1a: Greninja|[msg]
|
|upkeep
|turn|9
|choice|*|*move 2
|c|☆Alfredo_Rivero✘|mira mi eskil The Selfish King
|choice|*move 1|*
|choice|move spikes|move moonblast
|
|move|p1a: Greninja|Spikes|p2a: Clefable
|-sidestart|p2: Ksh-0 - ΑℱΚ|Spikes
|move|p2a: Clefable|Moonblast|p1a: Greninja
|-damage|p1a: Greninja|61\/285
|-unboost|p1a: Greninja|spa|1
|
|upkeep
|turn|10
|choice|*move 1|*
|choice|*|*move 1
|choice|move spikes|move calmmind
|
|move|p1a: Greninja|Spikes|p2a: Clefable
|-sidestart|p2: Ksh-0 - ΑℱΚ|Spikes
|move|p2a: Clefable|Calm Mind|p2a: Clefable
|-boost|p2a: Clefable|spa|1
|-boost|p2a: Clefable|spd|1
|
|upkeep
|turn|11
|choice|*|*move 2
|c| The Selfish King|lo mas cerca que te estoy viendo es perdiendo
|choice|*move 3|*
|choice|move taunt|move moonblast
|
|move|p1a: Greninja|Taunt|p2a: Clefable
|-start|p1a: Greninja|typechange|Dark|[from] Protean
|-start|p2a: Clefable|move: Taunt
|move|p2a: Clefable|Moonblast|p1a: Greninja
|-supereffective|p1a: Greninja
|-damage|p1a: Greninja|0 fnt
|faint|p1a: Greninja
|
|upkeep
|c|☆Alfredo_Rivero✘|siverda
|inactive|Alfredo_Rivero✘ tiene 285 segundos restantes.
|inactive|Alfredo_Rivero✘ tiene 270 segundos restantes.
|c| The Selfish King|Desde que Ho-Ohs te fichó cavaron su tumba (?
|inactive|Alfredo_Rivero✘ tiene 255 segundos restantes.
|choice|*switch 2|*
|choice|switch 2|
|
|switch|p1a: Blacephalon|Blacephalon|301\/301
|-damage|p1a: Blacephalon|226\/301|[from] Stealth Rock
|-damage|p1a: Blacephalon|176\/301|[from] Spikes
|turn|12
|c|☆Alfredo_Rivero✘|fax
|inactive|Alfredo_Rivero✘ tiene 285 segundos restantes.
|inactive|Ksh-0 - ΑℱΚ tiene 285 segundos restantes.
|choice|*|*move 2
|choice|*move 4|*
|choice|*|*move 2
|choice|move calmmind|move moonblast
|
|move|p1a: Blacephalon|Calm Mind|p1a: Blacephalon
|-boost|p1a: Blacephalon|spa|1
|-boost|p1a: Blacephalon|spd|1
|move|p2a: Clefable|Moonblast|p1a: Blacephalon
|-resisted|p1a: Blacephalon
|-damage|p1a: Blacephalon|112\/301
|-unboost|p1a: Blacephalon|spa|1
|
|upkeep
|turn|13
|c| The Selfish King|orale chaval y esa gangsta
|inactive|Alfredo_Rivero✘ tiene 285 segundos restantes.
|inactive|Ksh-0 - ΑℱΚ tiene 285 segundos restantes.
|choice|*|*move 2
|choice|*move 4|*
|choice|move calmmind|move moonblast
|
|move|p1a: Blacephalon|Calm Mind|p1a: Blacephalon
|-boost|p1a: Blacephalon|spa|1
|-boost|p1a: Blacephalon|spd|1
|move|p2a: Clefable|Moonblast|p1a: Blacephalon
|-resisted|p1a: Blacephalon
|-damage|p1a: Blacephalon|67\/301
|-unboost|p1a: Blacephalon|spa|1
|
|-end|p2a: Clefable|move: Taunt
|upkeep
|turn|14
|c|☆Alfredo_Rivero✘|luls
|choice|*move 4|*
|c|☆Ksh-0 - ΑℱΚ|que suerte
|inactive|Ksh-0 - ΑℱΚ tiene 285 segundos restantes.
|choice|*|*switch 2
|choice|move calmmind|switch 2
|
|switch|p2a: Tornadus|Tornadus-Therian, M|299\/299
|-damage|p2a: Tornadus|225\/299|[from] Stealth Rock
|move|p1a: Blacephalon|Calm Mind|p1a: Blacephalon
|-boost|p1a: Blacephalon|spa|1
|-boost|p1a: Blacephalon|spd|1
|
|upkeep
|turn|15
|choice|*|*move 1
|choice|*move 1 zmove|*
|choice|move shadowball zmove|move knockoff
|
|move|p2a: Tornadus|Knock Off|p1a: Blacephalon
|-supereffective|p1a: Blacephalon
|-damage|p1a: Blacephalon|0 fnt
|faint|p1a: Blacephalon
|
|upkeep
|c|☆Alfredo_Rivero✘|juasjuas
|c| The Selfish King|Bueno es time de rezar que metan a alfredo en la ronda que le toque vs mi team :v
|inactive|Alfredo_Rivero✘ tiene 285 segundos restantes.
|c| The Selfish King|Asi puedo ver su hax skill
|c|☆Ksh-0 - ΑℱΚ|Calla
|c|☆Alfredo_Rivero✘|yo estoy de cheearleader we
|inactive|Alfredo_Rivero✘ tiene 270 segundos restantes.
|inactive|Alfredo_Rivero✘ tiene 255 segundos restantes.
|inactive|Alfredo_Rivero✘ tiene 240 segundos restantes.
|inactive|Alfredo_Rivero✘ tiene 225 segundos restantes.
|choice|*switch 4|*
|choice|switch 4|
|
|switch|p1a: Magearna|Magearna|301\/301
|-damage|p1a: Magearna|251\/301|[from] Spikes
|-damage|p1a: Magearna|233\/301|[from] Stealth Rock
|turn|16
|choice|*move 1|*
|inactive|Ksh-0 - ΑℱΚ tiene 285 segundos restantes.
|inactive|Ksh-0 - ΑℱΚ tiene 270 segundos restantes.
|inactive|Ksh-0 - ΑℱΚ tiene 255 segundos restantes.
|inactive|Ksh-0 - ΑℱΚ tiene 240 segundos restantes.
|inactive|Ksh-0 - ΑℱΚ tiene 225 segundos restantes.
|inactive|Ksh-0 - ΑℱΚ tiene 210 segundos restantes.
|choice|*|*move 4
|choice|move shiftgear|move heatwave
|
|move|p2a: Tornadus|Heat Wave|p1a: Magearna
|-supereffective|p1a: Magearna
|-damage|p1a: Magearna|67\/301
|move|p1a: Magearna|Shift Gear|p1a: Magearna
|-boost|p1a: Magearna|spe|2
|-boost|p1a: Magearna|atk|1
|
|upkeep
|turn|17
|choice|*move 3|*
|choice|*|*switch 3
|choice|move thunderbolt|switch 3
|
|switch|p2a: Heatran|Heatran, F|386\/386
|-damage|p2a: Heatran|290\/386|[from] Spikes
|-damage|p2a: Heatran|242\/386|[from] Stealth Rock
|move|p1a: Magearna|Thunderbolt|p2a: Heatran
|-damage|p2a: Heatran|144\/386
|
|-heal|p2a: Heatran|168\/386|[from] item: Leftovers
|upkeep
|turn|18
|choice|*move 3|*
|choice|*|*move 1
|choice|move thunderbolt|move earthpower
|
|move|p1a: Magearna|Thunderbolt|p2a: Heatran
|-damage|p2a: Heatran|67\/386
|move|p2a: Heatran|Earth Power|p1a: Magearna
|-supereffective|p1a: Magearna
|-enditem|p1a: Magearna|Shuca Berry|[eat]
|-enditem|p1a: Magearna|Shuca Berry|[weaken]
|-damage|p1a: Magearna|0 fnt
|faint|p1a: Magearna
|
|-heal|p2a: Heatran|91\/386|[from] item: Leftovers
|upkeep
|inactive|Alfredo_Rivero✘ tiene 285 segundos restantes.
|inactive|Alfredo_Rivero✘ tiene 270 segundos restantes.
|choice|*switch 3|*
|choice|switch 3|
|
|switch|p1a: Zygarde|Zygarde, shiny|357\/357
|-damage|p1a: Zygarde|298\/357|[from] Spikes
|-damage|p1a: Zygarde|276\/357|[from] Stealth Rock
|-ability|p1a: Zygarde|Aura Break
|turn|19
|choice|*move 4|*
|choice|*|*switch 2
|choice|move dragondance|switch 2
|
|switch|p2a: Clefable|Clefable, F|394\/394
|move|p1a: Zygarde|Dragon Dance|p1a: Zygarde
|-boost|p1a: Zygarde|atk|1
|-boost|p1a: Zygarde|spe|1
|
|upkeep
|turn|20
|choice|*|*move 2
|inactive|Alfredo_Rivero✘ tiene 285 segundos restantes.
|c|☆Ksh-0 - ΑℱΚ|sabes la diferencia entre una silla y un humano?
|inactive|Alfredo_Rivero✘ tiene 270 segundos restantes.
|c| 3M3|>:V\/
|c| 3M3|es mas viejo que yo ese chiste
|c| 3M3|jajaja
|c|+OsoGrizzlyAlfa|me siento en el piso y me como la torta
|c|☆Alfredo_Rivero✘|que The Selfish King es tan tonto como una silla
|inactive|Alfredo_Rivero✘ tiene 255 segundos restantes.
|c|☆Ksh-0 - ΑℱΚ|Alfredo si sabe
|inactive|Alfredo_Rivero✘ tiene 240 segundos restantes.
|choice|*move 4|*
|choice|move dragondance|move moonblast
|
|move|p1a: Zygarde|Dragon Dance|p1a: Zygarde
|-boost|p1a: Zygarde|atk|1
|-boost|p1a: Zygarde|spe|1
|move|p2a: Clefable|Moonblast|p1a: Zygarde
|-supereffective|p1a: Zygarde
|-damage|p1a: Zygarde|48\/357
|-enditem|p1a: Zygarde|Iapapa Berry|[eat]
|-heal|p1a: Zygarde|226\/357|[from] item: Iapapa Berry
|
|upkeep
|turn|21
|choice|*|*move 2
|choice|*move 3|*
|choice|move thousandarrows|move moonblast
|
|move|p1a: Zygarde|Thousand Arrows|p2a: Clefable
|-damage|p2a: Clefable|153\/394
|move|p2a: Clefable|Moonblast|p1a: Zygarde
|-supereffective|p1a: Zygarde
|-damage|p1a: Zygarde|0 fnt
|faint|p1a: Zygarde
|
|-heal|p2a: Clefable|177\/394|[from] item: Leftovers
|upkeep
|c|☆Ksh-0 - ΑℱΚ|gg bro
|c|☆Ksh-0 - ΑℱΚ|quien publicara la win?
|c|☆Ksh-0 - ΑℱΚ|o como le hago
|inactive|Alfredo_Rivero✘ tiene 285 segundos restantes.
|c|☆Alfredo_Rivero✘|uff los rolazos
|c|☆Alfredo_Rivero✘|hazlo tu nmms
|c|☆Ksh-0 - ΑℱΚ|igual esta el landorus
|choice|*switch 5|*
|choice|switch 5|
|
|switch|p1a: Gyarados|Gyarados-Mega, M|196\/346
|-damage|p1a: Gyarados|139\/346|[from] Spikes
|-damage|p1a: Gyarados|96\/346|[from] Stealth Rock
|-ability|p1a: Gyarados|Mold Breaker
|turn|22
|c|☆Ksh-0 - ΑℱΚ|no ganabas
|choice|*|*move 2
|c|☆Alfredo_Rivero✘|el crit we
|c|+OsoGrizzlyAlfa|no hay que publicar nada
|c|☆Ksh-0 - ΑℱΚ|cual?
|c|+OsoGrizzlyAlfa|solo dices que gnaaste
|inactive|Alfredo_Rivero✘ tiene 285 segundos restantes.
|c|+OsoGrizzlyAlfa|y el average
|c|☆Alfredo_Rivero✘|el que iba a hacer
|choice|*move 3|*
|choice|move waterfall|move moonblast
|
|move|p1a: Gyarados|Waterfall|p2a: Clefable
|-damage|p2a: Clefable|45\/394
|move|p2a: Clefable|Moonblast|p1a: Gyarados
|-supereffective|p1a: Gyarados
|-damage|p1a: Gyarados|0 fnt
|faint|p1a: Gyarados
|
|win|Ksh-0 - ΑℱΚ
|c|☆Ksh-0 - ΑℱΚ|ah
|c|+OsoGrizzlyAlfa|gastaste toda la hax conmigo
|c|☆Alfredo_Rivero✘|gg
|c|☆Ksh-0 - ΑℱΚ|gg
|c|☆Alfredo_Rivero✘|si OsoGrizzlyAlfa
</script>
</div>
<div class="battle-log battle-log-inline"><div class="inner"><div class="battle-options"></div><div class="inner"><div class=""><small>Format:</small> <br><strong>OU</strong></div><div class=""><small><em>Cláusula-Mod de Dormir:</em> solo puedes dormir a uno de tus oponentes a la vez.</small></div><div class=""><small><em>Cláusula de Especie:</em> Hasta un Pokémon de cada especie</small></div><div class=""><small><em>Cláusula de Golpe Fulminante:</em> los movimientos fulminantes (OHKO) estan prohibidos</small></div><div class=""><small><em>Cláusula de Veleta:</em> la habilidad Veleta está prohibida</small></div><div class=""><small><em>Cláusula de Movimientos Evasivos:</em> los movimientos de Evasión están prohibidos.</small></div><div class=""><small><em>Cláusula de Batallas Eternas:</em> forzar batallas eternas está prohibido</small></div><div class="chat battle-history"><strong>Alfredo_Rivero✘'s team:</strong> <em style="color:#445566;display:block;">Gyarados / Blacephalon / Zygarde / Magearna / Landorus-Therian / Greninja</em></div><div class="chat battle-history"><strong>Ksh-0 - ΑℱΚ's team:</strong> <em style="color:#445566;display:block;">Tornadus-Therian / Greninja / Heatran / Landorus-Therian / Ferrothorn / Clefable</em></div><div class="chat chatmessage-alfredorivero"><strong style="color:hsl(42,81%,30.423917128376416%)"><small>☆</small><span class="username" data-name="Alfredo_Rivero✘">Alfredo_Rivero✘</span>:</strong> <em>hf</em></div><div class="spacer battle-history"><br></div><div class="battle-history">Battle started between Alfredo_Rivero✘ and Ksh-0 - ΑℱΚ!<br></div><div class="spacer battle-history"><br></div><div class="battle-history">Go! Landorus (<strong>Landorus-Therian</strong>)!<br></div><div class="spacer battle-history"><br></div><div class="battle-history">Ksh-0 - ΑℱΚ sent out <strong>Greninja</strong>!<br></div><div class="battle-history"><small>[Landorus's Intimidate]</small><br></div><div class="battle-history"><small>The opposing Greninja's Attack fell!</small><br></div><div class="spacer battle-history"><br></div><h2 class="battle-history">Turn 1</h2><div class="spacer battle-history"><br></div><div class="battle-history">The opposing Greninja used <strong>Surf</strong>!<br></div><div class="battle-history"><small>It's super effective!</small><br></div><div class="battle-history"><small>Landorus hung on using its Focus Sash!</small><br></div><div class="battle-history"><small>(Landorus lost <abbr title="−318/319">99.7%</abbr> of its health!)</small><br></div><div class="spacer battle-history"><br></div><div class="battle-history">Landorus used <strong>Stealth Rock</strong>!<br></div><div class="battle-history"><small>Pointed stones float in the air around the opposing team!</small><br></div><div class="spacer battle-history"><br></div><h2 class="battle-history">Turn 2</h2><div class="chat message-error">Reloj de batalla ENCENDIDO. El jugador inactivo será descalificado (solicitado por Ksh-0 - ΑℱΚ).</div><div class="chat message-error">Alfredo_Rivero✘ tiene 285 segundos restantes.</div><div class="spacer battle-history"><br></div><div class="battle-history">Landorus, come back!<br></div><div class="battle-history">Go! <strong>Gyarados</strong>!<br></div><div class="battle-history"><small>[Gyarados's Intimidate]</small><br></div><div class="battle-history"><small>The opposing Greninja's Attack fell!</small><br></div><div class="spacer battle-history"><br></div><div class="battle-history">The opposing Greninja used <strong>Surf</strong>!<br></div><div class="battle-history"><small>It's not very effective...</small><br></div><div class="battle-history"><small>(Gyarados lost <abbr title="−107/346">30.9%</abbr> of its health!)</small><br></div><div class="spacer battle-history"><br></div><h2 class="battle-history">Turn 3</h2><div class="chat message-error">Alfredo_Rivero✘ tiene 285 segundos restantes.</div><div class="chat message-error">Ksh-0 - ΑℱΚ tiene 285 segundos restantes.</div><div class="chat message-error">Ksh-0 - ΑℱΚ tiene 285 segundos restantes.</div><div class="spacer battle-history"><br></div><div class="battle-history">Ksh-0 - ΑℱΚ withdrew Greninja!<br></div><div class="battle-history">Ksh-0 - ΑℱΚ sent out <strong>Ferrothorn</strong>!<br></div><div class="battle-history"><small>Pointed stones dug into the opposing Ferrothorn!</small><br></div><div class="spacer battle-history"><br></div><div class="battle-history"><small>Gyarados's Gyaradosite is reacting to the Key Stone!</small><br>Gyarados has Mega Evolved into Mega Gyarados!<br></div><div class="battle-history"><small>[Gyarados's Mold Breaker]</small><br><small>Gyarados breaks the mold!</small><br></div><div class="spacer battle-history"><br></div><div class="battle-history">Gyarados used <strong>Crunch</strong>!<br></div><div class="battle-history"><small>(The opposing Ferrothorn lost <abbr title="−120/352">34.1%</abbr> of its health!)</small><br></div><div class="battle-history"><small>[The opposing Ferrothorn's Iron Barbs]</small><br><small>Gyarados was hurt!</small><br></div><div class="spacer battle-history"><br></div><div class="battle-history"><small>The opposing Ferrothorn restored a little HP using its Leftovers!</small><br></div><div class="spacer battle-history"><br></div><h2 class="battle-history">Turn 4</h2><div class="chat chatmessage-theselfishking"><strong style="color:hsl(351,77%,41%)"><small> </small><span class="username" data-name="The Selfish King">The Selfish King</span>:</strong> <em>Alfredo</em></div><div class="chat chatmessage-theselfishking"><strong style="color:hsl(351,77%,41%)"><small> </small><span class="username" data-name="The Selfish King">The Selfish King</span>:</strong> <em>No me invitaste</em></div><div class="chat chatmessage-theselfishking"><strong style="color:hsl(351,77%,41%)"><small> </small><span class="username" data-name="The Selfish King">The Selfish King</span>:</strong> <em>Pero viene puto</em></div><div class="chat chatmessage-theselfishking"><strong style="color:hsl(351,77%,41%)"><small> </small><span class="username" data-name="The Selfish King">The Selfish King</span>:</strong> <em>vine*</em></div><div class="chat message-error">Alfredo_Rivero✘ tiene 285 segundos restantes.</div><div class="chat chatmessage-alfredorivero"><strong style="color:hsl(42,81%,30.423917128376416%)"><small>☆</small><span class="username" data-name="Alfredo_Rivero✘">Alfredo_Rivero✘</span>:</strong> <em>qn eres</em></div><div class="chat chatmessage-theselfishking"><strong style="color:hsl(351,77%,41%)"><small> </small><span class="username" data-name="The Selfish King">The Selfish King</span>:</strong> <em>PON-PON-PONMELO A SONAR</em></div><div class="chat message-error">Alfredo_Rivero✘ tiene 270 segundos restantes.</div><div class="chat chatmessage-theselfishking"><strong style="color:hsl(351,77%,41%)"><small> </small><span class="username" data-name="The Selfish King">The Selfish King</span>:</strong> <em>Soy El mejor player de LA :v</em></div><div class="chat chatmessage-alfredorivero"><strong style="color:hsl(42,81%,30.423917128376416%)"><small>☆</small><span class="username" data-name="Alfredo_Rivero✘">Alfredo_Rivero✘</span>:</strong> <em>a el marico</em></div><div class="spacer battle-history"><br></div><div class="battle-history">Gyarados, come back!<br></div><div class="battle-history">Go! Landorus (<strong>Landorus-Therian</strong>)!<br></div><div class="battle-history"><small>[Landorus's Intimidate]</small><br></div><div class="battle-history"><small>The opposing Ferrothorn's Attack fell!</small><br></div><div class="spacer battle-history"><br></div><div class="battle-history">The opposing Ferrothorn used <strong>Stealth Rock</strong>!<br></div><div class="battle-history"><small>Pointed stones float in the air around your team!</small><br></div><div class="spacer battle-history"><br></div><div class="battle-history"><small>The opposing Ferrothorn restored a little HP using its Leftovers!</small><br></div><div class="spacer battle-history"><br></div><h2 class="battle-history">Turn 5</h2><div class="chat chatmessage-theselfishking"><strong style="color:hsl(351,77%,41%)"><small> </small><span class="username" data-name="The Selfish King">The Selfish King</span>:</strong> <em>Ese eres tu</em></div><div class="chat message-error">Alfredo_Rivero✘ tiene 285 segundos restantes.</div><div class="spacer battle-history"><br></div><div class="battle-history">Landorus used <strong>Earthquake</strong>!<br></div><div class="battle-history"><small>(The opposing Ferrothorn lost <abbr title="−135/352">38.4%</abbr> of its health!)</small><br></div><div class="spacer battle-history"><br></div><div class="battle-history">The opposing Ferrothorn used <strong>Spikes</strong>!<br></div><div class="battle-history"><small>Spikes were scattered on the ground all around your team!</small><br></div><div class="spacer battle-history"><br></div><div class="battle-history"><small>The opposing Ferrothorn restored a little HP using its Leftovers!</small><br></div><div class="spacer battle-history"><br></div><h2 class="battle-history">Turn 6</h2><div class="spacer battle-history"><br></div><div class="battle-history">Landorus used <strong>Explosion</strong>!<br></div><div class="battle-history"><small>It's not very effective...</small><br></div><div class="battle-history"><small>(The opposing Ferrothorn lost <abbr title="−110/352">31.3%</abbr> of its health!)</small><br></div><div class="spacer battle-history"><br></div><div class="battle-history">Landorus fainted!<br></div><div class="battle-history">The opposing Ferrothorn used <strong>Spikes</strong>!<br></div><div class="battle-history"><small>Spikes were scattered on the ground all around your team!</small><br></div><div class="spacer battle-history"><br></div><div class="battle-history"><small>The opposing Ferrothorn restored a little HP using its Leftovers!</small><br></div><div class="chat chatmessage-osogrizzlyalfa"><strong style="color:hsl(140,79%,35.546290798940404%)"><small>+</small><span class="username" data-name="OsoGrizzlyAlfa">OsoGrizzlyAlfa</span>:</strong> <em>yo le pare el taxi,cho cho cho</em></div><div class="chat message-error">Alfredo_Rivero✘ tiene 285 segundos restantes.</div><div class="chat chatmessage-alfredorivero"><strong style="color:hsl(42,81%,30.423917128376416%)"><small>☆</small><span class="username" data-name="Alfredo_Rivero✘">Alfredo_Rivero✘</span>:</strong> <em>me lo paro, el taxi</em></div><div class="chat chatmessage-theselfishking"><strong style="color:hsl(351,77%,41%)"><small> </small><span class="username" data-name="The Selfish King">The Selfish King</span>:</strong> <em>a.a</em></div><div class="chat chatmessage-theselfishking"><strong style="color:hsl(351,77%,41%)"><small> </small><span class="username" data-name="The Selfish King">The Selfish King</span>:</strong> <em>Sensato</em></div><div class="chat chatmessage-theselfishking"><strong style="color:hsl(351,77%,41%)"><small> </small><span class="username" data-name="The Selfish King">The Selfish King</span>:</strong> <em>ya pasó de moda</em></div><div class="chat message-error">Alfredo_Rivero✘ tiene 270 segundos restantes.</div><div class="chat chatmessage-alfredorivero"><strong style="color:hsl(42,81%,30.423917128376416%)"><small>☆</small><span class="username" data-name="Alfredo_Rivero✘">Alfredo_Rivero✘</span>:</strong> <em>stfu</em></div><div class="spacer battle-history"><br></div><div class="battle-history">Go! <strong>Greninja</strong>!<br></div><div class="battle-history"><small>Greninja is hurt by the spikes!</small><br></div><div class="battle-history"><small>Pointed stones dug into Greninja!</small><br></div><div class="spacer battle-history"><br></div><h2 class="battle-history">Turn 7</h2><div class="chat chatmessage-theselfishking"><strong style="color:hsl(351,77%,41%)"><small> </small><span class="username" data-name="The Selfish King">The Selfish King</span>:</strong> <em>porque ella le gusta que le den lo de ella</em></div><div class="chat chatmessage-theselfishking"><strong style="color:hsl(351,77%,41%)"><small> </small><span class="username" data-name="The Selfish King">The Selfish King</span>:</strong> <em>es una mala y priva en seria</em></div><div class="chat message-error">Ksh-0 - ΑℱΚ tiene 285 segundos restantes.</div><div class="spacer battle-history"><br></div><div class="battle-history">Greninja used <strong>Ice Beam</strong>!<br></div><div class="spacer battle-history"><br></div><div class="battle-history"><small>[Greninja's Protean]</small><br><small>Greninja transformed into the Ice type!</small><br></div><div class="battle-history"><small>(The opposing Ferrothorn lost <abbr title="−53/352">15.1%</abbr> of its health!)</small><br></div><div class="spacer battle-history"><br></div><div class="battle-history">The opposing Ferrothorn fainted!<br></div><div class="spacer battle-history"><br></div><div class="battle-history">Ksh-0 - ΑℱΚ sent out <strong>Clefable</strong>!<br></div><div class="spacer battle-history"><br></div><h2 class="battle-history">Turn 8</h2><div class="chat chatmessage-theselfishking"><strong style="color:hsl(351,77%,41%)"><small> </small><span class="username" data-name="The Selfish King">The Selfish King</span>:</strong> <em>Soy el Rbyer de LA (8)</em></div><div class="spacer battle-history"><br></div><div class="battle-history">Greninja used <strong>Spikes</strong>!<br></div><div class="spacer battle-history"><br></div><div class="battle-history"><small>[Greninja's Protean]</small><br><small>Greninja transformed into the Ground type!</small><br></div><div class="battle-history"><small>Spikes were scattered on the ground all around the opposing team!</small><br></div><div class="spacer battle-history"><br></div><div class="battle-history">The opposing Clefable used <strong>Thunder Wave</strong>!<br></div><div class="battle-history"><small>It doesn't affect Greninja...</small><br></div><div class="spacer battle-history"><br></div><h2 class="battle-history">Turn 9</h2><div class="chat chatmessage-alfredorivero"><strong style="color:hsl(42,81%,30.423917128376416%)"><small>☆</small><span class="username" data-name="Alfredo_Rivero✘">Alfredo_Rivero✘</span>:</strong> <em>mira mi eskil The Selfish King</em></div><div class="spacer battle-history"><br></div><div class="battle-history">Greninja used <strong>Spikes</strong>!<br></div><div class="battle-history"><small>Spikes were scattered on the ground all around the opposing team!</small><br></div><div class="spacer battle-history"><br></div><div class="battle-history">The opposing Clefable used <strong>Moonblast</strong>!<br></div><div class="battle-history"><small>(Greninja lost <abbr title="−142/285">49.8%</abbr> of its health!)</small><br></div><div class="battle-history"><small>Greninja's Special Attack fell!</small><br></div><div class="spacer battle-history"><br></div><h2 class="battle-history">Turn 10</h2><div class="spacer battle-history"><br></div><div class="battle-history">Greninja used <strong>Spikes</strong>!<br></div><div class="battle-history"><small>Spikes were scattered on the ground all around the opposing team!</small><br></div><div class="spacer battle-history"><br></div><div class="battle-history">The opposing Clefable used <strong>Calm Mind</strong>!<br></div><div class="battle-history"><small>The opposing Clefable's Special Attack rose!</small><br></div><div class="battle-history"><small>The opposing Clefable's Special Defense rose!</small><br></div><div class="spacer battle-history"><br></div><h2 class="battle-history">Turn 11</h2><div class="chat chatmessage-theselfishking"><strong style="color:hsl(351,77%,41%)"><small> </small><span class="username" data-name="The Selfish King">The Selfish King</span>:</strong> <em>lo mas cerca que te estoy viendo es perdiendo</em></div><div class="spacer battle-history"><br></div><div class="battle-history">Greninja used <strong>Taunt</strong>!<br></div><div class="spacer battle-history"><br></div><div class="battle-history"><small>[Greninja's Protean]</small><br><small>Greninja transformed into the Dark type!</small><br></div><div class="battle-history"><small>The opposing Clefable fell for the taunt!</small><br></div><div class="spacer battle-history"><br></div><div class="battle-history">The opposing Clefable used <strong>Moonblast</strong>!<br></div><div class="battle-history"><small>It's super effective!</small><br></div><div class="battle-history"><small>(Greninja lost <abbr title="−61/285">21.4%</abbr> of its health!)</small><br></div><div class="spacer battle-history"><br></div><div class="battle-history">Greninja fainted!<br></div><div class="chat chatmessage-alfredorivero"><strong style="color:hsl(42,81%,30.423917128376416%)"><small>☆</small><span class="username" data-name="Alfredo_Rivero✘">Alfredo_Rivero✘</span>:</strong> <em>siverda</em></div><div class="chat message-error">Alfredo_Rivero✘ tiene 285 segundos restantes.</div><div class="chat message-error">Alfredo_Rivero✘ tiene 270 segundos restantes.</div><div class="chat chatmessage-theselfishking"><strong style="color:hsl(351,77%,41%)"><small> </small><span class="username" data-name="The Selfish King">The Selfish King</span>:</strong> <em>Desde que Ho-Ohs te fichó cavaron su tumba (?</em></div><div class="chat message-error">Alfredo_Rivero✘ tiene 255 segundos restantes.</div><div class="spacer battle-history"><br></div><div class="battle-history">Go! <strong>Blacephalon</strong>!<br></div><div class="battle-history"><small>Pointed stones dug into Blacephalon!</small><br></div><div class="battle-history"><small>Blacephalon is hurt by the spikes!</small><br></div><div class="spacer battle-history"><br></div><h2 class="battle-history">Turn 12</h2><div class="chat chatmessage-alfredorivero"><strong style="color:hsl(42,81%,30.423917128376416%)"><small>☆</small><span class="username" data-name="Alfredo_Rivero✘">Alfredo_Rivero✘</span>:</strong> <em>fax</em></div><div class="chat message-error">Alfredo_Rivero✘ tiene 285 segundos restantes.</div><div class="chat message-error">Ksh-0 - ΑℱΚ tiene 285 segundos restantes.</div><div class="spacer battle-history"><br></div><div class="battle-history">Blacephalon used <strong>Calm Mind</strong>!<br></div><div class="battle-history"><small>Blacephalon's Special Attack rose!</small><br></div><div class="battle-history"><small>Blacephalon's Special Defense rose!</small><br></div><div class="spacer battle-history"><br></div><div class="battle-history">The opposing Clefable used <strong>Moonblast</strong>!<br></div><div class="battle-history"><small>It's not very effective...</small><br></div><div class="battle-history"><small>(Blacephalon lost <abbr title="−64/301">21.3%</abbr> of its health!)</small><br></div><div class="battle-history"><small>Blacephalon's Special Attack fell!</small><br></div><div class="spacer battle-history"><br></div><h2 class="battle-history">Turn 13</h2><div class="chat chatmessage-theselfishking"><strong style="color:hsl(351,77%,41%)"><small> </small><span class="username" data-name="The Selfish King">The Selfish King</span>:</strong> <em>orale chaval y esa gangsta</em></div><div class="chat message-error">Alfredo_Rivero✘ tiene 285 segundos restantes.</div><div class="chat message-error">Ksh-0 - ΑℱΚ tiene 285 segundos restantes.</div><div class="spacer battle-history"><br></div><div class="battle-history">Blacephalon used <strong>Calm Mind</strong>!<br></div><div class="battle-history"><small>Blacephalon's Special Attack rose!</small><br></div><div class="battle-history"><small>Blacephalon's Special Defense rose!</small><br></div><div class="spacer battle-history"><br></div><div class="battle-history">The opposing Clefable used <strong>Moonblast</strong>!<br></div><div class="battle-history"><small>It's not very effective...</small><br></div><div class="battle-history"><small>(Blacephalon lost <abbr title="−45/301">15.0%</abbr> of its health!)</small><br></div><div class="battle-history"><small>Blacephalon's Special Attack fell!</small><br></div><div class="spacer battle-history"><br></div><div class="battle-history"><small>The opposing Clefable's taunt wore off!</small><br></div><div class="spacer battle-history"><br></div><h2 class="battle-history">Turn 14</h2><div class="chat chatmessage-alfredorivero"><strong style="color:hsl(42,81%,30.423917128376416%)"><small>☆</small><span class="username" data-name="Alfredo_Rivero✘">Alfredo_Rivero✘</span>:</strong> <em>luls</em></div><div class="chat chatmessage-ksh0"><strong style="color:hsl(358,76%,48%)"><small>☆</small><span class="username" data-name="Ksh-0 - ΑℱΚ">Ksh-0 - ΑℱΚ</span>:</strong> <em>que suerte</em></div><div class="chat message-error">Ksh-0 - ΑℱΚ tiene 285 segundos restantes.</div><div class="spacer battle-history"><br></div><div class="battle-history">Ksh-0 - ΑℱΚ withdrew Clefable!<br></div><div class="battle-history">Ksh-0 - ΑℱΚ sent out Tornadus (<strong>Tornadus-Therian</strong>)!<br></div><div class="battle-history"><small>Pointed stones dug into the opposing Tornadus!</small><br></div><div class="spacer battle-history"><br></div><div class="battle-history">Blacephalon used <strong>Calm Mind</strong>!<br></div><div class="battle-history"><small>Blacephalon's Special Attack rose!</small><br></div><div class="battle-history"><small>Blacephalon's Special Defense rose!</small><br></div><div class="spacer battle-history"><br></div><h2 class="battle-history">Turn 15</h2><div class="spacer battle-history"><br></div><div class="battle-history">The opposing Tornadus used <strong>Knock Off</strong>!<br></div><div class="battle-history"><small>It's super effective!</small><br></div><div class="battle-history"><small>(Blacephalon lost <abbr title="−67/301">22.3%</abbr> of its health!)</small><br></div><div class="spacer battle-history"><br></div><div class="battle-history">Blacephalon fainted!<br></div><div class="chat chatmessage-alfredorivero"><strong style="color:hsl(42,81%,30.423917128376416%)"><small>☆</small><span class="username" data-name="Alfredo_Rivero✘">Alfredo_Rivero✘</span>:</strong> <em>juasjuas</em></div><div class="chat chatmessage-theselfishking"><strong style="color:hsl(351,77%,41%)"><small> </small><span class="username" data-name="The Selfish King">The Selfish King</span>:</strong> <em>Bueno es time de rezar que metan a alfredo en la ronda que le toque vs mi team :v</em></div><div class="chat message-error">Alfredo_Rivero✘ tiene 285 segundos restantes.</div><div class="chat chatmessage-theselfishking"><strong style="color:hsl(351,77%,41%)"><small> </small><span class="username" data-name="The Selfish King">The Selfish King</span>:</strong> <em>Asi puedo ver su hax skill</em></div><div class="chat chatmessage-ksh0"><strong style="color:hsl(358,76%,48%)"><small>☆</small><span class="username" data-name="Ksh-0 - ΑℱΚ">Ksh-0 - ΑℱΚ</span>:</strong> <em>Calla</em></div><div class="chat chatmessage-alfredorivero"><strong style="color:hsl(42,81%,30.423917128376416%)"><small>☆</small><span class="username" data-name="Alfredo_Rivero✘">Alfredo_Rivero✘</span>:</strong> <em>yo estoy de cheearleader we</em></div><div class="chat message-error">Alfredo_Rivero✘ tiene 270 segundos restantes.</div><div class="chat message-error">Alfredo_Rivero✘ tiene 255 segundos restantes.</div><div class="chat message-error">Alfredo_Rivero✘ tiene 240 segundos restantes.</div><div class="chat message-error">Alfredo_Rivero✘ tiene 225 segundos restantes.</div><div class="spacer battle-history"><br></div><div class="battle-history">Go! <strong>Magearna</strong>!<br></div><div class="battle-history"><small>Magearna is hurt by the spikes!</small><br></div><div class="battle-history"><small>Pointed stones dug into Magearna!</small><br></div><div class="spacer battle-history"><br></div><h2 class="battle-history">Turn 16</h2><div class="chat message-error">Ksh-0 - ΑℱΚ tiene 285 segundos restantes.</div><div class="chat message-error">Ksh-0 - ΑℱΚ tiene 270 segundos restantes.</div><div class="chat message-error">Ksh-0 - ΑℱΚ tiene 255 segundos restantes.</div><div class="chat message-error">Ksh-0 - ΑℱΚ tiene 240 segundos restantes.</div><div class="chat message-error">Ksh-0 - ΑℱΚ tiene 225 segundos restantes.</div><div class="chat message-error">Ksh-0 - ΑℱΚ tiene 210 segundos restantes.</div><div class="spacer battle-history"><br></div><div class="battle-history">The opposing Tornadus used <strong>Heat Wave</strong>!<br></div><div class="battle-history"><small>It's super effective!</small><br></div><div class="battle-history"><small>(Magearna lost <abbr title="−166/301">55.1%</abbr> of its health!)</small><br></div><div class="spacer battle-history"><br></div><div class="battle-history">Magearna used <strong>Shift Gear</strong>!<br></div><div class="battle-history"><small>Magearna's Speed rose sharply!</small><br></div><div class="battle-history"><small>Magearna's Attack rose!</small><br></div><div class="spacer battle-history"><br></div><h2 class="battle-history">Turn 17</h2><div class="spacer battle-history"><br></div><div class="battle-history">Ksh-0 - ΑℱΚ withdrew Tornadus!<br></div><div class="battle-history">Ksh-0 - ΑℱΚ sent out <strong>Heatran</strong>!<br></div><div class="battle-history"><small>The opposing Heatran is hurt by the spikes!</small><br></div><div class="battle-history"><small>Pointed stones dug into the opposing Heatran!</small><br></div><div class="spacer battle-history"><br></div><div class="battle-history">Magearna used <strong>Thunderbolt</strong>!<br></div><div class="battle-history"><small>(The opposing Heatran lost <abbr title="−98/386">25.4%</abbr> of its health!)</small><br></div><div class="spacer battle-history"><br></div><div class="battle-history"><small>The opposing Heatran restored a little HP using its Leftovers!</small><br></div><div class="spacer battle-history"><br></div><h2 class="battle-history">Turn 18</h2><div class="spacer battle-history"><br></div><div class="battle-history">Magearna used <strong>Thunderbolt</strong>!<br></div><div class="battle-history"><small>(The opposing Heatran lost <abbr title="−101/386">26.2%</abbr> of its health!)</small><br></div><div class="spacer battle-history"><br></div><div class="battle-history">The opposing Heatran used <strong>Earth Power</strong>!<br></div><div class="battle-history"><small>It's super effective!</small><br></div><div class="battle-history"><small>Magearna ate its Shuca Berry!</small><br></div><div class="battle-history"><small>The Shuca Berry weakened the damage to Magearna!</small><br></div><div class="battle-history"><small>(Magearna lost <abbr title="−67/301">22.3%</abbr> of its health!)</small><br></div><div class="spacer battle-history"><br></div><div class="battle-history">Magearna fainted!<br></div><div class="spacer battle-history"><br></div><div class="battle-history"><small>The opposing Heatran restored a little HP using its Leftovers!</small><br></div><div class="chat message-error">Alfredo_Rivero✘ tiene 285 segundos restantes.</div><div class="chat message-error">Alfredo_Rivero✘ tiene 270 segundos restantes.</div><div class="spacer battle-history"><br></div><div class="battle-history">Go! <strong>Zygarde</strong>!<br></div><div class="battle-history"><small>Zygarde is hurt by the spikes!</small><br></div><div class="battle-history"><small>Pointed stones dug into Zygarde!</small><br></div><div class="battle-history"><small>[Zygarde's Aura Break]</small><br><small>Zygarde reversed all other Pokémon's auras!</small><br></div><div class="spacer battle-history"><br></div><h2 class="battle-history">Turn 19</h2><div class="spacer battle-history"><br></div><div class="battle-history">Ksh-0 - ΑℱΚ withdrew Heatran!<br></div><div class="battle-history">Ksh-0 - ΑℱΚ sent out <strong>Clefable</strong>!<br></div><div class="spacer battle-history"><br></div><div class="battle-history">Zygarde used <strong>Dragon Dance</strong>!<br></div><div class="battle-history"><small>Zygarde's Attack rose!</small><br></div><div class="battle-history"><small>Zygarde's Speed rose!</small><br></div><div class="spacer battle-history"><br></div><h2 class="battle-history">Turn 20</h2><div class="chat message-error">Alfredo_Rivero✘ tiene 285 segundos restantes.</div><div class="chat chatmessage-ksh0"><strong style="color:hsl(358,76%,48%)"><small>☆</small><span class="username" data-name="Ksh-0 - ΑℱΚ">Ksh-0 - ΑℱΚ</span>:</strong> <em>sabes la diferencia entre una silla y un humano?</em></div><div class="chat message-error">Alfredo_Rivero✘ tiene 270 segundos restantes.</div><div class="chat chatmessage-3m3"><strong style="color:hsl(205,67%,40.70561088976486%)"><small> </small><span class="username" data-name="3M3">3M3</span>:</strong> <em>&gt;:V/</em></div><div class="chat chatmessage-3m3"><strong style="color:hsl(205,67%,40.70561088976486%)"><small> </small><span class="username" data-name="3M3">3M3</span>:</strong> <em>es mas viejo que yo ese chiste</em></div><div class="chat chatmessage-3m3"><strong style="color:hsl(205,67%,40.70561088976486%)"><small> </small><span class="username" data-name="3M3">3M3</span>:</strong> <em>jajaja</em></div><div class="chat chatmessage-osogrizzlyalfa"><strong style="color:hsl(140,79%,35.546290798940404%)"><small>+</small><span class="username" data-name="OsoGrizzlyAlfa">OsoGrizzlyAlfa</span>:</strong> <em>me siento en el piso y me como la torta</em></div><div class="chat chatmessage-alfredorivero"><strong style="color:hsl(42,81%,30.423917128376416%)"><small>☆</small><span class="username" data-name="Alfredo_Rivero✘">Alfredo_Rivero✘</span>:</strong> <em>que The Selfish King es tan tonto como una silla</em></div><div class="chat message-error">Alfredo_Rivero✘ tiene 255 segundos restantes.</div><div class="chat chatmessage-ksh0"><strong style="color:hsl(358,76%,48%)"><small>☆</small><span class="username" data-name="Ksh-0 - ΑℱΚ">Ksh-0 - ΑℱΚ</span>:</strong> <em>Alfredo si sabe</em></div><div class="chat message-error">Alfredo_Rivero✘ tiene 240 segundos restantes.</div><div class="spacer battle-history"><br></div><div class="battle-history">Zygarde used <strong>Dragon Dance</strong>!<br></div><div class="battle-history"><small>Zygarde's Attack rose!</small><br></div><div class="battle-history"><small>Zygarde's Speed rose!</small><br></div><div class="spacer battle-history"><br></div><div class="battle-history">The opposing Clefable used <strong>Moonblast</strong>!<br></div><div class="battle-history"><small>It's super effective!</small><br></div><div class="battle-history"><small>(Zygarde lost <abbr title="−228/357">63.9%</abbr> of its health!)</small><br></div><div class="battle-history"><small>Zygarde ate its Iapapa Berry!</small><br></div><div class="battle-history"><small>Zygarde restored HP using its Iapapa Berry!</small><br></div><div class="spacer battle-history"><br></div><h2 class="battle-history">Turn 21</h2><div class="spacer battle-history"><br></div><div class="battle-history">Zygarde used <strong>Thousand Arrows</strong>!<br></div><div class="battle-history"><small>(The opposing Clefable lost <abbr title="−241/394">61.2%</abbr> of its health!)</small><br></div><div class="spacer battle-history"><br></div><div class="battle-history">The opposing Clefable used <strong>Moonblast</strong>!<br></div><div class="battle-history"><small>It's super effective!</small><br></div><div class="battle-history"><small>(Zygarde lost <abbr title="−226/357">63.3%</abbr> of its health!)</small><br></div><div class="spacer battle-history"><br></div><div class="battle-history">Zygarde fainted!<br></div><div class="spacer battle-history"><br></div><div class="battle-history"><small>The opposing Clefable restored a little HP using its Leftovers!</small><br></div><div class="chat chatmessage-ksh0"><strong style="color:hsl(358,76%,48%)"><small>☆</small><span class="username" data-name="Ksh-0 - ΑℱΚ">Ksh-0 - ΑℱΚ</span>:</strong> <em>gg bro</em></div><div class="chat chatmessage-ksh0"><strong style="color:hsl(358,76%,48%)"><small>☆</small><span class="username" data-name="Ksh-0 - ΑℱΚ">Ksh-0 - ΑℱΚ</span>:</strong> <em>quien publicara la win?</em></div><div class="chat chatmessage-ksh0"><strong style="color:hsl(358,76%,48%)"><small>☆</small><span class="username" data-name="Ksh-0 - ΑℱΚ">Ksh-0 - ΑℱΚ</span>:</strong> <em>o como le hago</em></div><div class="chat message-error">Alfredo_Rivero✘ tiene 285 segundos restantes.</div><div class="chat chatmessage-alfredorivero"><strong style="color:hsl(42,81%,30.423917128376416%)"><small>☆</small><span class="username" data-name="Alfredo_Rivero✘">Alfredo_Rivero✘</span>:</strong> <em>uff los rolazos</em></div><div class="chat chatmessage-alfredorivero"><strong style="color:hsl(42,81%,30.423917128376416%)"><small>☆</small><span class="username" data-name="Alfredo_Rivero✘">Alfredo_Rivero✘</span>:</strong> <em>hazlo tu nmms</em></div><div class="chat chatmessage-ksh0"><strong style="color:hsl(358,76%,48%)"><small>☆</small><span class="username" data-name="Ksh-0 - ΑℱΚ">Ksh-0 - ΑℱΚ</span>:</strong> <em>igual esta el landorus</em></div><div class="spacer battle-history"><br></div><div class="battle-history">Go! Gyarados (<strong>Gyarados-Mega</strong>)!<br></div><div class="battle-history"><small>Gyarados is hurt by the spikes!</small><br></div><div class="battle-history"><small>Pointed stones dug into Gyarados!</small><br></div><div class="battle-history"><small>[Gyarados's Mold Breaker]</small><br><small>Gyarados breaks the mold!</small><br></div><div class="spacer battle-history"><br></div><h2 class="battle-history">Turn 22</h2><div class="chat chatmessage-ksh0"><strong style="color:hsl(358,76%,48%)"><small>☆</small><span class="username" data-name="Ksh-0 - ΑℱΚ">Ksh-0 - ΑℱΚ</span>:</strong> <em>no ganabas</em></div><div class="chat chatmessage-alfredorivero"><strong style="color:hsl(42,81%,30.423917128376416%)"><small>☆</small><span class="username" data-name="Alfredo_Rivero✘">Alfredo_Rivero✘</span>:</strong> <em>el crit we</em></div><div class="chat chatmessage-osogrizzlyalfa"><strong style="color:hsl(140,79%,35.546290798940404%)"><small>+</small><span class="username" data-name="OsoGrizzlyAlfa">OsoGrizzlyAlfa</span>:</strong> <em>no hay que publicar nada</em></div><div class="chat chatmessage-ksh0"><strong style="color:hsl(358,76%,48%)"><small>☆</small><span class="username" data-name="Ksh-0 - ΑℱΚ">Ksh-0 - ΑℱΚ</span>:</strong> <em>cual?</em></div><div class="chat chatmessage-osogrizzlyalfa"><strong style="color:hsl(140,79%,35.546290798940404%)"><small>+</small><span class="username" data-name="OsoGrizzlyAlfa">OsoGrizzlyAlfa</span>:</strong> <em>solo dices que gnaaste</em></div><div class="chat message-error">Alfredo_Rivero✘ tiene 285 segundos restantes.</div><div class="chat chatmessage-osogrizzlyalfa"><strong style="color:hsl(140,79%,35.546290798940404%)"><small>+</small><span class="username" data-name="OsoGrizzlyAlfa">OsoGrizzlyAlfa</span>:</strong> <em>y el average</em></div><div class="chat chatmessage-alfredorivero"><strong style="color:hsl(42,81%,30.423917128376416%)"><small>☆</small><span class="username" data-name="Alfredo_Rivero✘">Alfredo_Rivero✘</span>:</strong> <em>el que iba a hacer</em></div><div class="spacer battle-history"><br></div><div class="battle-history">Gyarados used <strong>Waterfall</strong>!<br></div><div class="battle-history"><small>(The opposing Clefable lost <abbr title="−132/394">33.5%</abbr> of its health!)</small><br></div><div class="spacer battle-history"><br></div><div class="battle-history">The opposing Clefable used <strong>Moonblast</strong>!<br></div><div class="battle-history"><small>It's super effective!</small><br></div><div class="battle-history"><small>(Gyarados lost <abbr title="−96/346">27.7%</abbr> of its health!)</small><br></div><div class="spacer battle-history"><br></div><div class="battle-history">Gyarados fainted!<br></div><div class="spacer battle-history"><br></div><div class="battle-history"><strong>Ksh-0 - ΑℱΚ</strong> won the battle!<br></div><div class="chat chatmessage-ksh0"><strong style="color:hsl(358,76%,48%)"><small>☆</small><span class="username" data-name="Ksh-0 - ΑℱΚ">Ksh-0 - ΑℱΚ</span>:</strong> <em>ah</em></div><div class="chat chatmessage-osogrizzlyalfa"><strong style="color:hsl(140,79%,35.546290798940404%)"><small>+</small><span class="username" data-name="OsoGrizzlyAlfa">OsoGrizzlyAlfa</span>:</strong> <em>gastaste toda la hax conmigo</em></div><div class="chat chatmessage-alfredorivero"><strong style="color:hsl(42,81%,30.423917128376416%)"><small>☆</small><span class="username" data-name="Alfredo_Rivero✘">Alfredo_Rivero✘</span>:</strong> <em>gg</em></div><div class="chat chatmessage-ksh0"><strong style="color:hsl(358,76%,48%)"><small>☆</small><span class="username" data-name="Ksh-0 - ΑℱΚ">Ksh-0 - ΑℱΚ</span>:</strong> <em>gg</em></div><div class="chat chatmessage-alfredorivero"><strong style="color:hsl(42,81%,30.423917128376416%)"><small>☆</small><span class="username" data-name="Alfredo_Rivero✘">Alfredo_Rivero✘</span>:</strong> <em>si OsoGrizzlyAlfa</em></div></div><div class="inner-preempt"></div></div></div>
</div>
<script>
let daily = Math.floor(Date.now()/1000/60/60/24);document.write('<script src="https://play.pokemonshowdown.com/js/replay-embed.js?version'+daily+'"></'+'script>');
</script>
