<!DOCTYPE html>
<meta charset="utf-8" />
<!-- version 1 -->
<title>OU replay: Jaydenproxdxd vs. Beppler</title>
<style>
html,body {font-family:Verdana, sans-serif;font-size:10pt;margin:0;padding:0;}body{padding:12px 0;} .battle-log {font-family:Verdana, sans-serif;font-size:10pt;} .battle-log-inline {border:1px solid #AAAAAA;background:#EEF2F5;color:black;max-width:640px;margin:0 auto 80px;padding-bottom:5px;} .battle-log .inner {padding:4px 8px 0px 8px;} .battle-log .inner-preempt {padding:0 8px 4px 8px;} .battle-log .inner-after {margin-top:0.5em;} .battle-log h2 {margin:0.5em -8px;padding:4px 8px;border:1px solid #AAAAAA;background:#E0E7EA;border-left:0;border-right:0;font-family:Verdana, sans-serif;font-size:13pt;} .battle-log .chat {vertical-align:middle;padding:3px 0 3px 0;font-size:8pt;} .battle-log .chat strong {color:#40576A;} .battle-log .chat em {padding:1px 4px 1px 3px;color:#000000;font-style:normal;} .chat.mine {background:rgba(0,0,0,0.05);margin-left:-8px;margin-right:-8px;padding-left:8px;padding-right:8px;} .spoiler {color:#BBBBBB;background:#BBBBBB;padding:0px 3px;} .spoiler:hover, .spoiler:active, .spoiler-shown {color:#000000;background:#E2E2E2;padding:0px 3px;} .spoiler a {color:#BBBBBB;} .spoiler:hover a, .spoiler:active a, .spoiler-shown a {color:#2288CC;} .chat code, .chat .spoiler:hover code, .chat .spoiler:active code, .chat .spoiler-shown code {border:1px solid #C0C0C0;background:#EEEEEE;color:black;padding:0 2px;} .chat .spoiler code {border:1px solid #CCCCCC;background:#CCCCCC;color:#CCCCCC;} .battle-log .rated {padding:3px 4px;} .battle-log .rated strong {color:white;background:#89A;padding:1px 4px;border-radius:4px;} .spacer {margin-top:0.5em;} .message-announce {background:#6688AA;color:white;padding:1px 4px 2px;} .message-announce a, .broadcast-green a, .broadcast-blue a, .broadcast-red a {color:#DDEEFF;} .broadcast-green {background-color:#559955;color:white;padding:2px 4px;} .broadcast-blue {background-color:#6688AA;color:white;padding:2px 4px;} .infobox {border:1px solid #6688AA;padding:2px 4px;} .infobox-limited {max-height:200px;overflow:auto;overflow-x:hidden;} .broadcast-red {background-color:#AA5544;color:white;padding:2px 4px;} .message-learn-canlearn {font-weight:bold;color:#228822;text-decoration:underline;} .message-learn-cannotlearn {font-weight:bold;color:#CC2222;text-decoration:underline;} .message-effect-weak {font-weight:bold;color:#CC2222;} .message-effect-resist {font-weight:bold;color:#6688AA;} .message-effect-immune {font-weight:bold;color:#666666;} .message-learn-list {margin-top:0;margin-bottom:0;} .message-throttle-notice, .message-error {color:#992222;} .message-overflow, .chat small.message-overflow {font-size:0pt;} .message-overflow::before {font-size:9pt;content:'...';} .subtle {color:#3A4A66;}
</style>
<div class="wrapper replay-wrapper" style="max-width:1180px;margin:0 auto">
<input type="hidden" name="replayid" value="destiny-ou-548315" />
<div class="battle"></div><div class="battle-log"></div><div class="replay-controls"></div><div class="replay-controls-2"></div>
<h1 style="font-weight:normal;text-align:center"><strong>OU</strong><br /><a href="http://pokemonshowdown.com/users/jaydenproxdxd" class="subtle" target="_blank">Jaydenproxdxd</a> vs. <a href="http://pokemonshowdown.com/users/beppler" class="subtle" target="_blank">Beppler</a></h1>
<script type="text/plain" class="battle-log-data">|unlink|||tour
|player|p1|Jaydenproxdxd|290
|teamsize|p1|6
|player|p2|Beppler|yellw-33.gif?7d052999
|teamsize|p2|6
|teamsize|p1|6
|teamsize|p2|6
|gametype|singles
|gen|7
|tier|OU
|seed|44479,61103,41206,26842
|rule|Cláusula-Mod de Dormir: solo puedes dormir a uno de tus oponentes a la vez.
|rule|Cláusula de Especie: Hasta un Pokémon de cada especie
|rule|Cláusula de Golpe Fulminante: los movimientos fulminantes (OHKO) estan prohibidos
|rule|Cláusula de Veleta: la habilidad Veleta está prohibida
|rule|Cláusula de Movimientos Evasivos: los movimientos de Evasión están prohibidos.
|rule|Cláusula de Batallas Eternas: forzar batallas eternas está prohibido
|clearpoke
|poke|p1|Metagross|item
|poke|p1|Victini|item
|poke|p1|Alakazam, M|item
|poke|p1|Volcarona, F|item
|poke|p1|Tyranitar, M|item
|poke|p1|Garchomp, F|item
|poke|p2|Altaria, F|item
|poke|p2|Gastrodon-East, F|item
|poke|p2|Tornadus-Therian, M|item
|poke|p2|Heatran, F|item
|poke|p2|Mew|item
|poke|p2|Landorus-Therian, M|item
|teampreview|undefined
|choice|*team 623451|*
|choice|*|*team 321456
|choice|team 6, 2, 3, 4, 5, 1|team 3, 2, 1, 4, 5, 6
|
|start
|switch|p1a: Garchomp|Garchomp, F|357\/357
|switch|p2a: Tornadus|Tornadus-Therian, M|362\/362
|turn|1
|choice|*|*move 2
|choice|*switch 2|*
|choice|switch 2|move knockoff
|
|switch|p1a: Victini|Victini|341\/341
|move|p2a: Tornadus|Knock Off|p1a: Victini
|-supereffective|p1a: Victini
|-damage|p1a: Victini|201\/341
|-enditem|p1a: Victini|Life Orb|[from] move: Knock Off|[of] p2a: Tornadus
|
|upkeep
|turn|2
|choice|*move 1|*
|choice|*|*move 3
|choice|move fusionbolt|move uturn
|
|move|p2a: Tornadus|U-turn|p1a: Victini
|-damage|p1a: Victini|149\/341
|choice|*|*switch 6
|choice||switch 6
|
|switch|p2a: Landorus|Landorus-Therian, M|340\/340|[from]move: U-turn
|-ability|p2a: Landorus|Intimidate|boost
|-unboost|p1a: Victini|atk|1
|move|p1a: Victini|Fusion Bolt|p2a: Landorus
|-immune|p2a: Landorus|[msg]
|
|upkeep
|turn|3
|choice|*|*move 4
|choice|*move 3|*
|choice|move zenheadbutt|move uturn
|
|move|p2a: Landorus|U-turn|p1a: Victini
|-damage|p1a: Victini|60\/341
|choice|*|*switch 4
|choice||switch 4
|
|switch|p2a: Heatran|Heatran, F|386\/386|[from]move: U-turn
|move|p1a: Victini|Zen Headbutt|p2a: Heatran
|-resisted|p2a: Heatran
|-damage|p2a: Heatran|349\/386
|
|-heal|p2a: Heatran|373\/386|[from] item: Leftovers
|upkeep
|turn|4
|choice|*|*move 3
|choice|*move 4|*
|choice|move brickbreak|move stealthrock
|
|move|p1a: Victini|Brick Break|p2a: Heatran
|-supereffective|p2a: Heatran
|-damage|p2a: Heatran|271\/386
|move|p2a: Heatran|Stealth Rock|p1a: Victini
|-sidestart|p1: Jaydenproxdxd|move: Stealth Rock
|
|-heal|p2a: Heatran|295\/386|[from] item: Leftovers
|upkeep
|turn|5
|choice|*move 4|*
|choice|*|*move 2
|choice|move brickbreak|move earthpower
|
|move|p1a: Victini|Brick Break|p2a: Heatran
|-supereffective|p2a: Heatran
|-damage|p2a: Heatran|195\/386
|move|p2a: Heatran|Earth Power|p1a: Victini
|-supereffective|p1a: Victini
|-damage|p1a: Victini|0 fnt
|faint|p1a: Victini
|
|-heal|p2a: Heatran|219\/386|[from] item: Leftovers
|upkeep
|choice|*switch 5|*
|choice|switch 5|
|
|switch|p1a: Tyranitar|Tyranitar, M|341\/341
|-ability|p1a: Tyranitar|Unnerve|p2: Beppler
|-damage|p1a: Tyranitar|299\/341|[from] Stealth Rock
|turn|6
|choice|*move 1|*
|choice|*|*switch 4
|choice|move dragondance|switch 4
|
|switch|p2a: Landorus|Landorus-Therian, M|340\/340
|-ability|p2a: Landorus|Intimidate|boost
|-unboost|p1a: Tyranitar|atk|1
|move|p1a: Tyranitar|Dragon Dance|p1a: Tyranitar
|-boost|p1a: Tyranitar|atk|1
|-boost|p1a: Tyranitar|spe|1
|
|-heal|p1a: Tyranitar|320\/341|[from] item: Leftovers
|upkeep
|turn|7
|choice|*|*move 3
|choice|*move 3|*
|choice|move rockslide|move earthquake
|
|move|p2a: Landorus|Earthquake|p1a: Tyranitar
|-supereffective|p1a: Tyranitar
|-damage|p1a: Tyranitar|0 fnt
|faint|p1a: Tyranitar
|
|upkeep
|choice|*switch 6|*
|choice|switch 6|
|
|switch|p1a: Metagross|Metagross|301\/301
|-damage|p1a: Metagross|283\/301|[from] Stealth Rock
|turn|8
|choice|*move 2|*
|choice|*|*move 3
|choice|move icepunch|move earthquake
|
|move|p2a: Landorus|Earthquake|p1a: Metagross
|-supereffective|p1a: Metagross
|-damage|p1a: Metagross|0 fnt
|faint|p1a: Metagross
|
|upkeep
|choice|*switch 3|*
|choice|switch 3|
|
|switch|p1a: Alakazam|Alakazam, M|251\/251
|-damage|p1a: Alakazam|220\/251|[from] Stealth Rock
|turn|9
|choice|*|*move 3
|c|☆Jaydenproxdxd|jsjs v: ia perdi gg
|c|☆Beppler|gg
|choice|*move 1 mega|*
|choice|move dazzlinggleam mega|move earthquake
|
|-mega|p1a: Alakazam|Alakazam|Alakazite
|detailschange|p1a: Alakazam|Alakazam-Mega, M
|-ability|p1a: Alakazam|Intimidate|[from] ability: Trace|[of] p2a: Landorus
|-ability|p1a: Alakazam|Intimidate|boost
|-unboost|p2a: Landorus|atk|1
|move|p1a: Alakazam|Dazzling Gleam|p2a: Landorus
|-damage|p2a: Landorus|220\/340
|move|p2a: Landorus|Earthquake|p1a: Alakazam
|-damage|p1a: Alakazam|37\/251
|
|upkeep
|turn|10
|choice|*|*switch 2
|choice|*move 2|*
|choice|move psyshock|switch 2
|
|switch|p2a: Gastrodon|Gastrodon-East, F|425\/425
|move|p1a: Alakazam|Psyshock|p2a: Gastrodon
|-damage|p2a: Gastrodon|223\/425
|
|-heal|p2a: Gastrodon|249\/425|[from] item: Leftovers
|upkeep
|turn|11
|choice|*|*move 1
|choice|*move 3|*
|choice|move signalbeam|move scald
|
|move|p1a: Alakazam|Signal Beam|p2a: Gastrodon
|-damage|p2a: Gastrodon|166\/425
|move|p2a: Gastrodon|Scald|p1a: Alakazam
|-damage|p1a: Alakazam|0 fnt
|faint|p1a: Alakazam
|
|-heal|p2a: Gastrodon|192\/425|[from] item: Leftovers
|upkeep
|choice|*switch 4|*
|choice|switch 4|
|
|switch|p1a: Volcarona|Volcarona, F|311\/311
|-damage|p1a: Volcarona|156\/311|[from] Stealth Rock
|turn|12
|choice|*move 4|*
|choice|*|*switch 3
|choice|move gigadrain|switch 3
|
|switch|p2a: Altaria|Altaria, F|291\/291
|move|p1a: Volcarona|Giga Drain|p2a: Altaria
|-resisted|p2a: Altaria
|-damage|p2a: Altaria|261\/291
|-heal|p1a: Volcarona|171\/311|[from] drain|[of] p2a: Altaria
|-damage|p1a: Volcarona|140\/311|[from] item: Life Orb
|
|upkeep
|turn|13
|choice|*|*move 1 mega
|choice|*move 2|*
|choice|move fierydance|move dragondance mega
|
|-mega|p2a: Altaria|Altaria|Altarianite
|detailschange|p2a: Altaria|Altaria-Mega, F
|move|p1a: Volcarona|Fiery Dance|p2a: Altaria
|-resisted|p2a: Altaria
|-damage|p2a: Altaria|164\/291
|-boost|p1a: Volcarona|spa|1
|-damage|p1a: Volcarona|109\/311|[from] item: Life Orb
|move|p2a: Altaria|Dragon Dance|p2a: Altaria
|-boost|p2a: Altaria|atk|1
|-boost|p2a: Altaria|spe|1
|
|upkeep
|turn|14
|choice|*|*move 2
|choice|*move 1|*
|choice|move bugbuzz|move earthquake
|
|move|p2a: Altaria|Earthquake|p1a: Volcarona
|-damage|p1a: Volcarona|0 fnt
|faint|p1a: Volcarona
|
|upkeep
|choice|*switch 2|*
|choice|switch 2|
|
|switch|p1a: Garchomp|Garchomp, F|357\/357
|-damage|p1a: Garchomp|335\/357|[from] Stealth Rock
|turn|15
|choice|*move 2|*
|choice|*|*move 3
|choice|move ironhead|move return
|
|move|p2a: Altaria|Return|p1a: Garchomp
|-supereffective|p1a: Garchomp
|-damage|p1a: Garchomp|0 fnt
|-damage|p2a: Altaria|128\/291|[from] ability: Rough Skin|[of] p1a: Garchomp
|faint|p1a: Garchomp
|
|win|Beppler
</script>
</div>
<div class="battle-log battle-log-inline"><div class="inner"><div class="battle-options"></div><div class="inner"><div class=""><small>Format:</small> <br><strong>OU</strong></div><div class=""><small><em>Cláusula-Mod de Dormir:</em> solo puedes dormir a uno de tus oponentes a la vez.</small></div><div class=""><small><em>Cláusula de Especie:</em> Hasta un Pokémon de cada especie</small></div><div class=""><small><em>Cláusula de Golpe Fulminante:</em> los movimientos fulminantes (OHKO) estan prohibidos</small></div><div class=""><small><em>Cláusula de Veleta:</em> la habilidad Veleta está prohibida</small></div><div class=""><small><em>Cláusula de Movimientos Evasivos:</em> los movimientos de Evasión están prohibidos.</small></div><div class=""><small><em>Cláusula de Batallas Eternas:</em> forzar batallas eternas está prohibido</small></div><div class="chat battle-history"><strong>Jaydenproxdxd's team:</strong> <em style="color:#445566;display:block;">Metagross / Victini / Alakazam / Volcarona / Tyranitar / Garchomp</em></div><div class="chat battle-history"><strong>Beppler's team:</strong> <em style="color:#445566;display:block;">Altaria / Gastrodon-East / Tornadus-Therian / Heatran / Mew / Landorus-Therian</em></div><div class="spacer battle-history"><br></div><div class="battle-history">Battle started between Jaydenproxdxd and Beppler!<br></div><div class="spacer battle-history"><br></div><div class="battle-history">Go! <strong>Garchomp</strong>!<br></div><div class="spacer battle-history"><br></div><div class="battle-history">Beppler sent out Tornadus (<strong>Tornadus-Therian</strong>)!<br></div><div class="spacer battle-history"><br></div><h2 class="battle-history">Turn 1</h2><div class="spacer battle-history"><br></div><div class="battle-history">Garchomp, come back!<br></div><div class="battle-history">Go! <strong>Victini</strong>!<br></div><div class="spacer battle-history"><br></div><div class="battle-history">The opposing Tornadus used <strong>Knock Off</strong>!<br></div><div class="battle-history"><small>It's super effective!</small><br></div><div class="battle-history"><small>(Victini lost <abbr title="−140/341">41.1%</abbr> of its health!)</small><br></div><div class="battle-history"><small>The opposing Tornadus knocked off Victini's Life Orb!</small><br></div><div class="spacer battle-history"><br></div><h2 class="battle-history">Turn 2</h2><div class="spacer battle-history"><br></div><div class="battle-history">The opposing Tornadus used <strong>U-turn</strong>!<br></div><div class="battle-history"><small>(Victini lost <abbr title="−52/341">15.2%</abbr> of its health!)</small><br></div><div class="spacer battle-history"><br></div><div class="battle-history">The opposing Tornadus went back to Beppler!<br></div><div class="battle-history">Beppler sent out Landorus (<strong>Landorus-Therian</strong>)!<br></div><div class="battle-history"><small>[The opposing Landorus's Intimidate]</small><br></div><div class="battle-history"><small>Victini's Attack fell!</small><br></div><div class="spacer battle-history"><br></div><div class="battle-history">Victini used <strong>Fusion Bolt</strong>!<br></div><div class="battle-history"><small>It doesn't affect the opposing Landorus...</small><br></div><div class="spacer battle-history"><br></div><h2 class="battle-history">Turn 3</h2><div class="spacer battle-history"><br></div><div class="battle-history">The opposing Landorus used <strong>U-turn</strong>!<br></div><div class="battle-history"><small>(Victini lost <abbr title="−89/341">26.1%</abbr> of its health!)</small><br></div><div class="spacer battle-history"><br></div><div class="battle-history">The opposing Landorus went back to Beppler!<br></div><div class="battle-history">Beppler sent out <strong>Heatran</strong>!<br></div><div class="spacer battle-history"><br></div><div class="battle-history">Victini used <strong>Zen Headbutt</strong>!<br></div><div class="battle-history"><small>It's not very effective...</small><br></div><div class="battle-history"><small>(The opposing Heatran lost <abbr title="−37/386">9.6%</abbr> of its health!)</small><br></div><div class="spacer battle-history"><br></div><div class="battle-history"><small>The opposing Heatran restored a little HP using its Leftovers!</small><br></div><div class="spacer battle-history"><br></div><h2 class="battle-history">Turn 4</h2><div class="spacer battle-history"><br></div><div class="battle-history">Victini used <strong>Brick Break</strong>!<br></div><div class="battle-history"><small>It's super effective!</small><br></div><div class="battle-history"><small>(The opposing Heatran lost <abbr title="−102/386">26.4%</abbr> of its health!)</small><br></div><div class="spacer battle-history"><br></div><div class="battle-history">The opposing Heatran used <strong>Stealth Rock</strong>!<br></div><div class="battle-history"><small>Pointed stones float in the air around your team!</small><br></div><div class="spacer battle-history"><br></div><div class="battle-history"><small>The opposing Heatran restored a little HP using its Leftovers!</small><br></div><div class="spacer battle-history"><br></div><h2 class="battle-history">Turn 5</h2><div class="spacer battle-history"><br></div><div class="battle-history">Victini used <strong>Brick Break</strong>!<br></div><div class="battle-history"><small>It's super effective!</small><br></div><div class="battle-history"><small>(The opposing Heatran lost <abbr title="−100/386">25.9%</abbr> of its health!)</small><br></div><div class="spacer battle-history"><br></div><div class="battle-history">The opposing Heatran used <strong>Earth Power</strong>!<br></div><div class="battle-history"><small>It's super effective!</small><br></div><div class="battle-history"><small>(Victini lost <abbr title="−60/341">17.6%</abbr> of its health!)</small><br></div><div class="spacer battle-history"><br></div><div class="battle-history">Victini fainted!<br></div><div class="spacer battle-history"><br></div><div class="battle-history"><small>The opposing Heatran restored a little HP using its Leftovers!</small><br></div><div class="spacer battle-history"><br></div><div class="battle-history">Go! <strong>Tyranitar</strong>!<br></div><div class="battle-history"><small>[Tyranitar's Unnerve]</small><br><small>The opposing team is too nervous to eat Berries!</small><br></div><div class="battle-history"><small>Pointed stones dug into Tyranitar!</small><br></div><div class="spacer battle-history"><br></div><h2 class="battle-history">Turn 6</h2><div class="spacer battle-history"><br></div><div class="battle-history">Beppler withdrew Heatran!<br></div><div class="battle-history">Beppler sent out Landorus (<strong>Landorus-Therian</strong>)!<br></div><div class="battle-history"><small>[The opposing Landorus's Intimidate]</small><br></div><div class="battle-history"><small>Tyranitar's Attack fell!</small><br></div><div class="spacer battle-history"><br></div><div class="battle-history">Tyranitar used <strong>Dragon Dance</strong>!<br></div><div class="battle-history"><small>Tyranitar's Attack rose!</small><br></div><div class="battle-history"><small>Tyranitar's Speed rose!</small><br></div><div class="spacer battle-history"><br></div><div class="battle-history"><small>Tyranitar restored a little HP using its Leftovers!</small><br></div><div class="spacer battle-history"><br></div><h2 class="battle-history">Turn 7</h2><div class="spacer battle-history"><br></div><div class="battle-history">The opposing Landorus used <strong>Earthquake</strong>!<br></div><div class="battle-history"><small>It's super effective!</small><br></div><div class="battle-history"><small>(Tyranitar lost <abbr title="−320/341">93.8%</abbr> of its health!)</small><br></div><div class="spacer battle-history"><br></div><div class="battle-history">Tyranitar fainted!<br></div><div class="spacer battle-history"><br></div><div class="battle-history">Go! <strong>Metagross</strong>!<br></div><div class="battle-history"><small>Pointed stones dug into Metagross!</small><br></div><div class="spacer battle-history"><br></div><h2 class="battle-history">Turn 8</h2><div class="spacer battle-history"><br></div><div class="battle-history">The opposing Landorus used <strong>Earthquake</strong>!<br></div><div class="battle-history"><small>It's super effective!</small><br></div><div class="battle-history"><small>(Metagross lost <abbr title="−283/301">94.0%</abbr> of its health!)</small><br></div><div class="spacer battle-history"><br></div><div class="battle-history">Metagross fainted!<br></div><div class="spacer battle-history"><br></div><div class="battle-history">Go! <strong>Alakazam</strong>!<br></div><div class="battle-history"><small>Pointed stones dug into Alakazam!</small><br></div><div class="spacer battle-history"><br></div><h2 class="battle-history">Turn 9</h2><div class="chat chatmessage-jaydenproxdxd"><strong style="color:hsl(236,59%,62.423032588968994%)"><small>☆</small><span class="username" data-name="Jaydenproxdxd">Jaydenproxdxd</span>:</strong> <em>jsjs v: ia perdi gg</em></div><div class="chat chatmessage-beppler"><strong style="color:hsl(118,73%,37.93733867614693%)"><small>☆</small><span class="username" data-name="Beppler">Beppler</span>:</strong> <em>gg</em></div><div class="spacer battle-history"><br></div><div class="battle-history"><small>Alakazam's Alakazite is reacting to the Key Stone!</small><br>Alakazam has Mega Evolved into Mega Alakazam!<br></div><div class="battle-history"><small>[Alakazam's Trace]</small><br><small>[Alakazam's Intimidate]</small><br><small>Alakazam traced the opposing Landorus's Intimidate!</small><br></div><div class="battle-history"><small>[Alakazam's Intimidate]</small><br></div><div class="battle-history"><small>The opposing Landorus's Attack fell!</small><br></div><div class="spacer battle-history"><br></div><div class="battle-history">Alakazam used <strong>Dazzling Gleam</strong>!<br></div><div class="battle-history"><small>(The opposing Landorus lost <abbr title="−120/340">35.3%</abbr> of its health!)</small><br></div><div class="spacer battle-history"><br></div><div class="battle-history">The opposing Landorus used <strong>Earthquake</strong>!<br></div><div class="battle-history"><small>(Alakazam lost <abbr title="−183/251">72.9%</abbr> of its health!)</small><br></div><div class="spacer battle-history"><br></div><h2 class="battle-history">Turn 10</h2><div class="spacer battle-history"><br></div><div class="battle-history">Beppler withdrew Landorus!<br></div><div class="battle-history">Beppler sent out Gastrodon (<strong>Gastrodon-East</strong>)!<br></div><div class="spacer battle-history"><br></div><div class="battle-history">Alakazam used <strong>Psyshock</strong>!<br></div><div class="battle-history"><small>(The opposing Gastrodon lost <abbr title="−202/425">47.5%</abbr> of its health!)</small><br></div><div class="spacer battle-history"><br></div><div class="battle-history"><small>The opposing Gastrodon restored a little HP using its Leftovers!</small><br></div><div class="spacer battle-history"><br></div><h2 class="battle-history">Turn 11</h2><div class="spacer battle-history"><br></div><div class="battle-history">Alakazam used <strong>Signal Beam</strong>!<br></div><div class="battle-history"><small>(The opposing Gastrodon lost <abbr title="−83/425">19.5%</abbr> of its health!)</small><br></div><div class="spacer battle-history"><br></div><div class="battle-history">The opposing Gastrodon used <strong>Scald</strong>!<br></div><div class="battle-history"><small>(Alakazam lost <abbr title="−37/251">14.7%</abbr> of its health!)</small><br></div><div class="spacer battle-history"><br></div><div class="battle-history">Alakazam fainted!<br></div><div class="spacer battle-history"><br></div><div class="battle-history"><small>The opposing Gastrodon restored a little HP using its Leftovers!</small><br></div><div class="spacer battle-history"><br></div><div class="battle-history">Go! <strong>Volcarona</strong>!<br></div><div class="battle-history"><small>Pointed stones dug into Volcarona!</small><br></div><div class="spacer battle-history"><br></div><h2 class="battle-history">Turn 12</h2><div class="spacer battle-history"><br></div><div class="battle-history">Beppler withdrew Gastrodon!<br></div><div class="battle-history">Beppler sent out <strong>Altaria</strong>!<br></div><div class="spacer battle-history"><br></div><div class="battle-history">Volcarona used <strong>Giga Drain</strong>!<br></div><div class="battle-history"><small>It's not very effective...</small><br></div><div class="battle-history"><small>(The opposing Altaria lost <abbr title="−30/291">10.3%</abbr> of its health!)</small><br></div><div class="battle-history"><small>The opposing Altaria had its energy drained!</small><br></div><div class="battle-history"><small>Volcarona lost some of its HP!</small><br></div><div class="spacer battle-history"><br></div><h2 class="battle-history">Turn 13</h2><div class="spacer battle-history"><br></div><div class="battle-history"><small>The opposing Altaria's Altarianite is reacting to the Key Stone!</small><br>The opposing Altaria has Mega Evolved into Mega Altaria!<br></div><div class="spacer battle-history"><br></div><div class="battle-history">Volcarona used <strong>Fiery Dance</strong>!<br></div><div class="battle-history"><small>It's not very effective...</small><br></div><div class="battle-history"><small>(The opposing Altaria lost <abbr title="−97/291">33.3%</abbr> of its health!)</small><br></div><div class="battle-history"><small>Volcarona's Special Attack rose!</small><br></div><div class="battle-history"><small>Volcarona lost some of its HP!</small><br></div><div class="spacer battle-history"><br></div><div class="battle-history">The opposing Altaria used <strong>Dragon Dance</strong>!<br></div><div class="battle-history"><small>The opposing Altaria's Attack rose!</small><br></div><div class="battle-history"><small>The opposing Altaria's Speed rose!</small><br></div><div class="spacer battle-history"><br></div><h2 class="battle-history">Turn 14</h2><div class="spacer battle-history"><br></div><div class="battle-history">The opposing Altaria used <strong>Earthquake</strong>!<br></div><div class="battle-history"><small>(Volcarona lost <abbr title="−109/311">35.0%</abbr> of its health!)</small><br></div><div class="spacer battle-history"><br></div><div class="battle-history">Volcarona fainted!<br></div><div class="spacer battle-history"><br></div><div class="battle-history">Go! <strong>Garchomp</strong>!<br></div><div class="battle-history"><small>Pointed stones dug into Garchomp!</small><br></div><div class="spacer battle-history"><br></div><h2 class="battle-history">Turn 15</h2><div class="spacer battle-history"><br></div><div class="battle-history">The opposing Altaria used <strong>Return</strong>!<br></div><div class="battle-history"><small>It's super effective!</small><br></div><div class="battle-history"><small>(Garchomp lost <abbr title="−335/357">93.8%</abbr> of its health!)</small><br></div><div class="battle-history"><small>[Garchomp's Rough Skin]</small><br><small>The opposing Altaria was hurt!</small><br></div><div class="spacer battle-history"><br></div><div class="battle-history">Garchomp fainted!<br></div><div class="spacer battle-history"><br></div><div class="battle-history"><strong>Beppler</strong> won the battle!<br></div></div><div class="inner-preempt"></div></div></div>
</div>
<script>
let daily = Math.floor(Date.now()/1000/60/60/24);document.write('<script src="https://play.pokemonshowdown.com/js/replay-embed.js?version'+daily+'"></'+'script>');
</script>
