<!DOCTYPE html>
<meta charset="utf-8" />
<!-- version 1 -->
<title>OU replay: magno777 vs. Capital F</title>
<style>
html,body {font-family:Verdana, sans-serif;font-size:10pt;margin:0;padding:0;}body{padding:12px 0;} .battle-log {font-family:Verdana, sans-serif;font-size:10pt;} .battle-log-inline {border:1px solid #AAAAAA;background:#EEF2F5;color:black;max-width:640px;margin:0 auto 80px;padding-bottom:5px;} .battle-log .inner {padding:4px 8px 0px 8px;} .battle-log .inner-preempt {padding:0 8px 4px 8px;} .battle-log .inner-after {margin-top:0.5em;} .battle-log h2 {margin:0.5em -8px;padding:4px 8px;border:1px solid #AAAAAA;background:#E0E7EA;border-left:0;border-right:0;font-family:Verdana, sans-serif;font-size:13pt;} .battle-log .chat {vertical-align:middle;padding:3px 0 3px 0;font-size:8pt;} .battle-log .chat strong {color:#40576A;} .battle-log .chat em {padding:1px 4px 1px 3px;color:#000000;font-style:normal;} .chat.mine {background:rgba(0,0,0,0.05);margin-left:-8px;margin-right:-8px;padding-left:8px;padding-right:8px;} .spoiler {color:#BBBBBB;background:#BBBBBB;padding:0px 3px;} .spoiler:hover, .spoiler:active, .spoiler-shown {color:#000000;background:#E2E2E2;padding:0px 3px;} .spoiler a {color:#BBBBBB;} .spoiler:hover a, .spoiler:active a, .spoiler-shown a {color:#2288CC;} .chat code, .chat .spoiler:hover code, .chat .spoiler:active code, .chat .spoiler-shown code {border:1px solid #C0C0C0;background:#EEEEEE;color:black;padding:0 2px;} .chat .spoiler code {border:1px solid #CCCCCC;background:#CCCCCC;color:#CCCCCC;} .battle-log .rated {padding:3px 4px;} .battle-log .rated strong {color:white;background:#89A;padding:1px 4px;border-radius:4px;} .spacer {margin-top:0.5em;} .message-announce {background:#6688AA;color:white;padding:1px 4px 2px;} .message-announce a, .broadcast-green a, .broadcast-blue a, .broadcast-red a {color:#DDEEFF;} .broadcast-green {background-color:#559955;color:white;padding:2px 4px;} .broadcast-blue {background-color:#6688AA;color:white;padding:2px 4px;} .infobox {border:1px solid #6688AA;padding:2px 4px;} .infobox-limited {max-height:200px;overflow:auto;overflow-x:hidden;} .broadcast-red {background-color:#AA5544;color:white;padding:2px 4px;} .message-learn-canlearn {font-weight:bold;color:#228822;text-decoration:underline;} .message-learn-cannotlearn {font-weight:bold;color:#CC2222;text-decoration:underline;} .message-effect-weak {font-weight:bold;color:#CC2222;} .message-effect-resist {font-weight:bold;color:#6688AA;} .message-effect-immune {font-weight:bold;color:#666666;} .message-learn-list {margin-top:0;margin-bottom:0;} .message-throttle-notice, .message-error {color:#992222;} .message-overflow, .chat small.message-overflow {font-size:0pt;} .message-overflow::before {font-size:9pt;content:'...';} .subtle {color:#3A4A66;}
</style>
<div class="wrapper replay-wrapper" style="max-width:1180px;margin:0 auto">
<input type="hidden" name="replayid" value="destiny-ou-562470" />
<div class="battle"></div><div class="battle-log"></div><div class="replay-controls"></div><div class="replay-controls-2"></div>
<h1 style="font-weight:normal;text-align:center"><strong>OU</strong><br /><a href="http://pokemonshowdown.com/users/magno777" class="subtle" target="_blank">magno777</a> vs. <a href="http://pokemonshowdown.com/users/capitalf" class="subtle" target="_blank">Capital F</a></h1>
<script type="text/plain" class="battle-log-data">|player|p1|magno777|3
|teamsize|p1|6
|player|p2|Capital F|2
|teamsize|p2|6
|teamsize|p1|6
|teamsize|p2|6
|gametype|singles
|gen|7
|tier|OU
|rated
|seed|16828,6607,30007,10639
|rule|Cláusula-Mod de Dormir: solo puedes dormir a uno de tus oponentes a la vez.
|rule|Cláusula de Especie: Hasta un Pokémon de cada especie
|rule|Cláusula de Golpe Fulminante: los movimientos fulminantes (OHKO) estan prohibidos
|rule|Cláusula de Veleta: la habilidad Veleta está prohibida
|rule|Cláusula de Movimientos Evasivos: los movimientos de Evasión están prohibidos.
|rule|Cláusula de Batallas Eternas: forzar batallas eternas está prohibido
|clearpoke
|poke|p1|Latias, F|item
|poke|p1|Clefable, M|item
|poke|p1|Kartana|item
|poke|p1|Mantine, F|item
|poke|p1|Zygarde|item
|poke|p1|Amoonguss, F|item
|poke|p2|Diancie, shiny|item
|poke|p2|Zygarde|item
|poke|p2|Celesteela, shiny|item
|poke|p2|Tapu Koko|item
|poke|p2|Greninja, M|item
|poke|p2|Tangrowth, M|item
|teampreview|undefined
|choice|*|*team 523416
|inactive|Reloj de batalla ENCENDIDO. El jugador inactivo será descalificado (solicitado por Capital F).
|inactive|magno777 tiene 135 segundos restantes.
|choice|*team 321456|*
|choice|team 3, 2, 1, 4, 5, 6|team 5, 2, 3, 4, 1, 6
|
|start
|switch|p1a: Kartana|Kartana|260\/260
|switch|p2a: Greninja|Greninja, M|285\/285
|turn|1
|choice|*move 1|*
|choice|*|*move 2
|choice|move leafblade|move icebeam
|
|move|p2a: Greninja|Ice Beam|p1a: Kartana
|-start|p2a: Greninja|typechange|Ice|[from] Protean
|-damage|p1a: Kartana|0 fnt
|faint|p1a: Kartana
|
|upkeep
|choice|*switch 2|*
|choice|switch 2|
|
|switch|p1a: Clefable|Clefable, M|394\/394
|turn|2
|choice|*move 3|*
|choice|*|*switch 3
|choice|move stealthrock|switch 3
|
|switch|p2a: Celesteela|Celesteela, shiny|397\/397
|move|p1a: Clefable|Stealth Rock|p2a: Celesteela
|-sidestart|p2: Capital F|move: Stealth Rock
|
|upkeep
|turn|3
|choice|*switch 6|*
|choice|*|*move 3
|choice|switch 6|move leechseed
|
|switch|p1a: Amoonguss|Amoonguss, F|432\/432
|move|p2a: Celesteela|Leech Seed|p1a: Amoonguss
|-immune|p1a: Amoonguss|[msg]
|
|upkeep
|turn|4
|choice|*|*move 4
|choice|*move 3|*
|choice|move spore|move protect
|
|move|p2a: Celesteela|Protect|p2a: Celesteela
|-singleturn|p2a: Celesteela|Protect
|move|p1a: Amoonguss|Spore|p2a: Celesteela
|-activate|p2a: Celesteela|move: Protect
|
|upkeep
|turn|5
|choice|*|*switch 4
|choice|*move 2|*
|choice|move sludgebomb|switch 4
|
|switch|p2a: Tapu Koko|Tapu Koko|286\/286
|-damage|p2a: Tapu Koko|251\/286|[from] Stealth Rock
|-fieldstart|move: Electric Terrain|[from] ability: Electric Surge|[of] p2a: Tapu Koko
|move|p1a: Amoonguss|Sludge Bomb|p2a: Tapu Koko
|-supereffective|p2a: Tapu Koko
|-damage|p2a: Tapu Koko|33\/286
|-status|p2a: Tapu Koko|psn
|
|-damage|p2a: Tapu Koko|0 fnt|[from] psn
|upkeep
|faint|p2a: Tapu Koko
|choice|*|*switch 2
|choice||switch 2
|
|switch|p2a: Zygarde|Zygarde|357\/357
|-damage|p2a: Zygarde|335\/357|[from] Stealth Rock
|-ability|p2a: Zygarde|Aura Break
|turn|6
|choice|*|*move 1
|choice|*switch 6|*
|choice|switch 6|move thousandarrows
|
|switch|p1a: Clefable|Clefable, M|394\/394
|move|p2a: Zygarde|Thousand Arrows|p1a: Clefable
|-damage|p1a: Clefable|208\/394
|
|-heal|p1a: Clefable|232\/394|[from] item: Leftovers
|upkeep
|turn|7
|choice|*|*switch 5
|choice|*move 1|*
|choice|move moonblast|switch 5
|
|switch|p2a: Diancie|Diancie, shiny|241\/241
|-damage|p2a: Diancie|211\/241|[from] Stealth Rock
|move|p1a: Clefable|Moonblast|p2a: Diancie
|-damage|p2a: Diancie|120\/241
|
|-heal|p1a: Clefable|256\/394|[from] item: Leftovers
|upkeep
|turn|8
|choice|*|*move 2 mega
|choice|*move 1|*
|choice|move moonblast|move stealthrock mega
|
|-mega|p2a: Diancie|Diancie|Diancite
|detailschange|p2a: Diancie|Diancie-Mega, shiny
|move|p2a: Diancie|Stealth Rock|p1a: Clefable
|-sidestart|p1: magno777|move: Stealth Rock
|move|p1a: Clefable|Moonblast|p2a: Diancie
|-damage|p2a: Diancie|8\/241
|
|-heal|p1a: Clefable|280\/394|[from] item: Leftovers
|upkeep
|turn|9
|choice|*|*move 4
|choice|*move 1|*
|choice|move moonblast|move endeavor
|
|move|p2a: Diancie|Endeavor|p1a: Clefable
|-damage|p1a: Clefable|8\/394
|move|p1a: Clefable|Moonblast|p2a: Diancie
|-damage|p2a: Diancie|0 fnt
|faint|p2a: Diancie
|
|-heal|p1a: Clefable|32\/394|[from] item: Leftovers
|-fieldend|move: Electric Terrain
|upkeep
|choice|*|*switch 5
|choice||switch 5
|
|switch|p2a: Zygarde|Zygarde|335\/357
|-damage|p2a: Zygarde|313\/357|[from] Stealth Rock
|-ability|p2a: Zygarde|Aura Break
|turn|10
|choice|*|*move 1
|choice|*switch 6|*
|choice|switch 6|move thousandarrows
|
|switch|p1a: Amoonguss|Amoonguss, F|432\/432
|-damage|p1a: Amoonguss|378\/432|[from] Stealth Rock
|move|p2a: Zygarde|Thousand Arrows|p1a: Amoonguss
|-damage|p1a: Amoonguss|116\/432
|
|-heal|p1a: Amoonguss|143\/432|[from] item: Black Sludge
|upkeep
|turn|11
|choice|*|*move 1
|choice|*switch 6|*
|choice|switch 6|move thousandarrows
|
|switch|p1a: Clefable|Clefable, M|32\/394
|move|p2a: Zygarde|Thousand Arrows|p1a: Clefable
|-damage|p1a: Clefable|0 fnt
|faint|p1a: Clefable
|
|upkeep
|choice|*switch 3|*
|choice|switch 3|
|
|switch|p1a: Latias|Latias, F|364\/364
|-damage|p1a: Latias|319\/364|[from] Stealth Rock
|turn|12
|choice|*move 1|*
|choice|*|*move 1
|choice|move calmmind|move thousandarrows
|
|move|p1a: Latias|Calm Mind|p1a: Latias
|-boost|p1a: Latias|spa|1
|-boost|p1a: Latias|spd|1
|move|p2a: Zygarde|Thousand Arrows|p1a: Latias
|-damage|p1a: Latias|63\/364
|-start|p1a: Latias|Smack Down
|
|upkeep
|turn|13
|choice|*|*switch 4
|choice|*move 3 mega|*
|choice|move storedpower mega|switch 4
|
|switch|p2a: Celesteela|Celesteela, shiny|397\/397
|-damage|p2a: Celesteela|348\/397|[from] Stealth Rock
|-mega|p1a: Latias|Latias|Latiasite
|detailschange|p1a: Latias|Latias-Mega, F
|move|p1a: Latias|Stored Power|p2a: Celesteela
|-resisted|p2a: Celesteela
|-damage|p2a: Celesteela|283\/397
|
|-heal|p2a: Celesteela|307\/397|[from] item: Leftovers
|upkeep
|turn|14
|choice|*|*move 1
|choice|*move 2|*
|choice|move recover|move heavyslam
|
|move|p1a: Latias|Recover|p1a: Latias
|-heal|p1a: Latias|245\/364
|move|p2a: Celesteela|Heavy Slam|p1a: Latias
|-damage|p1a: Latias|121\/364
|
|-heal|p2a: Celesteela|331\/397|[from] item: Leftovers
|upkeep
|turn|15
|choice|*|*move 3
|choice|*move 2|*
|choice|move recover|move leechseed
|
|move|p1a: Latias|Recover|p1a: Latias
|-heal|p1a: Latias|303\/364
|move|p2a: Celesteela|Leech Seed|p1a: Latias
|-start|p1a: Latias|move: Leech Seed
|
|-heal|p2a: Celesteela|355\/397|[from] item: Leftovers
|-damage|p1a: Latias|258\/364|[from] Leech Seed|[of] p2a: Celesteela
|-heal|p2a: Celesteela|397\/397|[silent]
|upkeep
|turn|16
|choice|*|*move 1
|choice|*switch 6|*
|choice|switch 6|move heavyslam
|
|switch|p1a: Amoonguss|Amoonguss, F|287\/432
|-damage|p1a: Amoonguss|233\/432|[from] Stealth Rock
|move|p2a: Celesteela|Heavy Slam|p1a: Amoonguss
|-damage|p1a: Amoonguss|55\/432
|
|-heal|p1a: Amoonguss|82\/432|[from] item: Black Sludge
|upkeep
|turn|17
|choice|*|*move 1
|choice|*switch 5|*
|choice|switch 5|move heavyslam
|
|switch|p1a: Zygarde|Zygarde|358\/358
|-damage|p1a: Zygarde|336\/358|[from] Stealth Rock
|-ability|p1a: Zygarde|Aura Break
|move|p2a: Celesteela|Heavy Slam|p1a: Zygarde
|-damage|p1a: Zygarde|251\/358
|
|-heal|p1a: Zygarde|273\/358|[from] item: Leftovers
|upkeep
|turn|18
|choice|*|*switch 6
|choice|*move 2|*
|choice|move toxic|switch 6
|
|switch|p2a: Tangrowth|Tangrowth, M|404\/404
|-damage|p2a: Tangrowth|354\/404|[from] Stealth Rock
|move|p1a: Zygarde|Toxic|p2a: Tangrowth
|-status|p2a: Tangrowth|tox
|
|-heal|p1a: Zygarde|295\/358|[from] item: Leftovers
|-damage|p2a: Tangrowth|329\/404 tox|[from] psn
|upkeep
|turn|19
|choice|*|*switch 4
|choice|*switch 6|*
|choice|switch 6|switch 4
|
|switch|p1a: Latias|Latias-Mega, F|258\/364
|-damage|p1a: Latias|213\/364|[from] Stealth Rock
|switch|p2a: Zygarde|Zygarde|313\/357
|-damage|p2a: Zygarde|291\/357|[from] Stealth Rock
|-ability|p2a: Zygarde|Aura Break
|
|upkeep
|turn|20
|choice|*|*move 1
|choice|*move 2|*
|choice|move recover|move thousandarrows
|
|move|p1a: Latias|Recover|p1a: Latias
|-heal|p1a: Latias|364\/364
|move|p2a: Zygarde|Thousand Arrows|p1a: Latias
|-damage|p1a: Latias|165\/364
|-start|p1a: Latias|Smack Down
|
|upkeep
|turn|21
|choice|*|*move 1
|choice|*move 2|*
|choice|move recover|move thousandarrows
|
|move|p1a: Latias|Recover|p1a: Latias
|-heal|p1a: Latias|347\/364
|move|p2a: Zygarde|Thousand Arrows|p1a: Latias
|-damage|p1a: Latias|173\/364
|
|upkeep
|turn|22
|choice|*|*move 1
|choice|*move 2|*
|choice|move recover|move thousandarrows
|
|move|p1a: Latias|Recover|p1a: Latias
|-heal|p1a: Latias|355\/364
|move|p2a: Zygarde|Thousand Arrows|p1a: Latias
|-damage|p1a: Latias|171\/364
|
|upkeep
|turn|23
|choice|*|*switch 3
|choice|*move 2|*
|choice|move recover|switch 3
|
|switch|p2a: Greninja|Greninja, M|285\/285
|-damage|p2a: Greninja|250\/285|[from] Stealth Rock
|move|p1a: Latias|Recover|p1a: Latias
|-heal|p1a: Latias|353\/364
|
|upkeep
|turn|24
|choice|*|*move 2
|choice|*move 4|*
|choice|move thunderbolt|move icebeam
|
|move|p2a: Greninja|Ice Beam|p1a: Latias
|-start|p2a: Greninja|typechange|Ice|[from] Protean
|-supereffective|p1a: Latias
|-damage|p1a: Latias|189\/364
|move|p1a: Latias|Thunderbolt|p2a: Greninja
|-damage|p2a: Greninja|112\/285
|
|upkeep
|turn|25
|choice|*|*move 2
|choice|*move 4|*
|choice|move thunderbolt|move icebeam
|
|move|p2a: Greninja|Ice Beam|p1a: Latias
|-supereffective|p1a: Latias
|-damage|p1a: Latias|19\/364
|move|p1a: Latias|Thunderbolt|p2a: Greninja
|-damage|p2a: Greninja|0 fnt
|faint|p2a: Greninja
|
|upkeep
|choice|*|*switch 3
|choice||switch 3
|
|switch|p2a: Zygarde|Zygarde|291\/357
|-damage|p2a: Zygarde|269\/357|[from] Stealth Rock
|-ability|p2a: Zygarde|Aura Break
|turn|26
|choice|*|*move 2
|choice|*switch 5|*
|choice|switch 5|move extremespeed
|
|switch|p1a: Amoonguss|Amoonguss, F|226\/432
|-damage|p1a: Amoonguss|172\/432|[from] Stealth Rock
|move|p2a: Zygarde|Extreme Speed|p1a: Amoonguss
|-damage|p1a: Amoonguss|27\/432
|
|-heal|p1a: Amoonguss|54\/432|[from] item: Black Sludge
|upkeep
|turn|27
|choice|*|*move 2
|choice|*switch 6|*
|choice|switch 6|move extremespeed
|
|switch|p1a: Zygarde|Zygarde|295\/358
|-damage|p1a: Zygarde|273\/358|[from] Stealth Rock
|-ability|p1a: Zygarde|Aura Break
|move|p2a: Zygarde|Extreme Speed|p1a: Zygarde
|-damage|p1a: Zygarde|163\/358
|
|-heal|p1a: Zygarde|185\/358|[from] item: Leftovers
|upkeep
|turn|28
|choice|*|*switch 4
|choice|*switch 6|*
|choice|switch 6|switch 4
|
|switch|p2a: Tangrowth|Tangrowth, M|404\/404 tox
|-damage|p2a: Tangrowth|354\/404 tox|[from] Stealth Rock
|switch|p1a: Amoonguss|Amoonguss, F|198\/432
|-damage|p1a: Amoonguss|144\/432|[from] Stealth Rock
|
|-heal|p1a: Amoonguss|171\/432|[from] item: Black Sludge
|-damage|p2a: Tangrowth|329\/404 tox|[from] psn
|upkeep
|turn|29
|choice|*|*switch 4
|choice|*switch 5|*
|choice|switch 5|switch 4
|
|switch|p2a: Zygarde|Zygarde|269\/357
|-damage|p2a: Zygarde|247\/357|[from] Stealth Rock
|-ability|p2a: Zygarde|Aura Break
|switch|p1a: Latias|Latias-Mega, F|19\/364
|-damage|p1a: Latias|0 fnt|[from] Stealth Rock
|faint|p1a: Latias
|
|upkeep
|choice|*switch 6|*
|choice|switch 6|
|
|switch|p1a: Zygarde|Zygarde|185\/358
|-damage|p1a: Zygarde|163\/358|[from] Stealth Rock
|-ability|p1a: Zygarde|Aura Break
|turn|30
|choice|*move 1|*
|choice|*|*move 1
|choice|move thousandarrows|move thousandarrows
|
|move|p1a: Zygarde|Thousand Arrows|p2a: Zygarde
|-damage|p2a: Zygarde|112\/357
|move|p2a: Zygarde|Thousand Arrows|p1a: Zygarde
|-damage|p1a: Zygarde|0 fnt
|faint|p1a: Zygarde
|
|upkeep
|choice|*switch 4|*
|choice|switch 4|
|
|switch|p1a: Mantine|Mantine, F|374\/374
|-damage|p1a: Mantine|281\/374|[from] Stealth Rock
|turn|31
|choice|*move 1|*
|choice|*|*move 1
|choice|move scald|move thousandarrows
|
|move|p2a: Zygarde|Thousand Arrows|p1a: Mantine
|-damage|p1a: Mantine|94\/374
|-start|p1a: Mantine|Smack Down
|move|p1a: Mantine|Scald|p2a: Zygarde
|-damage|p2a: Zygarde|33\/357
|
|-heal|p1a: Mantine|117\/374|[from] item: Leftovers
|upkeep
|turn|32
|choice|*|*move 1
|choice|*move 1|*
|choice|move scald|move thousandarrows
|
|move|p2a: Zygarde|Thousand Arrows|p1a: Mantine
|-damage|p1a: Mantine|0 fnt
|faint|p1a: Mantine
|
|upkeep
|c|☆Capital F|gg
|-message|magno777 se rindió.
|
|win|Capital F
Capital F ha ganado 8 PokeDolares.
|raw|Puntaje de magno777: 1488 &rarr; <strong>1450<\/strong><br \/>(-38 por perder)
|raw|Puntaje de Capital F: 1000 &rarr; <strong>1085<\/strong><br \/>(+85 por ganar)
</script>
</div>
<div class="battle-log battle-log-inline"><div class="inner"><div class="battle-options"></div><div class="inner"><div class=""><small>Format:</small> <br><strong>OU</strong></div><div class="rated"><strong>Rated battle</strong></div><div class=""><small><em>Cláusula-Mod de Dormir:</em> solo puedes dormir a uno de tus oponentes a la vez.</small></div><div class=""><small><em>Cláusula de Especie:</em> Hasta un Pokémon de cada especie</small></div><div class=""><small><em>Cláusula de Golpe Fulminante:</em> los movimientos fulminantes (OHKO) estan prohibidos</small></div><div class=""><small><em>Cláusula de Veleta:</em> la habilidad Veleta está prohibida</small></div><div class=""><small><em>Cláusula de Movimientos Evasivos:</em> los movimientos de Evasión están prohibidos.</small></div><div class=""><small><em>Cláusula de Batallas Eternas:</em> forzar batallas eternas está prohibido</small></div><div class="chat battle-history"><strong>magno777's team:</strong> <em style="color:#445566;display:block;">Latias / Clefable / Kartana / Mantine / Zygarde / Amoonguss</em></div><div class="chat battle-history"><strong>Capital F's team:</strong> <em style="color:#445566;display:block;">Diancie / Zygarde / Celesteela / Tapu Koko / Greninja / Tangrowth</em></div><div class="chat message-error">Reloj de batalla ENCENDIDO. El jugador inactivo será descalificado (solicitado por Capital F).</div><div class="chat message-error">magno777 tiene 135 segundos restantes.</div><div class="spacer battle-history"><br></div><div class="battle-history">Battle started between magno777 and Capital F!<br></div><div class="spacer battle-history"><br></div><div class="battle-history">Go! <strong>Kartana</strong>!<br></div><div class="spacer battle-history"><br></div><div class="battle-history">Capital F sent out <strong>Greninja</strong>!<br></div><div class="spacer battle-history"><br></div><h2 class="battle-history">Turn 1</h2><div class="spacer battle-history"><br></div><div class="battle-history">The opposing Greninja used <strong>Ice Beam</strong>!<br></div><div class="spacer battle-history"><br></div><div class="battle-history"><small>[The opposing Greninja's Protean]</small><br><small>The opposing Greninja transformed into the Ice type!</small><br></div><div class="battle-history"><small>(Kartana lost <abbr title="−260/260">100%</abbr> of its health!)</small><br></div><div class="spacer battle-history"><br></div><div class="battle-history">Kartana fainted!<br></div><div class="spacer battle-history"><br></div><div class="battle-history">Go! <strong>Clefable</strong>!<br></div><div class="spacer battle-history"><br></div><h2 class="battle-history">Turn 2</h2><div class="spacer battle-history"><br></div><div class="battle-history">Capital F withdrew Greninja!<br></div><div class="battle-history">Capital F sent out <strong>Celesteela</strong>!<br></div><div class="spacer battle-history"><br></div><div class="battle-history">Clefable used <strong>Stealth Rock</strong>!<br></div><div class="battle-history"><small>Pointed stones float in the air around the opposing team!</small><br></div><div class="spacer battle-history"><br></div><h2 class="battle-history">Turn 3</h2><div class="spacer battle-history"><br></div><div class="battle-history">Clefable, come back!<br></div><div class="battle-history">Go! <strong>Amoonguss</strong>!<br></div><div class="spacer battle-history"><br></div><div class="battle-history">The opposing Celesteela used <strong>Leech Seed</strong>!<br></div><div class="battle-history"><small>It doesn't affect Amoonguss...</small><br></div><div class="spacer battle-history"><br></div><h2 class="battle-history">Turn 4</h2><div class="spacer battle-history"><br></div><div class="battle-history">The opposing Celesteela used <strong>Protect</strong>!<br></div><div class="battle-history"><small>The opposing Celesteela protected itself!</small><br></div><div class="spacer battle-history"><br></div><div class="battle-history">Amoonguss used <strong>Spore</strong>!<br></div><div class="battle-history"><small>The opposing Celesteela protected itself!</small><br></div><div class="spacer battle-history"><br></div><h2 class="battle-history">Turn 5</h2><div class="spacer battle-history"><br></div><div class="battle-history">Capital F withdrew Celesteela!<br></div><div class="battle-history">Capital F sent out <strong>Tapu Koko</strong>!<br></div><div class="battle-history"><small>Pointed stones dug into the opposing Tapu Koko!</small><br></div><div class="battle-history"><small>[The opposing Tapu Koko's Electric Surge]</small><br><small>An electric current runs across the battlefield!</small><br></div><div class="spacer battle-history"><br></div><div class="battle-history">Amoonguss used <strong>Sludge Bomb</strong>!<br></div><div class="battle-history"><small>It's super effective!</small><br></div><div class="battle-history"><small>(The opposing Tapu Koko lost <abbr title="−218/286">76.2%</abbr> of its health!)</small><br></div><div class="battle-history"><small>The opposing Tapu Koko was poisoned!</small><br></div><div class="spacer battle-history"><br></div><div class="battle-history"><small>The opposing Tapu Koko was hurt by poison!</small><br></div><div class="spacer battle-history"><br></div><div class="battle-history">The opposing Tapu Koko fainted!<br></div><div class="spacer battle-history"><br></div><div class="battle-history">Capital F sent out <strong>Zygarde</strong>!<br></div><div class="battle-history"><small>Pointed stones dug into the opposing Zygarde!</small><br></div><div class="battle-history"><small>[The opposing Zygarde's Aura Break]</small><br><small>The opposing Zygarde reversed all other Pokémon's auras!</small><br></div><div class="spacer battle-history"><br></div><h2 class="battle-history">Turn 6</h2><div class="spacer battle-history"><br></div><div class="battle-history">Amoonguss, come back!<br></div><div class="battle-history">Go! <strong>Clefable</strong>!<br></div><div class="spacer battle-history"><br></div><div class="battle-history">The opposing Zygarde used <strong>Thousand Arrows</strong>!<br></div><div class="battle-history"><small>(Clefable lost <abbr title="−186/394">47.2%</abbr> of its health!)</small><br></div><div class="spacer battle-history"><br></div><div class="battle-history"><small>Clefable restored a little HP using its Leftovers!</small><br></div><div class="spacer battle-history"><br></div><h2 class="battle-history">Turn 7</h2><div class="spacer battle-history"><br></div><div class="battle-history">Capital F withdrew Zygarde!<br></div><div class="battle-history">Capital F sent out <strong>Diancie</strong>!<br></div><div class="battle-history"><small>Pointed stones dug into the opposing Diancie!</small><br></div><div class="spacer battle-history"><br></div><div class="battle-history">Clefable used <strong>Moonblast</strong>!<br></div><div class="battle-history"><small>(The opposing Diancie lost <abbr title="−91/241">37.8%</abbr> of its health!)</small><br></div><div class="spacer battle-history"><br></div><div class="battle-history"><small>Clefable restored a little HP using its Leftovers!</small><br></div><div class="spacer battle-history"><br></div><h2 class="battle-history">Turn 8</h2><div class="spacer battle-history"><br></div><div class="battle-history"><small>The opposing Diancie's Diancite is reacting to the Key Stone!</small><br>The opposing Diancie has Mega Evolved into Mega Diancie!<br></div><div class="spacer battle-history"><br></div><div class="battle-history">The opposing Diancie used <strong>Stealth Rock</strong>!<br></div><div class="battle-history"><small>Pointed stones float in the air around your team!</small><br></div><div class="spacer battle-history"><br></div><div class="battle-history">Clefable used <strong>Moonblast</strong>!<br></div><div class="battle-history"><small>(The opposing Diancie lost <abbr title="−112/241">46.5%</abbr> of its health!)</small><br></div><div class="spacer battle-history"><br></div><div class="battle-history"><small>Clefable restored a little HP using its Leftovers!</small><br></div><div class="spacer battle-history"><br></div><h2 class="battle-history">Turn 9</h2><div class="spacer battle-history"><br></div><div class="battle-history">The opposing Diancie used <strong>Endeavor</strong>!<br></div><div class="battle-history"><small>(Clefable lost <abbr title="−272/394">69.0%</abbr> of its health!)</small><br></div><div class="spacer battle-history"><br></div><div class="battle-history">Clefable used <strong>Moonblast</strong>!<br></div><div class="battle-history"><small>(The opposing Diancie lost <abbr title="−8/241">3.3%</abbr> of its health!)</small><br></div><div class="spacer battle-history"><br></div><div class="battle-history">The opposing Diancie fainted!<br></div><div class="spacer battle-history"><br></div><div class="battle-history"><small>Clefable restored a little HP using its Leftovers!</small><br></div><div class="battle-history"><small>The electricity disappeared from the battlefield.</small><br></div><div class="spacer battle-history"><br></div><div class="battle-history">Capital F sent out <strong>Zygarde</strong>!<br></div><div class="battle-history"><small>Pointed stones dug into the opposing Zygarde!</small><br></div><div class="battle-history"><small>[The opposing Zygarde's Aura Break]</small><br><small>The opposing Zygarde reversed all other Pokémon's auras!</small><br></div><div class="spacer battle-history"><br></div><h2 class="battle-history">Turn 10</h2><div class="spacer battle-history"><br></div><div class="battle-history">Clefable, come back!<br></div><div class="battle-history">Go! <strong>Amoonguss</strong>!<br></div><div class="battle-history"><small>Pointed stones dug into Amoonguss!</small><br></div><div class="spacer battle-history"><br></div><div class="battle-history">The opposing Zygarde used <strong>Thousand Arrows</strong>!<br></div><div class="battle-history"><small>(Amoonguss lost <abbr title="−262/432">60.6%</abbr> of its health!)</small><br></div><div class="spacer battle-history"><br></div><div class="battle-history"><small>Amoonguss restored a little HP using its Black Sludge!</small><br></div><div class="spacer battle-history"><br></div><h2 class="battle-history">Turn 11</h2><div class="spacer battle-history"><br></div><div class="battle-history">Amoonguss, come back!<br></div><div class="battle-history">Go! <strong>Clefable</strong>!<br></div><div class="spacer battle-history"><br></div><div class="battle-history">The opposing Zygarde used <strong>Thousand Arrows</strong>!<br></div><div class="battle-history"><small>(Clefable lost <abbr title="−32/394">8.1%</abbr> of its health!)</small><br></div><div class="spacer battle-history"><br></div><div class="battle-history">Clefable fainted!<br></div><div class="spacer battle-history"><br></div><div class="battle-history">Go! <strong>Latias</strong>!<br></div><div class="battle-history"><small>Pointed stones dug into Latias!</small><br></div><div class="spacer battle-history"><br></div><h2 class="battle-history">Turn 12</h2><div class="spacer battle-history"><br></div><div class="battle-history">Latias used <strong>Calm Mind</strong>!<br></div><div class="battle-history"><small>Latias's Special Attack rose!</small><br></div><div class="battle-history"><small>Latias's Special Defense rose!</small><br></div><div class="spacer battle-history"><br></div><div class="battle-history">The opposing Zygarde used <strong>Thousand Arrows</strong>!<br></div><div class="battle-history"><small>(Latias lost <abbr title="−256/364">70.3%</abbr> of its health!)</small><br></div><div class="battle-history"><small>Latias fell straight down!</small><br></div><div class="spacer battle-history"><br></div><h2 class="battle-history">Turn 13</h2><div class="spacer battle-history"><br></div><div class="battle-history">Capital F withdrew Zygarde!<br></div><div class="battle-history">Capital F sent out <strong>Celesteela</strong>!<br></div><div class="battle-history"><small>Pointed stones dug into the opposing Celesteela!</small><br></div><div class="spacer battle-history"><br></div><div class="battle-history"><small>Latias's Latiasite is reacting to the Key Stone!</small><br>Latias has Mega Evolved into Mega Latias!<br></div><div class="spacer battle-history"><br></div><div class="battle-history">Latias used <strong>Stored Power</strong>!<br></div><div class="battle-history"><small>It's not very effective...</small><br></div><div class="battle-history"><small>(The opposing Celesteela lost <abbr title="−65/397">16.4%</abbr> of its health!)</small><br></div><div class="spacer battle-history"><br></div><div class="battle-history"><small>The opposing Celesteela restored a little HP using its Leftovers!</small><br></div><div class="spacer battle-history"><br></div><h2 class="battle-history">Turn 14</h2><div class="spacer battle-history"><br></div><div class="battle-history">Latias used <strong>Recover</strong>!<br></div><div class="battle-history"><small>Latias restored its HP.</small><br></div><div class="spacer battle-history"><br></div><div class="battle-history">The opposing Celesteela used <strong>Heavy Slam</strong>!<br></div><div class="battle-history"><small>(Latias lost <abbr title="−124/364">34.1%</abbr> of its health!)</small><br></div><div class="spacer battle-history"><br></div><div class="battle-history"><small>The opposing Celesteela restored a little HP using its Leftovers!</small><br></div><div class="spacer battle-history"><br></div><h2 class="battle-history">Turn 15</h2><div class="spacer battle-history"><br></div><div class="battle-history">Latias used <strong>Recover</strong>!<br></div><div class="battle-history"><small>Latias restored its HP.</small><br></div><div class="spacer battle-history"><br></div><div class="battle-history">The opposing Celesteela used <strong>Leech Seed</strong>!<br></div><div class="battle-history"><small>Latias was seeded!</small><br></div><div class="spacer battle-history"><br></div><div class="battle-history"><small>The opposing Celesteela restored a little HP using its Leftovers!</small><br></div><div class="battle-history"><small>Latias's health is sapped by Leech Seed!</small><br></div><div class="spacer battle-history"><br></div><h2 class="battle-history">Turn 16</h2><div class="spacer battle-history"><br></div><div class="battle-history">Latias, come back!<br></div><div class="battle-history">Go! <strong>Amoonguss</strong>!<br></div><div class="battle-history"><small>Pointed stones dug into Amoonguss!</small><br></div><div class="spacer battle-history"><br></div><div class="battle-history">The opposing Celesteela used <strong>Heavy Slam</strong>!<br></div><div class="battle-history"><small>(Amoonguss lost <abbr title="−178/432">41.2%</abbr> of its health!)</small><br></div><div class="spacer battle-history"><br></div><div class="battle-history"><small>Amoonguss restored a little HP using its Black Sludge!</small><br></div><div class="spacer battle-history"><br></div><h2 class="battle-history">Turn 17</h2><div class="spacer battle-history"><br></div><div class="battle-history">Amoonguss, come back!<br></div><div class="battle-history">Go! <strong>Zygarde</strong>!<br></div><div class="battle-history"><small>Pointed stones dug into Zygarde!</small><br></div><div class="battle-history"><small>[Zygarde's Aura Break]</small><br><small>Zygarde reversed all other Pokémon's auras!</small><br></div><div class="spacer battle-history"><br></div><div class="battle-history">The opposing Celesteela used <strong>Heavy Slam</strong>!<br></div><div class="battle-history"><small>(Zygarde lost <abbr title="−85/358">23.7%</abbr> of its health!)</small><br></div><div class="spacer battle-history"><br></div><div class="battle-history"><small>Zygarde restored a little HP using its Leftovers!</small><br></div><div class="spacer battle-history"><br></div><h2 class="battle-history">Turn 18</h2><div class="spacer battle-history"><br></div><div class="battle-history">Capital F withdrew Celesteela!<br></div><div class="battle-history">Capital F sent out <strong>Tangrowth</strong>!<br></div><div class="battle-history"><small>Pointed stones dug into the opposing Tangrowth!</small><br></div><div class="spacer battle-history"><br></div><div class="battle-history">Zygarde used <strong>Toxic</strong>!<br></div><div class="battle-history"><small>The opposing Tangrowth was badly poisoned!</small><br></div><div class="spacer battle-history"><br></div><div class="battle-history"><small>Zygarde restored a little HP using its Leftovers!</small><br></div><div class="battle-history"><small>The opposing Tangrowth was hurt by poison!</small><br></div><div class="spacer battle-history"><br></div><h2 class="battle-history">Turn 19</h2><div class="spacer battle-history"><br></div><div class="battle-history">Zygarde, come back!<br></div><div class="battle-history">Go! Latias (<strong>Latias-Mega</strong>)!<br></div><div class="battle-history"><small>Pointed stones dug into Latias!</small><br></div><div class="spacer battle-history"><br></div><div class="battle-history">Capital F withdrew Tangrowth!<br></div><div class="battle-history">Capital F sent out <strong>Zygarde</strong>!<br></div><div class="battle-history"><small>Pointed stones dug into the opposing Zygarde!</small><br></div><div class="battle-history"><small>[The opposing Zygarde's Aura Break]</small><br><small>The opposing Zygarde reversed all other Pokémon's auras!</small><br></div><div class="spacer battle-history"><br></div><h2 class="battle-history">Turn 20</h2><div class="spacer battle-history"><br></div><div class="battle-history">Latias used <strong>Recover</strong>!<br></div><div class="battle-history"><small>Latias restored its HP.</small><br></div><div class="spacer battle-history"><br></div><div class="battle-history">The opposing Zygarde used <strong>Thousand Arrows</strong>!<br></div><div class="battle-history"><small>(Latias lost <abbr title="−199/364">54.7%</abbr> of its health!)</small><br></div><div class="battle-history"><small>Latias fell straight down!</small><br></div><div class="spacer battle-history"><br></div><h2 class="battle-history">Turn 21</h2><div class="spacer battle-history"><br></div><div class="battle-history">Latias used <strong>Recover</strong>!<br></div><div class="battle-history"><small>Latias restored its HP.</small><br></div><div class="spacer battle-history"><br></div><div class="battle-history">The opposing Zygarde used <strong>Thousand Arrows</strong>!<br></div><div class="battle-history"><small>(Latias lost <abbr title="−174/364">47.8%</abbr> of its health!)</small><br></div><div class="spacer battle-history"><br></div><h2 class="battle-history">Turn 22</h2><div class="spacer battle-history"><br></div><div class="battle-history">Latias used <strong>Recover</strong>!<br></div><div class="battle-history"><small>Latias restored its HP.</small><br></div><div class="spacer battle-history"><br></div><div class="battle-history">The opposing Zygarde used <strong>Thousand Arrows</strong>!<br></div><div class="battle-history"><small>(Latias lost <abbr title="−184/364">50.5%</abbr> of its health!)</small><br></div><div class="spacer battle-history"><br></div><h2 class="battle-history">Turn 23</h2><div class="spacer battle-history"><br></div><div class="battle-history">Capital F withdrew Zygarde!<br></div><div class="battle-history">Capital F sent out <strong>Greninja</strong>!<br></div><div class="battle-history"><small>Pointed stones dug into the opposing Greninja!</small><br></div><div class="spacer battle-history"><br></div><div class="battle-history">Latias used <strong>Recover</strong>!<br></div><div class="battle-history"><small>Latias restored its HP.</small><br></div><div class="spacer battle-history"><br></div><h2 class="battle-history">Turn 24</h2><div class="spacer battle-history"><br></div><div class="battle-history">The opposing Greninja used <strong>Ice Beam</strong>!<br></div><div class="spacer battle-history"><br></div><div class="battle-history"><small>[The opposing Greninja's Protean]</small><br><small>The opposing Greninja transformed into the Ice type!</small><br></div><div class="battle-history"><small>It's super effective!</small><br></div><div class="battle-history"><small>(Latias lost <abbr title="−164/364">45.1%</abbr> of its health!)</small><br></div><div class="spacer battle-history"><br></div><div class="battle-history">Latias used <strong>Thunderbolt</strong>!<br></div><div class="battle-history"><small>(The opposing Greninja lost <abbr title="−138/285">48.4%</abbr> of its health!)</small><br></div><div class="spacer battle-history"><br></div><h2 class="battle-history">Turn 25</h2><div class="spacer battle-history"><br></div><div class="battle-history">The opposing Greninja used <strong>Ice Beam</strong>!<br></div><div class="battle-history"><small>It's super effective!</small><br></div><div class="battle-history"><small>(Latias lost <abbr title="−170/364">46.7%</abbr> of its health!)</small><br></div><div class="spacer battle-history"><br></div><div class="battle-history">Latias used <strong>Thunderbolt</strong>!<br></div><div class="battle-history"><small>(The opposing Greninja lost <abbr title="−112/285">39.3%</abbr> of its health!)</small><br></div><div class="spacer battle-history"><br></div><div class="battle-history">The opposing Greninja fainted!<br></div><div class="spacer battle-history"><br></div><div class="battle-history">Capital F sent out <strong>Zygarde</strong>!<br></div><div class="battle-history"><small>Pointed stones dug into the opposing Zygarde!</small><br></div><div class="battle-history"><small>[The opposing Zygarde's Aura Break]</small><br><small>The opposing Zygarde reversed all other Pokémon's auras!</small><br></div><div class="spacer battle-history"><br></div><h2 class="battle-history">Turn 26</h2><div class="spacer battle-history"><br></div><div class="battle-history">Latias, come back!<br></div><div class="battle-history">Go! <strong>Amoonguss</strong>!<br></div><div class="battle-history"><small>Pointed stones dug into Amoonguss!</small><br></div><div class="spacer battle-history"><br></div><div class="battle-history">The opposing Zygarde used <strong>Extreme Speed</strong>!<br></div><div class="battle-history"><small>(Amoonguss lost <abbr title="−145/432">33.6%</abbr> of its health!)</small><br></div><div class="spacer battle-history"><br></div><div class="battle-history"><small>Amoonguss restored a little HP using its Black Sludge!</small><br></div><div class="spacer battle-history"><br></div><h2 class="battle-history">Turn 27</h2><div class="spacer battle-history"><br></div><div class="battle-history">Amoonguss, come back!<br></div><div class="battle-history">Go! <strong>Zygarde</strong>!<br></div><div class="battle-history"><small>Pointed stones dug into Zygarde!</small><br></div><div class="battle-history"><small>[Zygarde's Aura Break]</small><br><small>Zygarde reversed all other Pokémon's auras!</small><br></div><div class="spacer battle-history"><br></div><div class="battle-history">The opposing Zygarde used <strong>Extreme Speed</strong>!<br></div><div class="battle-history"><small>(Zygarde lost <abbr title="−110/358">30.7%</abbr> of its health!)</small><br></div><div class="spacer battle-history"><br></div><div class="battle-history"><small>Zygarde restored a little HP using its Leftovers!</small><br></div><div class="spacer battle-history"><br></div><h2 class="battle-history">Turn 28</h2><div class="spacer battle-history"><br></div><div class="battle-history">Capital F withdrew Zygarde!<br></div><div class="battle-history">Capital F sent out <strong>Tangrowth</strong>!<br></div><div class="battle-history"><small>Pointed stones dug into the opposing Tangrowth!</small><br></div><div class="spacer battle-history"><br></div><div class="battle-history">Zygarde, come back!<br></div><div class="battle-history">Go! <strong>Amoonguss</strong>!<br></div><div class="battle-history"><small>Pointed stones dug into Amoonguss!</small><br></div><div class="spacer battle-history"><br></div><div class="battle-history"><small>Amoonguss restored a little HP using its Black Sludge!</small><br></div><div class="battle-history"><small>The opposing Tangrowth was hurt by poison!</small><br></div><div class="spacer battle-history"><br></div><h2 class="battle-history">Turn 29</h2><div class="spacer battle-history"><br></div><div class="battle-history">Capital F withdrew Tangrowth!<br></div><div class="battle-history">Capital F sent out <strong>Zygarde</strong>!<br></div><div class="battle-history"><small>Pointed stones dug into the opposing Zygarde!</small><br></div><div class="battle-history"><small>[The opposing Zygarde's Aura Break]</small><br><small>The opposing Zygarde reversed all other Pokémon's auras!</small><br></div><div class="spacer battle-history"><br></div><div class="battle-history">Amoonguss, come back!<br></div><div class="battle-history">Go! Latias (<strong>Latias-Mega</strong>)!<br></div><div class="battle-history"><small>Pointed stones dug into Latias!</small><br></div><div class="spacer battle-history"><br></div><div class="battle-history">Latias fainted!<br></div><div class="spacer battle-history"><br></div><div class="battle-history">Go! <strong>Zygarde</strong>!<br></div><div class="battle-history"><small>Pointed stones dug into Zygarde!</small><br></div><div class="battle-history"><small>[Zygarde's Aura Break]</small><br><small>Zygarde reversed all other Pokémon's auras!</small><br></div><div class="spacer battle-history"><br></div><h2 class="battle-history">Turn 30</h2><div class="spacer battle-history"><br></div><div class="battle-history">Zygarde used <strong>Thousand Arrows</strong>!<br></div><div class="battle-history"><small>(The opposing Zygarde lost <abbr title="−135/357">37.8%</abbr> of its health!)</small><br></div><div class="spacer battle-history"><br></div><div class="battle-history">The opposing Zygarde used <strong>Thousand Arrows</strong>!<br></div><div class="battle-history"><small>(Zygarde lost <abbr title="−163/358">45.5%</abbr> of its health!)</small><br></div><div class="spacer battle-history"><br></div><div class="battle-history">Zygarde fainted!<br></div><div class="spacer battle-history"><br></div><div class="battle-history">Go! <strong>Mantine</strong>!<br></div><div class="battle-history"><small>Pointed stones dug into Mantine!</small><br></div><div class="spacer battle-history"><br></div><h2 class="battle-history">Turn 31</h2><div class="spacer battle-history"><br></div><div class="battle-history">The opposing Zygarde used <strong>Thousand Arrows</strong>!<br></div><div class="battle-history"><small>(Mantine lost <abbr title="−187/374">50%</abbr> of its health!)</small><br></div><div class="battle-history"><small>Mantine fell straight down!</small><br></div><div class="spacer battle-history"><br></div><div class="battle-history">Mantine used <strong>Scald</strong>!<br></div><div class="battle-history"><small>(The opposing Zygarde lost <abbr title="−79/357">22.1%</abbr> of its health!)</small><br></div><div class="spacer battle-history"><br></div><div class="battle-history"><small>Mantine restored a little HP using its Leftovers!</small><br></div><div class="spacer battle-history"><br></div><h2 class="battle-history">Turn 32</h2><div class="spacer battle-history"><br></div><div class="battle-history">The opposing Zygarde used <strong>Thousand Arrows</strong>!<br></div><div class="battle-history"><small>(Mantine lost <abbr title="−117/374">31.3%</abbr> of its health!)</small><br></div><div class="spacer battle-history"><br></div><div class="battle-history">Mantine fainted!<br></div><div class="chat chatmessage-capitalf"><strong style="color:hsl(162,74%,36.27646261440545%)"><small>☆</small><span class="username" data-name="Capital F">Capital F</span>:</strong> <em>gg</em></div><div class="spacer battle-history"><br></div><div class="battle-history"><small>magno777 se rindió.</small><br></div><div class="spacer battle-history"><br></div><div class="battle-history"><strong>Capital F</strong> won the battle!<br></div><div class="chat">Capital F ha ganado 8 PokeDolares.</div><div class="chat">Puntaje de magno777: 1488 → <strong>1450</strong><br>(-38 por perder)</div><div class="chat">Puntaje de Capital F: 1000 → <strong>1085</strong><br>(+85 por ganar)</div></div><div class="inner-preempt"></div></div></div>
</div>
<script>
let daily = Math.floor(Date.now()/1000/60/60/24);document.write('<script src="https://play.pokemonshowdown.com/js/replay-embed.js?version'+daily+'"></'+'script>');
</script>
