<!DOCTYPE html>
<meta charset="utf-8" />
<!-- version 1 -->
<title>OU replay: MoTi V de Virus vs. Lyster</title>
<style>
html,body {font-family:Verdana, sans-serif;font-size:10pt;margin:0;padding:0;}body{padding:12px 0;} .battle-log {font-family:Verdana, sans-serif;font-size:10pt;} .battle-log-inline {border:1px solid #AAAAAA;background:#EEF2F5;color:black;max-width:640px;margin:0 auto 80px;padding-bottom:5px;} .battle-log .inner {padding:4px 8px 0px 8px;} .battle-log .inner-preempt {padding:0 8px 4px 8px;} .battle-log .inner-after {margin-top:0.5em;} .battle-log h2 {margin:0.5em -8px;padding:4px 8px;border:1px solid #AAAAAA;background:#E0E7EA;border-left:0;border-right:0;font-family:Verdana, sans-serif;font-size:13pt;} .battle-log .chat {vertical-align:middle;padding:3px 0 3px 0;font-size:8pt;} .battle-log .chat strong {color:#40576A;} .battle-log .chat em {padding:1px 4px 1px 3px;color:#000000;font-style:normal;} .chat.mine {background:rgba(0,0,0,0.05);margin-left:-8px;margin-right:-8px;padding-left:8px;padding-right:8px;} .spoiler {color:#BBBBBB;background:#BBBBBB;padding:0px 3px;} .spoiler:hover, .spoiler:active, .spoiler-shown {color:#000000;background:#E2E2E2;padding:0px 3px;} .spoiler a {color:#BBBBBB;} .spoiler:hover a, .spoiler:active a, .spoiler-shown a {color:#2288CC;} .chat code, .chat .spoiler:hover code, .chat .spoiler:active code, .chat .spoiler-shown code {border:1px solid #C0C0C0;background:#EEEEEE;color:black;padding:0 2px;} .chat .spoiler code {border:1px solid #CCCCCC;background:#CCCCCC;color:#CCCCCC;} .battle-log .rated {padding:3px 4px;} .battle-log .rated strong {color:white;background:#89A;padding:1px 4px;border-radius:4px;} .spacer {margin-top:0.5em;} .message-announce {background:#6688AA;color:white;padding:1px 4px 2px;} .message-announce a, .broadcast-green a, .broadcast-blue a, .broadcast-red a {color:#DDEEFF;} .broadcast-green {background-color:#559955;color:white;padding:2px 4px;} .broadcast-blue {background-color:#6688AA;color:white;padding:2px 4px;} .infobox {border:1px solid #6688AA;padding:2px 4px;} .infobox-limited {max-height:200px;overflow:auto;overflow-x:hidden;} .broadcast-red {background-color:#AA5544;color:white;padding:2px 4px;} .message-learn-canlearn {font-weight:bold;color:#228822;text-decoration:underline;} .message-learn-cannotlearn {font-weight:bold;color:#CC2222;text-decoration:underline;} .message-effect-weak {font-weight:bold;color:#CC2222;} .message-effect-resist {font-weight:bold;color:#6688AA;} .message-effect-immune {font-weight:bold;color:#666666;} .message-learn-list {margin-top:0;margin-bottom:0;} .message-throttle-notice, .message-error {color:#992222;} .message-overflow, .chat small.message-overflow {font-size:0pt;} .message-overflow::before {font-size:9pt;content:'...';} .subtle {color:#3A4A66;}
</style>
<div class="wrapper replay-wrapper" style="max-width:1180px;margin:0 auto">
<input type="hidden" name="replayid" value="destiny-ou-465782" />
<div class="battle"></div><div class="battle-log"></div><div class="replay-controls"></div><div class="replay-controls-2"></div>
<h1 style="font-weight:normal;text-align:center"><strong>OU</strong><br /><a href="http://pokemonshowdown.com/users/motivdevirus" class="subtle" target="_blank">MoTi V de Virus</a> vs. <a href="http://pokemonshowdown.com/users/lyster" class="subtle" target="_blank">Lyster</a></h1>
<script type="text/plain" class="battle-log-data">|unlink|||tour
|player|p1|MoTi V de Virus|motivdevirus.gif?70580b1e
|teamsize|p1|6
|player|p2|Lyster|lyster-3.gif?2b965b2e
|teamsize|p2|6
|teamsize|p1|6
|teamsize|p2|6
|gametype|singles
|gen|7
|tier|OU
|seed|35266,5417,7043,17422
|rule|Cláusula-Mod de Dormir: solo puedes dormir a uno de tus oponentes a la vez.
|rule|Cláusula de Especie: Hasta un Pokémon de cada especie
|rule|Cláusula de Golpe Fulminante: los movimientos fulminantes (OHKO) estan prohibidos
|rule|Cláusula de Veleta: la habilidad Veleta está prohibida
|rule|Cláusula de Movimientos Evasivos: los movimientos de Evasión están prohibidos.
|rule|Cláusula de Batallas Eternas: forzar batallas eternas está prohibido
|clearpoke
|poke|p1|Pelipper, F|item
|poke|p1|Swampert, F|item
|poke|p1|Kingdra, M|item
|poke|p1|Ferrothorn, F|item
|poke|p1|Tapu Lele|item
|poke|p1|Greninja, M|item
|poke|p2|Ninetales-Alola, F|item
|poke|p2|Landorus-Therian, M|item
|poke|p2|Charizard, M|item
|poke|p2|Magearna|item
|poke|p2|Azumarill, M|item
|poke|p2|Rotom-Mow|item
|teampreview|undefined
|choice|*|*team 623451
|choice|*team 123456|*
|choice|team 1, 2, 3, 4, 5, 6|team 6, 2, 3, 4, 5, 1
|
|start
|switch|p1a: Pelipper|Pelipper, F|261\/261
|switch|p2a: Rotom|Rotom-Mow|241\/241
|-weather|RainDance|[from] ability: Drizzle|[of] p1a: Pelipper
|turn|1
|choice|*move 4|*
|choice|*|*move 1
|choice|*switch 4|*
|choice|switch 4|move voltswitch
|
|switch|p1a: Ferrothorn|Ferrothorn, F|351\/351
|move|p2a: Rotom|Volt Switch|p1a: Ferrothorn
|-resisted|p1a: Ferrothorn
|-damage|p1a: Ferrothorn|289\/351
|choice|*|*switch 3
|choice||switch 3
|
|switch|p2a: Charizard|Charizard, M|297\/297|[from]move: Volt Switch
|
|-weather|RainDance|[upkeep]
|-heal|p1a: Ferrothorn|310\/351|[from] item: Leftovers
|upkeep
|turn|2
|choice|*switch 3|*
|choice|*|*move 4 mega
|choice|switch 3|move dragondance mega
|
|switch|p1a: Kingdra|Kingdra, M|291\/291
|-mega|p2a: Charizard|Charizard|Charizardite X
|detailschange|p2a: Charizard|Charizard-Mega-X, M
|move|p2a: Charizard|Dragon Dance|p2a: Charizard
|-boost|p2a: Charizard|atk|1
|-boost|p2a: Charizard|spe|1
|
|-weather|RainDance|[upkeep]
|upkeep
|turn|3
|choice|*move 3|*
|choice|*|*switch 4
|choice|move hydropump|switch 4
|
|switch|p2a: Magearna|Magearna|301\/301
|move|p1a: Kingdra|Hydro Pump|p2a: Magearna
|-damage|p2a: Magearna|0 fnt
|faint|p2a: Magearna
|
|-weather|RainDance|[upkeep]
|upkeep
|choice|*|*switch 6
|choice||switch 6
|
|switch|p2a: Ninetales|Ninetales-Alola, F|349\/349
|-weather|Hail|[from] ability: Snow Warning|[of] p2a: Ninetales
|turn|4
|choice|*|*move 3
|choice|*switch 4|*
|choice|switch 4|move hypnosis
|
|switch|p1a: Pelipper|Pelipper, F|261\/261
|-weather|RainDance|[from] ability: Drizzle|[of] p1a: Pelipper
|move|p2a: Ninetales|Hypnosis|p1a: Pelipper|[miss]
|-miss|p2a: Ninetales|p1a: Pelipper
|
|-weather|RainDance|[upkeep]
|upkeep
|turn|5
|choice|*move 1|*
|choice|*|*move 4
|choice|move hydropump|move hail
|
|move|p1a: Pelipper|Hydro Pump|p2a: Ninetales
|-damage|p2a: Ninetales|102\/349
|move|p2a: Ninetales|Hail|p2a: Ninetales
|-weather|Hail
|
|-weather|Hail|[upkeep]
|-damage|p1a: Pelipper|245\/261|[from] hail
|upkeep
|turn|6
|choice|*move 1|*
|choice|*move 1|*
|choice|*|*move 1
|choice|move hydropump|move auroraveil
|
|move|p1a: Pelipper|Hydro Pump|p2a: Ninetales|[miss]
|-miss|p1a: Pelipper|p2a: Ninetales
|move|p2a: Ninetales|Aurora Veil|p2a: Ninetales
|-sidestart|p2: Lyster|move: Aurora Veil
|
|-weather|Hail|[upkeep]
|-damage|p1a: Pelipper|229\/261|[from] hail
|upkeep
|turn|7
|choice|*switch 3|*
|choice|*|*move 3
|choice|switch 3|move hypnosis
|
|switch|p1a: Ferrothorn|Ferrothorn, F|310\/351
|move|p2a: Ninetales|Hypnosis|p1a: Ferrothorn
|-status|p1a: Ferrothorn|slp
|
|-weather|Hail|[upkeep]
|-damage|p1a: Ferrothorn|289\/351 slp|[from] hail
|-heal|p1a: Ferrothorn|310\/351 slp|[from] item: Leftovers
|upkeep
|turn|8
|choice|*switch 3|*
|choice|*|*switch 4
|choice|switch 3|switch 4
|
|switch|p2a: Charizard|Charizard-Mega-X, M|297\/297
|switch|p1a: Pelipper|Pelipper, F|229\/261
|-weather|RainDance|[from] ability: Drizzle|[of] p1a: Pelipper
|
|-weather|RainDance|[upkeep]
|upkeep
|turn|9
|choice|*|*move 4
|choice|*move 4|*
|choice|move uturn|move dragondance
|
|move|p1a: Pelipper|U-turn|p2a: Charizard
|-resisted|p2a: Charizard
|-damage|p2a: Charizard|290\/297
|choice|*switch 4|*
|choice|switch 4|
|
|switch|p1a: Kingdra|Kingdra, M|291\/291|[from]move: U-turn
|move|p2a: Charizard|Dragon Dance|p2a: Charizard
|-boost|p2a: Charizard|atk|1
|-boost|p2a: Charizard|spe|1
|
|-weather|RainDance|[upkeep]
|upkeep
|turn|10
|choice|*move 1|*
|choice|*|*move 4
|choice|move dracometeor|move dragondance
|
|move|p1a: Kingdra|Draco Meteor|p2a: Charizard
|-supereffective|p2a: Charizard
|-damage|p2a: Charizard|0 fnt
|-unboost|p1a: Kingdra|spa|2
|faint|p2a: Charizard
|
|-weather|RainDance|[upkeep]
|upkeep
|choice|*|*switch 5
|choice||switch 5
|
|switch|p2a: Azumarill|Azumarill, M|342\/342
|turn|11
|choice|*|*move 1
|choice|*switch 5|*
|choice|switch 5|move bellydrum
|
|switch|p1a: Tapu Lele|Tapu Lele|281\/281
|-fieldstart|move: Psychic Terrain|[from] ability: Psychic Surge|[of] p1a: Tapu Lele
|move|p2a: Azumarill|Belly Drum|p2a: Azumarill
|-damage|p2a: Azumarill|171\/342
|-setboost|p2a: Azumarill|atk|6|[from] move: Belly Drum
|
|-weather|RainDance|[upkeep]
|upkeep
|turn|12
|choice|*move 1|*
|choice|*|*move 4
|choice|move psychic|move knockoff
|
|move|p1a: Tapu Lele|Psychic|p2a: Azumarill
|-damage|p2a: Azumarill|0 fnt
|faint|p2a: Azumarill
|
|-weather|none
|upkeep
|choice|*|*switch 3
|choice||switch 3
|
|switch|p2a: Rotom|Rotom-Mow|241\/241
|turn|13
|choice|*move 1|*
|choice|*|*move 1
|choice|move psychic|move voltswitch
|
|move|p1a: Tapu Lele|Psychic|p2a: Rotom
|-crit|p2a: Rotom
|-damage|p2a: Rotom|0 fnt
|faint|p2a: Rotom
|
|-sideend|p2: Lyster|move: Aurora Veil
|upkeep
|choice|*|*switch 2
|choice||switch 2
|
|switch|p2a: Landorus|Landorus-Therian, M|319\/319
|-ability|p2a: Landorus|Intimidate|boost
|-unboost|p1a: Tapu Lele|atk|1
|turn|14
|choice|*move 1|*
|choice|*|*move 1
|choice|move psychic|move stealthrock
|
|move|p1a: Tapu Lele|Psychic|p2a: Landorus
|-enditem|p2a: Landorus|Focus Sash
|-damage|p2a: Landorus|1\/319
|move|p2a: Landorus|Stealth Rock|p1a: Tapu Lele
|-sidestart|p1: MoTi V de Virus|move: Stealth Rock
|
|upkeep
|turn|15
|choice|*move 1|*
|choice|*|*switch 4
|choice|move psychic|switch 4
|
|switch|p2a: Ninetales|Ninetales-Alola, F|102\/349
|-weather|Hail|[from] ability: Snow Warning|[of] p2a: Ninetales
|move|p1a: Tapu Lele|Psychic|p2a: Ninetales
|-damage|p2a: Ninetales|0 fnt
|faint|p2a: Ninetales
|
|-weather|Hail|[upkeep]
|-damage|p1a: Tapu Lele|264\/281|[from] hail
|-fieldend|move: Psychic Terrain
|upkeep
|choice|*|*switch 4
|choice||switch 4
|
|switch|p2a: Landorus|Landorus-Therian, M|1\/319
|-ability|p2a: Landorus|Intimidate|boost
|-unboost|p1a: Tapu Lele|atk|1
|turn|16
|choice|*move 1|*
|c|☆Lyster|;)
|choice|*|*move 3
|choice|move psychic|move explosion
|
|move|p1a: Tapu Lele|Psychic|p2a: Landorus
|-damage|p2a: Landorus|0 fnt
|faint|p2a: Landorus
|
|win|MoTi V de Virus
</script>
</div>
<div class="battle-log battle-log-inline"><div class="inner"><div class="battle-options"></div><div class="inner"><div class=""><small>Format:</small> <br><strong>OU</strong></div><div class=""><small><em>Cláusula-Mod de Dormir:</em> solo puedes dormir a uno de tus oponentes a la vez.</small></div><div class=""><small><em>Cláusula de Especie:</em> Hasta un Pokémon de cada especie</small></div><div class=""><small><em>Cláusula de Golpe Fulminante:</em> los movimientos fulminantes (OHKO) estan prohibidos</small></div><div class=""><small><em>Cláusula de Veleta:</em> la habilidad Veleta está prohibida</small></div><div class=""><small><em>Cláusula de Movimientos Evasivos:</em> los movimientos de Evasión están prohibidos.</small></div><div class=""><small><em>Cláusula de Batallas Eternas:</em> forzar batallas eternas está prohibido</small></div><div class="chat battle-history"><strong>MoTi V de Virus's team:</strong> <em style="color:#445566;display:block;">Pelipper / Swampert / Kingdra / Ferrothorn / Tapu Lele / Greninja</em></div><div class="chat battle-history"><strong>Lyster's team:</strong> <em style="color:#445566;display:block;">Ninetales-Alola / Landorus-Therian / Charizard / Magearna / Azumarill / Rotom-Mow</em></div><div class="spacer battle-history"><br></div><div class="battle-history">Battle started between MoTi V de Virus and Lyster!<br></div><div class="spacer battle-history"><br></div><div class="battle-history">Go! <strong>Pelipper</strong>!<br></div><div class="spacer battle-history"><br></div><div class="battle-history">Lyster sent out Rotom (<strong>Rotom-Mow</strong>)!<br></div><div class="battle-history"><small>[Pelipper's Drizzle]</small><br><small>It started to rain!</small><br></div><div class="spacer battle-history"><br></div><h2 class="battle-history">Turn 1</h2><div class="spacer battle-history"><br></div><div class="battle-history">Pelipper, come back!<br></div><div class="battle-history">Go! <strong>Ferrothorn</strong>!<br></div><div class="spacer battle-history"><br></div><div class="battle-history">The opposing Rotom used <strong>Volt Switch</strong>!<br></div><div class="battle-history"><small>It's not very effective...</small><br></div><div class="battle-history"><small>(Ferrothorn lost <abbr title="−62/351">17.7%</abbr> of its health!)</small><br></div><div class="spacer battle-history"><br></div><div class="battle-history">The opposing Rotom went back to Lyster!<br></div><div class="battle-history">Lyster sent out <strong>Charizard</strong>!<br></div><div class="spacer battle-history"><br></div><div class="battle-history"><small>(Rain continues to fall!)</small><br></div><div class="battle-history"><small>Ferrothorn restored a little HP using its Leftovers!</small><br></div><div class="spacer battle-history"><br></div><h2 class="battle-history">Turn 2</h2><div class="spacer battle-history"><br></div><div class="battle-history">Ferrothorn, come back!<br></div><div class="battle-history">Go! <strong>Kingdra</strong>!<br></div><div class="spacer battle-history"><br></div><div class="battle-history"><small>The opposing Charizard's Charizardite X is reacting to the Key Stone!</small><br>The opposing Charizard has Mega Evolved into Mega Charizard!<br></div><div class="spacer battle-history"><br></div><div class="battle-history">The opposing Charizard used <strong>Dragon Dance</strong>!<br></div><div class="battle-history"><small>The opposing Charizard's Attack rose!</small><br></div><div class="battle-history"><small>The opposing Charizard's Speed rose!</small><br></div><div class="spacer battle-history"><br></div><div class="battle-history"><small>(Rain continues to fall!)</small><br></div><div class="spacer battle-history"><br></div><h2 class="battle-history">Turn 3</h2><div class="spacer battle-history"><br></div><div class="battle-history">Lyster withdrew Charizard!<br></div><div class="battle-history">Lyster sent out <strong>Magearna</strong>!<br></div><div class="spacer battle-history"><br></div><div class="battle-history">Kingdra used <strong>Hydro Pump</strong>!<br></div><div class="battle-history"><small>(The opposing Magearna lost <abbr title="−301/301">100%</abbr> of its health!)</small><br></div><div class="spacer battle-history"><br></div><div class="battle-history">The opposing Magearna fainted!<br></div><div class="spacer battle-history"><br></div><div class="battle-history"><small>(Rain continues to fall!)</small><br></div><div class="spacer battle-history"><br></div><div class="battle-history">Lyster sent out Ninetales (<strong>Ninetales-Alola</strong>)!<br></div><div class="battle-history"><small>[The opposing Ninetales's Snow Warning]</small><br><small>It started to hail!</small><br></div><div class="spacer battle-history"><br></div><h2 class="battle-history">Turn 4</h2><div class="spacer battle-history"><br></div><div class="battle-history">Kingdra, come back!<br></div><div class="battle-history">Go! <strong>Pelipper</strong>!<br></div><div class="battle-history"><small>[Pelipper's Drizzle]</small><br><small>It started to rain!</small><br></div><div class="spacer battle-history"><br></div><div class="battle-history">The opposing Ninetales used <strong>Hypnosis</strong>!<br></div><div class="battle-history"><small>Pelipper avoided the attack!</small><br></div><div class="spacer battle-history"><br></div><div class="battle-history"><small>(Rain continues to fall!)</small><br></div><div class="spacer battle-history"><br></div><h2 class="battle-history">Turn 5</h2><div class="spacer battle-history"><br></div><div class="battle-history">Pelipper used <strong>Hydro Pump</strong>!<br></div><div class="battle-history"><small>(The opposing Ninetales lost <abbr title="−247/349">70.8%</abbr> of its health!)</small><br></div><div class="spacer battle-history"><br></div><div class="battle-history">The opposing Ninetales used <strong>Hail</strong>!<br></div><div class="battle-history"><small>It started to hail!</small><br></div><div class="spacer battle-history"><br></div><div class="battle-history"><small>The hail is crashing down.</small><br></div><div class="battle-history"><small>Pelipper is buffeted by the hail!</small><br></div><div class="spacer battle-history"><br></div><h2 class="battle-history">Turn 6</h2><div class="spacer battle-history"><br></div><div class="battle-history">Pelipper used <strong>Hydro Pump</strong>!<br></div><div class="battle-history"><small>The opposing Ninetales avoided the attack!</small><br></div><div class="spacer battle-history"><br></div><div class="battle-history">The opposing Ninetales used <strong>Aurora Veil</strong>!<br></div><div class="battle-history"><small>Aurora Veil made the opposing team stronger against physical and special moves!</small><br></div><div class="spacer battle-history"><br></div><div class="battle-history"><small>The hail is crashing down.</small><br></div><div class="battle-history"><small>Pelipper is buffeted by the hail!</small><br></div><div class="spacer battle-history"><br></div><h2 class="battle-history">Turn 7</h2><div class="spacer battle-history"><br></div><div class="battle-history">Pelipper, come back!<br></div><div class="battle-history">Go! <strong>Ferrothorn</strong>!<br></div><div class="spacer battle-history"><br></div><div class="battle-history">The opposing Ninetales used <strong>Hypnosis</strong>!<br></div><div class="battle-history"><small>Ferrothorn fell asleep!</small><br></div><div class="spacer battle-history"><br></div><div class="battle-history"><small>The hail is crashing down.</small><br></div><div class="battle-history"><small>Ferrothorn is buffeted by the hail!</small><br></div><div class="battle-history"><small>Ferrothorn restored a little HP using its Leftovers!</small><br></div><div class="spacer battle-history"><br></div><h2 class="battle-history">Turn 8</h2><div class="spacer battle-history"><br></div><div class="battle-history">Lyster withdrew Ninetales!<br></div><div class="battle-history">Lyster sent out Charizard (<strong>Charizard-Mega-X</strong>)!<br></div><div class="spacer battle-history"><br></div><div class="battle-history">Ferrothorn, come back!<br></div><div class="battle-history">Go! <strong>Pelipper</strong>!<br></div><div class="battle-history"><small>[Pelipper's Drizzle]</small><br><small>It started to rain!</small><br></div><div class="spacer battle-history"><br></div><div class="battle-history"><small>(Rain continues to fall!)</small><br></div><div class="spacer battle-history"><br></div><h2 class="battle-history">Turn 9</h2><div class="spacer battle-history"><br></div><div class="battle-history">Pelipper used <strong>U-turn</strong>!<br></div><div class="battle-history"><small>It's not very effective...</small><br></div><div class="battle-history"><small>(The opposing Charizard lost <abbr title="−7/297">2.4%</abbr> of its health!)</small><br></div><div class="spacer battle-history"><br></div><div class="battle-history">Pelipper went back to MoTi V de Virus!<br></div><div class="battle-history">Go! <strong>Kingdra</strong>!<br></div><div class="spacer battle-history"><br></div><div class="battle-history">The opposing Charizard used <strong>Dragon Dance</strong>!<br></div><div class="battle-history"><small>The opposing Charizard's Attack rose!</small><br></div><div class="battle-history"><small>The opposing Charizard's Speed rose!</small><br></div><div class="spacer battle-history"><br></div><div class="battle-history"><small>(Rain continues to fall!)</small><br></div><div class="spacer battle-history"><br></div><h2 class="battle-history">Turn 10</h2><div class="spacer battle-history"><br></div><div class="battle-history">Kingdra used <strong>Draco Meteor</strong>!<br></div><div class="battle-history"><small>It's super effective!</small><br></div><div class="battle-history"><small>(The opposing Charizard lost <abbr title="−290/297">97.6%</abbr> of its health!)</small><br></div><div class="battle-history"><small>Kingdra's Special Attack fell harshly!</small><br></div><div class="spacer battle-history"><br></div><div class="battle-history">The opposing Charizard fainted!<br></div><div class="spacer battle-history"><br></div><div class="battle-history"><small>(Rain continues to fall!)</small><br></div><div class="spacer battle-history"><br></div><div class="battle-history">Lyster sent out <strong>Azumarill</strong>!<br></div><div class="spacer battle-history"><br></div><h2 class="battle-history">Turn 11</h2><div class="spacer battle-history"><br></div><div class="battle-history">Kingdra, come back!<br></div><div class="battle-history">Go! <strong>Tapu Lele</strong>!<br></div><div class="battle-history"><small>[Tapu Lele's Psychic Surge]</small><br><small>The battlefield got weird!</small><br></div><div class="spacer battle-history"><br></div><div class="battle-history">The opposing Azumarill used <strong>Belly Drum</strong>!<br></div><div class="battle-history"><small>(The opposing Azumarill lost <abbr title="−171/342">50%</abbr> of its health!)</small><br></div><div class="battle-history"><small>The opposing Azumarill cut its own HP and maximized its Attack!</small><br></div><div class="spacer battle-history"><br></div><div class="battle-history"><small>(Rain continues to fall!)</small><br></div><div class="spacer battle-history"><br></div><h2 class="battle-history">Turn 12</h2><div class="spacer battle-history"><br></div><div class="battle-history">Tapu Lele used <strong>Psychic</strong>!<br></div><div class="battle-history"><small>(The opposing Azumarill lost <abbr title="−171/342">50%</abbr> of its health!)</small><br></div><div class="spacer battle-history"><br></div><div class="battle-history">The opposing Azumarill fainted!<br></div><div class="spacer battle-history"><br></div><div class="battle-history"><small>The rain stopped.</small><br></div><div class="spacer battle-history"><br></div><div class="battle-history">Lyster sent out Rotom (<strong>Rotom-Mow</strong>)!<br></div><div class="spacer battle-history"><br></div><h2 class="battle-history">Turn 13</h2><div class="spacer battle-history"><br></div><div class="battle-history">Tapu Lele used <strong>Psychic</strong>!<br></div><div class="battle-history"><small>A critical hit!</small><br></div><div class="battle-history"><small>(The opposing Rotom lost <abbr title="−241/241">100%</abbr> of its health!)</small><br></div><div class="spacer battle-history"><br></div><div class="battle-history">The opposing Rotom fainted!<br></div><div class="spacer battle-history"><br></div><div class="battle-history"><small>The opposing team's Aurora Veil wore off!</small><br></div><div class="spacer battle-history"><br></div><div class="battle-history">Lyster sent out Landorus (<strong>Landorus-Therian</strong>)!<br></div><div class="battle-history"><small>[The opposing Landorus's Intimidate]</small><br></div><div class="battle-history"><small>Tapu Lele's Attack fell!</small><br></div><div class="spacer battle-history"><br></div><h2 class="battle-history">Turn 14</h2><div class="spacer battle-history"><br></div><div class="battle-history">Tapu Lele used <strong>Psychic</strong>!<br></div><div class="battle-history"><small>The opposing Landorus hung on using its Focus Sash!</small><br></div><div class="battle-history"><small>(The opposing Landorus lost <abbr title="−318/319">99.7%</abbr> of its health!)</small><br></div><div class="spacer battle-history"><br></div><div class="battle-history">The opposing Landorus used <strong>Stealth Rock</strong>!<br></div><div class="battle-history"><small>Pointed stones float in the air around your team!</small><br></div><div class="spacer battle-history"><br></div><h2 class="battle-history">Turn 15</h2><div class="spacer battle-history"><br></div><div class="battle-history">Lyster withdrew Landorus!<br></div><div class="battle-history">Lyster sent out Ninetales (<strong>Ninetales-Alola</strong>)!<br></div><div class="battle-history"><small>[The opposing Ninetales's Snow Warning]</small><br><small>It started to hail!</small><br></div><div class="spacer battle-history"><br></div><div class="battle-history">Tapu Lele used <strong>Psychic</strong>!<br></div><div class="battle-history"><small>(The opposing Ninetales lost <abbr title="−102/349">29.2%</abbr> of its health!)</small><br></div><div class="spacer battle-history"><br></div><div class="battle-history">The opposing Ninetales fainted!<br></div><div class="spacer battle-history"><br></div><div class="battle-history"><small>The hail is crashing down.</small><br></div><div class="battle-history"><small>Tapu Lele is buffeted by the hail!</small><br></div><div class="battle-history"><small>The weirdness disappeared from the battlefield!</small><br></div><div class="spacer battle-history"><br></div><div class="battle-history">Lyster sent out Landorus (<strong>Landorus-Therian</strong>)!<br></div><div class="battle-history"><small>[The opposing Landorus's Intimidate]</small><br></div><div class="battle-history"><small>Tapu Lele's Attack fell!</small><br></div><div class="spacer battle-history"><br></div><h2 class="battle-history">Turn 16</h2><div class="chat chatmessage-lyster"><strong style="color:hsl(7,41%,50.28461957051361%)"><small>☆</small><span class="username" data-name="Lyster">Lyster</span>:</strong> <em>;)</em></div><div class="spacer battle-history"><br></div><div class="battle-history">Tapu Lele used <strong>Psychic</strong>!<br></div><div class="battle-history"><small>(The opposing Landorus lost <abbr title="−1/319">0.3%</abbr> of its health!)</small><br></div><div class="spacer battle-history"><br></div><div class="battle-history">The opposing Landorus fainted!<br></div><div class="spacer battle-history"><br></div><div class="battle-history"><strong>MoTi V de Virus</strong> won the battle!<br></div></div><div class="inner-preempt"></div></div></div>
</div>
<script>
let daily = Math.floor(Date.now()/1000/60/60/24);document.write('<script src="https://play.pokemonshowdown.com/js/replay-embed.js?version'+daily+'"></'+'script>');
</script>
