<!DOCTYPE html>
<meta charset="utf-8" />
<!-- version 1 -->
<title>OU replay: ricardo velasquez vs. AdderJo</title>
<style>
html,body {font-family:Verdana, sans-serif;font-size:10pt;margin:0;padding:0;}body{padding:12px 0;} .battle-log {font-family:Verdana, sans-serif;font-size:10pt;} .battle-log-inline {border:1px solid #AAAAAA;background:#EEF2F5;color:black;max-width:640px;margin:0 auto 80px;padding-bottom:5px;} .battle-log .inner {padding:4px 8px 0px 8px;} .battle-log .inner-preempt {padding:0 8px 4px 8px;} .battle-log .inner-after {margin-top:0.5em;} .battle-log h2 {margin:0.5em -8px;padding:4px 8px;border:1px solid #AAAAAA;background:#E0E7EA;border-left:0;border-right:0;font-family:Verdana, sans-serif;font-size:13pt;} .battle-log .chat {vertical-align:middle;padding:3px 0 3px 0;font-size:8pt;} .battle-log .chat strong {color:#40576A;} .battle-log .chat em {padding:1px 4px 1px 3px;color:#000000;font-style:normal;} .chat.mine {background:rgba(0,0,0,0.05);margin-left:-8px;margin-right:-8px;padding-left:8px;padding-right:8px;} .spoiler {color:#BBBBBB;background:#BBBBBB;padding:0px 3px;} .spoiler:hover, .spoiler:active, .spoiler-shown {color:#000000;background:#E2E2E2;padding:0px 3px;} .spoiler a {color:#BBBBBB;} .spoiler:hover a, .spoiler:active a, .spoiler-shown a {color:#2288CC;} .chat code, .chat .spoiler:hover code, .chat .spoiler:active code, .chat .spoiler-shown code {border:1px solid #C0C0C0;background:#EEEEEE;color:black;padding:0 2px;} .chat .spoiler code {border:1px solid #CCCCCC;background:#CCCCCC;color:#CCCCCC;} .battle-log .rated {padding:3px 4px;} .battle-log .rated strong {color:white;background:#89A;padding:1px 4px;border-radius:4px;} .spacer {margin-top:0.5em;} .message-announce {background:#6688AA;color:white;padding:1px 4px 2px;} .message-announce a, .broadcast-green a, .broadcast-blue a, .broadcast-red a {color:#DDEEFF;} .broadcast-green {background-color:#559955;color:white;padding:2px 4px;} .broadcast-blue {background-color:#6688AA;color:white;padding:2px 4px;} .infobox {border:1px solid #6688AA;padding:2px 4px;} .infobox-limited {max-height:200px;overflow:auto;overflow-x:hidden;} .broadcast-red {background-color:#AA5544;color:white;padding:2px 4px;} .message-learn-canlearn {font-weight:bold;color:#228822;text-decoration:underline;} .message-learn-cannotlearn {font-weight:bold;color:#CC2222;text-decoration:underline;} .message-effect-weak {font-weight:bold;color:#CC2222;} .message-effect-resist {font-weight:bold;color:#6688AA;} .message-effect-immune {font-weight:bold;color:#666666;} .message-learn-list {margin-top:0;margin-bottom:0;} .message-throttle-notice, .message-error {color:#992222;} .message-overflow, .chat small.message-overflow {font-size:0pt;} .message-overflow::before {font-size:9pt;content:'...';} .subtle {color:#3A4A66;}
</style>
<div class="wrapper replay-wrapper" style="max-width:1180px;margin:0 auto">
<input type="hidden" name="replayid" value="destiny-ou-465908" />
<div class="battle"></div><div class="battle-log"></div><div class="replay-controls"></div><div class="replay-controls-2"></div>
<h1 style="font-weight:normal;text-align:center"><strong>OU</strong><br /><a href="http://pokemonshowdown.com/users/ricardovelasquez" class="subtle" target="_blank">ricardo velasquez</a> vs. <a href="http://pokemonshowdown.com/users/adderjo" class="subtle" target="_blank">AdderJo</a></h1>
<script type="text/plain" class="battle-log-data">|player|p1|ricardo velasquez|294
|teamsize|p1|6
|player|p2|AdderJo|1
|teamsize|p2|6
|teamsize|p1|6
|teamsize|p2|6
|gametype|singles
|gen|7
|tier|OU
|rated
|seed|12605,36617,36906,47435
|rule|Cláusula-Mod de Dormir: solo puedes dormir a uno de tus oponentes a la vez.
|rule|Cláusula de Especie: Hasta un Pokémon de cada especie
|rule|Cláusula de Golpe Fulminante: los movimientos fulminantes (OHKO) estan prohibidos
|rule|Cláusula de Veleta: la habilidad Veleta está prohibida
|rule|Cláusula de Movimientos Evasivos: los movimientos de Evasión están prohibidos.
|rule|Cláusula de Batallas Eternas: forzar batallas eternas está prohibido
|clearpoke
|poke|p1|Raichu-Alola, M|item
|poke|p1|Hawlucha, M|item
|poke|p1|Charizard, M|item
|poke|p1|Goodra, M|item
|poke|p1|Salamence, M|item
|poke|p1|Greninja, M|item
|poke|p2|Beedrill, M|item
|poke|p2|Infernape, F|item
|poke|p2|Tapu Lele|item
|poke|p2|Greninja, M|item
|poke|p2|Chansey, F|item
|poke|p2|Landorus-Therian, M|item
|teampreview|undefined
|choice|*team 523416|*
|choice|*|*team 123456
|choice|team 5, 2, 3, 4, 1, 6|team 1, 2, 3, 4, 5, 6
|
|start
|switch|p1a: Salamence|Salamence, M|331\/331
|switch|p2a: Beedrill|Beedrill, M|271\/271
|turn|1
|choice|*|*move 3 mega
|choice|*move 2|*
|choice|*|*move 2 mega
|choice|move zenheadbutt|move poisonjab mega
|
|-mega|p2a: Beedrill|Beedrill|Beedrillite
|detailschange|p2a: Beedrill|Beedrill-Mega, M
|move|p2a: Beedrill|Poison Jab|p1a: Salamence
|-damage|p1a: Salamence|83\/331
|-status|p1a: Salamence|psn
|-enditem|p1a: Salamence|Lum Berry|[eat]
|-curestatus|p1a: Salamence|psn|[msg]
|move|p1a: Salamence|Zen Headbutt|p2a: Beedrill
|-supereffective|p2a: Beedrill
|-damage|p2a: Beedrill|0 fnt
|faint|p2a: Beedrill
|-ability|p1a: Salamence|Moxie|boost
|-boost|p1a: Salamence|atk|1
|
|upkeep
|choice|*|*switch 4
|choice||switch 4
|
|switch|p2a: Greninja|Greninja, M|285\/285
|turn|2
|choice|*|*move 2
|choice|*move 4|*
|choice|move thunderfang|move icebeam
|
|move|p2a: Greninja|Ice Beam|p1a: Salamence
|-start|p2a: Greninja|typechange|Ice|[from] Protean
|-supereffective|p1a: Salamence
|-damage|p1a: Salamence|0 fnt
|faint|p1a: Salamence
|
|upkeep
|choice|*switch 2|*
|choice|switch 2|
|
|switch|p1a: Hawlucha|Hawlucha, M|297\/297
|turn|3
|choice|*|*move 2
|choice|*move 1|*
|choice|move flyingpress|move icebeam
|
|move|p2a: Greninja|Ice Beam|p1a: Hawlucha
|-supereffective|p1a: Hawlucha
|-damage|p1a: Hawlucha|0 fnt
|faint|p1a: Hawlucha
|
|upkeep
|choice|*switch 3|*
|choice|switch 3|
|
|switch|p1a: Charizard|Charizard, M|297\/297
|turn|4
|choice|*|*move 1 zmove
|choice|*move 4|*
|choice|move flareblitz|move hydropump zmove
|
|-zpower|p2a: Greninja
|move|p2a: Greninja|Hydro Vortex|p1a: Charizard|[zeffect]
|-start|p2a: Greninja|typechange|Water|[from] Protean
|-supereffective|p1a: Charizard
|-crit|p1a: Charizard
|-damage|p1a: Charizard|0 fnt
|faint|p1a: Charizard
|
|upkeep
|choice|*switch 5|*
|choice|switch 5|
|
|switch|p1a: Raichu|Raichu-Alola, M|261\/261
|turn|5
|choice|*|*move 4
|choice|*move 1 zmove|*
|choice|move thunderbolt zmove|move grassknot
|
|move|p2a: Greninja|Grass Knot|p1a: Raichu
|-start|p2a: Greninja|typechange|Grass|[from] Protean
|-damage|p1a: Raichu|189\/261
|-zpower|p1a: Raichu
|move|p1a: Raichu|Stoked Sparksurfer|p2a: Greninja|[zeffect]
|-resisted|p2a: Greninja
|-damage|p2a: Greninja|110\/285
|-status|p2a: Greninja|par
|
|upkeep
|turn|6
|choice|*|*move 1
|choice|*move 4|*
|choice|*|*switch 5
|choice|move signalbeam|switch 5
|
|switch|p2a: Chansey|Chansey, F|703\/703
|move|p1a: Raichu|Signal Beam|p2a: Chansey
|-damage|p2a: Chansey|654\/703
|
|upkeep
|turn|7
|choice|*move 3|*
|choice|*|*move 2
|choice|move focusblast|move toxic
|
|move|p1a: Raichu|Focus Blast|p2a: Chansey|[miss]
|-miss|p1a: Raichu|p2a: Chansey
|move|p2a: Chansey|Toxic|p1a: Raichu
|-status|p1a: Raichu|tox
|
|-damage|p1a: Raichu|173\/261 tox|[from] psn
|upkeep
|turn|8
|choice|*|*move 1
|choice|*move 3|*
|choice|move focusblast|move aromatherapy
|
|move|p1a: Raichu|Focus Blast|p2a: Chansey
|-supereffective|p2a: Chansey
|-damage|p2a: Chansey|504\/703
|move|p2a: Chansey|Aromatherapy|p2a: Chansey
|-activate|p2a: Chansey|move: Aromatherapy
|-curestatus|p2: Greninja|par|[msg]
|
|-damage|p1a: Raichu|141\/261 tox|[from] psn
|upkeep
|turn|9
|choice|*|*move 3
|choice|*move 3|*
|choice|*|*move 4
|choice|move focusblast|move softboiled
|
|move|p1a: Raichu|Focus Blast|p2a: Chansey
|-supereffective|p2a: Chansey
|-damage|p2a: Chansey|360\/703
|move|p2a: Chansey|Soft-Boiled|p2a: Chansey
|-heal|p2a: Chansey|703\/703
|
|-damage|p1a: Raichu|93\/261 tox|[from] psn
|upkeep
|turn|10
|choice|*|*move 3
|inactive|Reloj de batalla ENCENDIDO. El jugador inactivo será descalificado (solicitado por AdderJo).
|choice|*switch 4|*
|choice|switch 4|move seismictoss
|
|switch|p1a: Goodra|Goodra, M|383\/383
|move|p2a: Chansey|Seismic Toss|p1a: Goodra
|-damage|p1a: Goodra|283\/383
|
|-heal|p1a: Goodra|306\/383|[from] item: Leftovers
|upkeep
|turn|11
|choice|*|*move 2
|-message|ricardo velasquez se rindió.
|
|win|AdderJo
AdderJo ha ganado 6.75 PokeDolares.
|raw|Puntaje de ricardo velasquez: 1000 &rarr; <strong>1000<\/strong><br \/>(+0 por perder)
|raw|Puntaje de AdderJo: 1378 &rarr; <strong>1382<\/strong><br \/>(+4 por ganar)
</script>
</div>
<div class="battle-log battle-log-inline"><div class="inner"><div class="battle-options"></div><div class="inner"><div class=""><small>Format:</small> <br><strong>OU</strong></div><div class="rated"><strong>Rated battle</strong></div><div class=""><small><em>Cláusula-Mod de Dormir:</em> solo puedes dormir a uno de tus oponentes a la vez.</small></div><div class=""><small><em>Cláusula de Especie:</em> Hasta un Pokémon de cada especie</small></div><div class=""><small><em>Cláusula de Golpe Fulminante:</em> los movimientos fulminantes (OHKO) estan prohibidos</small></div><div class=""><small><em>Cláusula de Veleta:</em> la habilidad Veleta está prohibida</small></div><div class=""><small><em>Cláusula de Movimientos Evasivos:</em> los movimientos de Evasión están prohibidos.</small></div><div class=""><small><em>Cláusula de Batallas Eternas:</em> forzar batallas eternas está prohibido</small></div><div class="chat battle-history"><strong>ricardo velasquez's team:</strong> <em style="color:#445566;display:block;">Raichu-Alola / Hawlucha / Charizard / Goodra / Salamence / Greninja</em></div><div class="chat battle-history"><strong>AdderJo's team:</strong> <em style="color:#445566;display:block;">Beedrill / Infernape / Tapu Lele / Greninja / Chansey / Landorus-Therian</em></div><div class="spacer battle-history"><br></div><div class="battle-history">Battle started between ricardo velasquez and AdderJo!<br></div><div class="spacer battle-history"><br></div><div class="battle-history">Go! <strong>Salamence</strong>!<br></div><div class="spacer battle-history"><br></div><div class="battle-history">AdderJo sent out <strong>Beedrill</strong>!<br></div><div class="spacer battle-history"><br></div><h2 class="battle-history">Turn 1</h2><div class="spacer battle-history"><br></div><div class="battle-history"><small>The opposing Beedrill's Beedrillite is reacting to the Key Stone!</small><br>The opposing Beedrill has Mega Evolved into Mega Beedrill!<br></div><div class="spacer battle-history"><br></div><div class="battle-history">The opposing Beedrill used <strong>Poison Jab</strong>!<br></div><div class="battle-history"><small>(Salamence lost <abbr title="−248/331">74.9%</abbr> of its health!)</small><br></div><div class="battle-history"><small>Salamence was poisoned!</small><br></div><div class="battle-history"><small>Salamence ate its Lum Berry!</small><br></div><div class="battle-history"><small>Salamence was cured of its poisoning.</small><br></div><div class="spacer battle-history"><br></div><div class="battle-history">Salamence used <strong>Zen Headbutt</strong>!<br></div><div class="battle-history"><small>It's super effective!</small><br></div><div class="battle-history"><small>(The opposing Beedrill lost <abbr title="−271/271">100%</abbr> of its health!)</small><br></div><div class="spacer battle-history"><br></div><div class="battle-history">The opposing Beedrill fainted!<br></div><div class="battle-history"><small>[Salamence's Moxie]</small><br></div><div class="battle-history"><small>Salamence's Attack rose!</small><br></div><div class="spacer battle-history"><br></div><div class="battle-history">AdderJo sent out <strong>Greninja</strong>!<br></div><div class="spacer battle-history"><br></div><h2 class="battle-history">Turn 2</h2><div class="spacer battle-history"><br></div><div class="battle-history">The opposing Greninja used <strong>Ice Beam</strong>!<br></div><div class="spacer battle-history"><br></div><div class="battle-history"><small>[The opposing Greninja's Protean]</small><br><small>The opposing Greninja transformed into the Ice type!</small><br></div><div class="battle-history"><small>It's super effective!</small><br></div><div class="battle-history"><small>(Salamence lost <abbr title="−83/331">25.1%</abbr> of its health!)</small><br></div><div class="spacer battle-history"><br></div><div class="battle-history">Salamence fainted!<br></div><div class="spacer battle-history"><br></div><div class="battle-history">Go! <strong>Hawlucha</strong>!<br></div><div class="spacer battle-history"><br></div><h2 class="battle-history">Turn 3</h2><div class="spacer battle-history"><br></div><div class="battle-history">The opposing Greninja used <strong>Ice Beam</strong>!<br></div><div class="battle-history"><small>It's super effective!</small><br></div><div class="battle-history"><small>(Hawlucha lost <abbr title="−297/297">100%</abbr> of its health!)</small><br></div><div class="spacer battle-history"><br></div><div class="battle-history">Hawlucha fainted!<br></div><div class="spacer battle-history"><br></div><div class="battle-history">Go! <strong>Charizard</strong>!<br></div><div class="spacer battle-history"><br></div><h2 class="battle-history">Turn 4</h2><div class="spacer battle-history"><br></div><div class="battle-history"><small>The opposing Greninja surrounded itself with its Z-Power!</small><br></div><div class="spacer battle-history"><br></div><div class="battle-history">The opposing Greninja used <strong>Hydro Vortex</strong>!<br></div><div class="spacer battle-history"><br></div><div class="battle-history"><small>[The opposing Greninja's Protean]</small><br><small>The opposing Greninja transformed into the Water type!</small><br></div><div class="battle-history"><small>It's super effective!</small><br></div><div class="battle-history"><small>A critical hit!</small><br></div><div class="battle-history"><small>(Charizard lost <abbr title="−297/297">100%</abbr> of its health!)</small><br></div><div class="spacer battle-history"><br></div><div class="battle-history">Charizard fainted!<br></div><div class="spacer battle-history"><br></div><div class="battle-history">Go! Raichu (<strong>Raichu-Alola</strong>)!<br></div><div class="spacer battle-history"><br></div><h2 class="battle-history">Turn 5</h2><div class="spacer battle-history"><br></div><div class="battle-history">The opposing Greninja used <strong>Grass Knot</strong>!<br></div><div class="spacer battle-history"><br></div><div class="battle-history"><small>[The opposing Greninja's Protean]</small><br><small>The opposing Greninja transformed into the Grass type!</small><br></div><div class="battle-history"><small>(Raichu lost <abbr title="−72/261">27.6%</abbr> of its health!)</small><br></div><div class="battle-history"><small>Raichu surrounded itself with its Z-Power!</small><br></div><div class="spacer battle-history"><br></div><div class="battle-history">Raichu used <strong>Stoked Sparksurfer</strong>!<br></div><div class="battle-history"><small>It's not very effective...</small><br></div><div class="battle-history"><small>(The opposing Greninja lost <abbr title="−175/285">61.4%</abbr> of its health!)</small><br></div><div class="battle-history"><small>The opposing Greninja is paralyzed! It may be unable to move!</small><br></div><div class="spacer battle-history"><br></div><h2 class="battle-history">Turn 6</h2><div class="spacer battle-history"><br></div><div class="battle-history">AdderJo withdrew Greninja!<br></div><div class="battle-history">AdderJo sent out <strong>Chansey</strong>!<br></div><div class="spacer battle-history"><br></div><div class="battle-history">Raichu used <strong>Signal Beam</strong>!<br></div><div class="battle-history"><small>(The opposing Chansey lost <abbr title="−49/703">7.0%</abbr> of its health!)</small><br></div><div class="spacer battle-history"><br></div><h2 class="battle-history">Turn 7</h2><div class="spacer battle-history"><br></div><div class="battle-history">Raichu used <strong>Focus Blast</strong>!<br></div><div class="battle-history"><small>The opposing Chansey avoided the attack!</small><br></div><div class="spacer battle-history"><br></div><div class="battle-history">The opposing Chansey used <strong>Toxic</strong>!<br></div><div class="battle-history"><small>Raichu was badly poisoned!</small><br></div><div class="spacer battle-history"><br></div><div class="battle-history"><small>Raichu was hurt by poison!</small><br></div><div class="spacer battle-history"><br></div><h2 class="battle-history">Turn 8</h2><div class="spacer battle-history"><br></div><div class="battle-history">Raichu used <strong>Focus Blast</strong>!<br></div><div class="battle-history"><small>It's super effective!</small><br></div><div class="battle-history"><small>(The opposing Chansey lost <abbr title="−150/703">21.3%</abbr> of its health!)</small><br></div><div class="spacer battle-history"><br></div><div class="battle-history">The opposing Chansey used <strong>Aromatherapy</strong>!<br></div><div class="battle-history"><small>A soothing aroma wafted through the area!</small><br></div><div class="battle-history"><small>The opposing Greninja was cured of paralysis.</small><br></div><div class="spacer battle-history"><br></div><div class="battle-history"><small>Raichu was hurt by poison!</small><br></div><div class="spacer battle-history"><br></div><h2 class="battle-history">Turn 9</h2><div class="spacer battle-history"><br></div><div class="battle-history">Raichu used <strong>Focus Blast</strong>!<br></div><div class="battle-history"><small>It's super effective!</small><br></div><div class="battle-history"><small>(The opposing Chansey lost <abbr title="−144/703">20.5%</abbr> of its health!)</small><br></div><div class="spacer battle-history"><br></div><div class="battle-history">The opposing Chansey used <strong>Soft-Boiled</strong>!<br></div><div class="battle-history"><small>The opposing Chansey restored its HP.</small><br></div><div class="spacer battle-history"><br></div><div class="battle-history"><small>Raichu was hurt by poison!</small><br></div><div class="spacer battle-history"><br></div><h2 class="battle-history">Turn 10</h2><div class="chat message-error">Reloj de batalla ENCENDIDO. El jugador inactivo será descalificado (solicitado por AdderJo).</div><div class="spacer battle-history"><br></div><div class="battle-history">Raichu, come back!<br></div><div class="battle-history">Go! <strong>Goodra</strong>!<br></div><div class="spacer battle-history"><br></div><div class="battle-history">The opposing Chansey used <strong>Seismic Toss</strong>!<br></div><div class="battle-history"><small>(Goodra lost <abbr title="−100/383">26.1%</abbr> of its health!)</small><br></div><div class="spacer battle-history"><br></div><div class="battle-history"><small>Goodra restored a little HP using its Leftovers!</small><br></div><div class="spacer battle-history"><br></div><h2 class="battle-history">Turn 11</h2><div class="spacer battle-history"><br></div><div class="battle-history"><small>ricardo velasquez se rindió.</small><br></div><div class="spacer battle-history"><br></div><div class="battle-history"><strong>AdderJo</strong> won the battle!<br></div><div class="chat">AdderJo ha ganado 6.75 PokeDolares.</div><div class="chat">Puntaje de ricardo velasquez: 1000 → <strong>1000</strong><br>(+0 por perder)</div><div class="chat">Puntaje de AdderJo: 1378 → <strong>1382</strong><br>(+4 por ganar)</div></div><div class="inner-preempt"></div></div></div>
</div>
<script>
let daily = Math.floor(Date.now()/1000/60/60/24);document.write('<script src="https://play.pokemonshowdown.com/js/replay-embed.js?version'+daily+'"></'+'script>');
</script>
