<!DOCTYPE html>
<meta charset="utf-8" />
<!-- version 1 -->
<title>OU replay: Beppler✘ vs. Flamita</title>
<style>
html,body {font-family:Verdana, sans-serif;font-size:10pt;margin:0;padding:0;}body{padding:12px 0;} .battle-log {font-family:Verdana, sans-serif;font-size:10pt;} .battle-log-inline {border:1px solid #AAAAAA;background:#EEF2F5;color:black;max-width:640px;margin:0 auto 80px;padding-bottom:5px;} .battle-log .inner {padding:4px 8px 0px 8px;} .battle-log .inner-preempt {padding:0 8px 4px 8px;} .battle-log .inner-after {margin-top:0.5em;} .battle-log h2 {margin:0.5em -8px;padding:4px 8px;border:1px solid #AAAAAA;background:#E0E7EA;border-left:0;border-right:0;font-family:Verdana, sans-serif;font-size:13pt;} .battle-log .chat {vertical-align:middle;padding:3px 0 3px 0;font-size:8pt;} .battle-log .chat strong {color:#40576A;} .battle-log .chat em {padding:1px 4px 1px 3px;color:#000000;font-style:normal;} .chat.mine {background:rgba(0,0,0,0.05);margin-left:-8px;margin-right:-8px;padding-left:8px;padding-right:8px;} .spoiler {color:#BBBBBB;background:#BBBBBB;padding:0px 3px;} .spoiler:hover, .spoiler:active, .spoiler-shown {color:#000000;background:#E2E2E2;padding:0px 3px;} .spoiler a {color:#BBBBBB;} .spoiler:hover a, .spoiler:active a, .spoiler-shown a {color:#2288CC;} .chat code, .chat .spoiler:hover code, .chat .spoiler:active code, .chat .spoiler-shown code {border:1px solid #C0C0C0;background:#EEEEEE;color:black;padding:0 2px;} .chat .spoiler code {border:1px solid #CCCCCC;background:#CCCCCC;color:#CCCCCC;} .battle-log .rated {padding:3px 4px;} .battle-log .rated strong {color:white;background:#89A;padding:1px 4px;border-radius:4px;} .spacer {margin-top:0.5em;} .message-announce {background:#6688AA;color:white;padding:1px 4px 2px;} .message-announce a, .broadcast-green a, .broadcast-blue a, .broadcast-red a {color:#DDEEFF;} .broadcast-green {background-color:#559955;color:white;padding:2px 4px;} .broadcast-blue {background-color:#6688AA;color:white;padding:2px 4px;} .infobox {border:1px solid #6688AA;padding:2px 4px;} .infobox-limited {max-height:200px;overflow:auto;overflow-x:hidden;} .broadcast-red {background-color:#AA5544;color:white;padding:2px 4px;} .message-learn-canlearn {font-weight:bold;color:#228822;text-decoration:underline;} .message-learn-cannotlearn {font-weight:bold;color:#CC2222;text-decoration:underline;} .message-effect-weak {font-weight:bold;color:#CC2222;} .message-effect-resist {font-weight:bold;color:#6688AA;} .message-effect-immune {font-weight:bold;color:#666666;} .message-learn-list {margin-top:0;margin-bottom:0;} .message-throttle-notice, .message-error {color:#992222;} .message-overflow, .chat small.message-overflow {font-size:0pt;} .message-overflow::before {font-size:9pt;content:'...';} .subtle {color:#3A4A66;}
</style>
<div class="wrapper replay-wrapper" style="max-width:1180px;margin:0 auto">
<input type="hidden" name="replayid" value="destiny-ou-537221" />
<div class="battle"></div><div class="battle-log"></div><div class="replay-controls"></div><div class="replay-controls-2"></div>
<h1 style="font-weight:normal;text-align:center"><strong>OU</strong><br /><a href="http://pokemonshowdown.com/users/beppler" class="subtle" target="_blank">Beppler✘</a> vs. <a href="http://pokemonshowdown.com/users/flamita" class="subtle" target="_blank">Flamita</a></h1>
<script type="text/plain" class="battle-log-data">|player|p1|Beppler✘|ilelou-7.gif?bf91304c
|teamsize|p1|6
|player|p2|Flamita|flamita-57.gif?b400f423
|teamsize|p2|6
|teamsize|p1|6
|teamsize|p2|6
|gametype|singles
|gen|7
|tier|OU
|seed|53561,65510,19734,8133
|rule|Cláusula-Mod de Dormir: solo puedes dormir a uno de tus oponentes a la vez.
|rule|Cláusula de Especie: Hasta un Pokémon de cada especie
|rule|Cláusula de Golpe Fulminante: los movimientos fulminantes (OHKO) estan prohibidos
|rule|Cláusula de Veleta: la habilidad Veleta está prohibida
|rule|Cláusula de Movimientos Evasivos: los movimientos de Evasión están prohibidos.
|rule|Cláusula de Batallas Eternas: forzar batallas eternas está prohibido
|clearpoke
|poke|p1|Garchomp, F|item
|poke|p1|Mawile, M|item
|poke|p1|Tangrowth, M|item
|poke|p1|Landorus-Therian, M|item
|poke|p1|Toxapex, F|item
|poke|p1|Celesteela|item
|poke|p2|Gyarados, M, shiny|item
|poke|p2|Magnezone|item
|poke|p2|Mamoswine, M|item
|poke|p2|Hydreigon, M|item
|poke|p2|Zygarde|item
|poke|p2|Clefable, F, shiny|item
|teampreview|undefined
|choice|*team 423156|*
|choice|*|*team 321456
|choice|team 4, 2, 3, 1, 5, 6|team 3, 2, 1, 4, 5, 6
|
|start
|switch|p1a: Landorus|Landorus-Therian, M|319\/319
|switch|p2a: Mamoswine|Mamoswine, M|361\/361
|-ability|p1a: Landorus|Intimidate|boost
|-unboost|p2a: Mamoswine|atk|1
|turn|1
|choice|*|*move 4
|choice|*move 2|*
|choice|move uturn|move stealthrock
|
|move|p1a: Landorus|U-turn|p2a: Mamoswine
|-damage|p2a: Mamoswine|250\/361
|choice|*switch 6|*
|choice|switch 6|
|
|switch|p1a: Celesteela|Celesteela|398\/398|[from]move: U-turn
|move|p2a: Mamoswine|Stealth Rock|p1a: Celesteela
|-sidestart|p1: Beppler✘|move: Stealth Rock
|
|upkeep
|turn|2
|c|☆Flamita|,
|c|☆Flamita|.
|c|☆Beppler✘|q
|c|☆Flamita|puta net
|choice|*|*move 2
|choice|*switch 6|*
|choice|switch 6|move iciclecrash
|
|switch|p1a: Landorus|Landorus-Therian, M|319\/319
|-damage|p1a: Landorus|280\/319|[from] Stealth Rock
|-ability|p1a: Landorus|Intimidate|boost
|-unboost|p2a: Mamoswine|atk|1
|move|p2a: Mamoswine|Icicle Crash|p1a: Landorus
|-supereffective|p1a: Landorus
|-damage|p1a: Landorus|0 fnt
|faint|p1a: Landorus
|
|upkeep
|c|☆Flamita|se va y viene
|c|☆Flamita|no sere yo el rei?
|c|☆Beppler✘|nah
|choice|*switch 6|*
|choice|switch 6|
|
|switch|p1a: Celesteela|Celesteela|398\/398
|-damage|p1a: Celesteela|349\/398|[from] Stealth Rock
|turn|3
|choice|*|*switch 2
|choice|*switch 4|*
|choice|*|*move 2
|choice|switch 4|move iciclecrash
|
|switch|p1a: Garchomp|Garchomp, F|358\/358
|-damage|p1a: Garchomp|336\/358|[from] Stealth Rock
|move|p2a: Mamoswine|Icicle Crash|p1a: Garchomp
|-supereffective|p1a: Garchomp
|-damage|p1a: Garchomp|8\/358
|
|upkeep
|turn|4
|c|☆Beppler✘|jajaja
|c|☆Beppler✘|we
|c|☆Beppler✘|pero
|c|☆Flamita|op
|c|☆Beppler✘|lo regalas 2 putas veces
|choice|*|*move 3
|c|☆Beppler✘|luego te quejas de jey
|c|☆Beppler✘|
|c|☆Flamita|necesito agarrar en limpio
|c|☆Flamita|a celes
|c|☆Flamita|por eso no voy a magne
|c|☆Beppler✘|no digo que vayas a magne
|c|☆Beppler✘|pero
|c|☆Beppler✘|2 veces
|c|☆Flamita|es suicide lead nmms
|c|☆Beppler✘|que lo dejas a morir
|choice|*move 4 zmove|*
|choice|move stoneedge zmove|move iceshard
|
|move|p2a: Mamoswine|Ice Shard|p1a: Garchomp
|-supereffective|p1a: Garchomp
|-damage|p1a: Garchomp|0 fnt
|faint|p1a: Garchomp
|
|upkeep
|choice|*switch 2|*
|choice|switch 2|
|
|switch|p1a: Mawile|Mawile, M|242\/242
|-damage|p1a: Mawile|227\/242|[from] Stealth Rock
|-ability|p1a: Mawile|Intimidate|boost
|-unboost|p2a: Mamoswine|atk|1
|turn|5
|choice|*move 1 mega|*
|choice|*|*move 1
|choice|move playrough mega|move earthquake
|
|-mega|p1a: Mawile|Mawile|Mawilite
|detailschange|p1a: Mawile|Mawile-Mega, M
|move|p2a: Mamoswine|Earthquake|p1a: Mawile
|-supereffective|p1a: Mawile
|-damage|p1a: Mawile|111\/242
|move|p1a: Mawile|Play Rough|p2a: Mamoswine
|-damage|p2a: Mamoswine|0 fnt
|faint|p2a: Mamoswine
|
|upkeep
|choice|*|*switch 5
|choice||switch 5
|
|switch|p2a: Zygarde|Zygarde|357\/357
|-ability|p2a: Zygarde|Aura Break
|turn|6
|choice|*move 3|*
|choice|*|*switch 3
|choice|move icepunch|switch 3
|
|switch|p2a: Gyarados|Gyarados, M, shiny|331\/331
|move|p1a: Mawile|Ice Punch|p2a: Gyarados
|-damage|p2a: Gyarados|141\/331
|
|upkeep
|turn|7
|choice|*|*move 4
|choice|*|*move 2 zmove
|choice|*switch 3|*
|choice|switch 3|move bounce zmove
|
|switch|p1a: Tangrowth|Tangrowth, M|403\/403
|-damage|p1a: Tangrowth|353\/403|[from] Stealth Rock
|-zpower|p2a: Gyarados
|move|p2a: Gyarados|Supersonic Skystrike|p1a: Tangrowth|[zeffect]
|-supereffective|p1a: Tangrowth
|-damage|p1a: Tangrowth|0 fnt
|faint|p1a: Tangrowth
|-ability|p2a: Gyarados|Moxie|boost
|-boost|p2a: Gyarados|atk|1
|
|upkeep
|c|☆Beppler✘|y sin mega
|c|☆Beppler✘|bueno
|choice|*switch 5|*
|choice|switch 5|
|
|switch|p1a: Toxapex|Toxapex, F|304\/304
|-damage|p1a: Toxapex|266\/304|[from] Stealth Rock
|turn|8
|choice|*move 2|*
|choice|*|*move 4
|choice|move scald|move earthquake
|
|move|p2a: Gyarados|Earthquake|p1a: Toxapex
|-supereffective|p1a: Toxapex
|-damage|p1a: Toxapex|34\/304
|move|p1a: Toxapex|Scald|p2a: Gyarados
|-resisted|p2a: Gyarados
|-damage|p2a: Gyarados|114\/331
|
|-heal|p1a: Toxapex|53\/304|[from] item: Black Sludge
|upkeep
|turn|9
|choice|*|*move 3
|choice|*move 3|*
|choice|move haze|move waterfall
|
|move|p2a: Gyarados|Waterfall|p1a: Toxapex
|-resisted|p1a: Toxapex
|-damage|p1a: Toxapex|0 fnt
|faint|p1a: Toxapex
|-ability|p2a: Gyarados|Moxie|boost
|-boost|p2a: Gyarados|atk|1
|
|upkeep
|choice|*switch 4|*
|choice|switch 4|
|
|switch|p1a: Celesteela|Celesteela|349\/398
|-damage|p1a: Celesteela|300\/398|[from] Stealth Rock
|turn|10
|choice|*|*move 3
|choice|*move 1|*
|choice|move leechseed|move waterfall
|
|move|p2a: Gyarados|Waterfall|p1a: Celesteela
|-damage|p1a: Celesteela|14\/398
|cant|p1a: Celesteela|flinch
|
|-heal|p1a: Celesteela|38\/398|[from] item: Leftovers
|upkeep
|turn|11
|choice|*|*move 3
|c|☆Beppler✘|meh
|-message|Beppler✘ se rindió.
|
|win|Flamita
</script>
</div>
<div class="battle-log battle-log-inline"><div class="inner"><div class="battle-options"></div><div class="inner"><div class=""><small>Format:</small> <br><strong>OU</strong></div><div class=""><small><em>Cláusula-Mod de Dormir:</em> solo puedes dormir a uno de tus oponentes a la vez.</small></div><div class=""><small><em>Cláusula de Especie:</em> Hasta un Pokémon de cada especie</small></div><div class=""><small><em>Cláusula de Golpe Fulminante:</em> los movimientos fulminantes (OHKO) estan prohibidos</small></div><div class=""><small><em>Cláusula de Veleta:</em> la habilidad Veleta está prohibida</small></div><div class=""><small><em>Cláusula de Movimientos Evasivos:</em> los movimientos de Evasión están prohibidos.</small></div><div class=""><small><em>Cláusula de Batallas Eternas:</em> forzar batallas eternas está prohibido</small></div><div class="chat battle-history"><strong>Beppler✘'s team:</strong> <em style="color:#445566;display:block;">Garchomp / Mawile / Tangrowth / Landorus-Therian / Toxapex / Celesteela</em></div><div class="chat battle-history"><strong>Flamita's team:</strong> <em style="color:#445566;display:block;">Gyarados / Magnezone / Mamoswine / Hydreigon / Zygarde / Clefable</em></div><div class="spacer battle-history"><br></div><div class="battle-history">Battle started between Beppler✘ and Flamita!<br></div><div class="spacer battle-history"><br></div><div class="battle-history">Go! Landorus (<strong>Landorus-Therian</strong>)!<br></div><div class="spacer battle-history"><br></div><div class="battle-history">Flamita sent out <strong>Mamoswine</strong>!<br></div><div class="battle-history"><small>[Landorus's Intimidate]</small><br></div><div class="battle-history"><small>The opposing Mamoswine's Attack fell!</small><br></div><div class="spacer battle-history"><br></div><h2 class="battle-history">Turn 1</h2><div class="spacer battle-history"><br></div><div class="battle-history">Landorus used <strong>U-turn</strong>!<br></div><div class="battle-history"><small>(The opposing Mamoswine lost <abbr title="−111/361">30.7%</abbr> of its health!)</small><br></div><div class="spacer battle-history"><br></div><div class="battle-history">Landorus went back to Beppler✘!<br></div><div class="battle-history">Go! <strong>Celesteela</strong>!<br></div><div class="spacer battle-history"><br></div><div class="battle-history">The opposing Mamoswine used <strong>Stealth Rock</strong>!<br></div><div class="battle-history"><small>Pointed stones float in the air around your team!</small><br></div><div class="spacer battle-history"><br></div><h2 class="battle-history">Turn 2</h2><div class="chat chatmessage-flamita"><strong style="color:hsl(259,69%,56.36692557934839%)"><small>☆</small><span class="username" data-name="Flamita">Flamita</span>:</strong> <em>,</em></div><div class="chat chatmessage-flamita"><strong style="color:hsl(259,69%,56.36692557934839%)"><small>☆</small><span class="username" data-name="Flamita">Flamita</span>:</strong> <em>.</em></div><div class="chat chatmessage-beppler"><strong style="color:hsl(118,73%,37.93733867614693%)"><small>☆</small><span class="username" data-name="Beppler✘">Beppler✘</span>:</strong> <em>q</em></div><div class="chat chatmessage-flamita"><strong style="color:hsl(259,69%,56.36692557934839%)"><small>☆</small><span class="username" data-name="Flamita">Flamita</span>:</strong> <em>puta net</em></div><div class="spacer battle-history"><br></div><div class="battle-history">Celesteela, come back!<br></div><div class="battle-history">Go! Landorus (<strong>Landorus-Therian</strong>)!<br></div><div class="battle-history"><small>Pointed stones dug into Landorus!</small><br></div><div class="battle-history"><small>[Landorus's Intimidate]</small><br></div><div class="battle-history"><small>The opposing Mamoswine's Attack fell!</small><br></div><div class="spacer battle-history"><br></div><div class="battle-history">The opposing Mamoswine used <strong>Icicle Crash</strong>!<br></div><div class="battle-history"><small>It's super effective!</small><br></div><div class="battle-history"><small>(Landorus lost <abbr title="−280/319">87.8%</abbr> of its health!)</small><br></div><div class="spacer battle-history"><br></div><div class="battle-history">Landorus fainted!<br></div><div class="chat chatmessage-flamita"><strong style="color:hsl(259,69%,56.36692557934839%)"><small>☆</small><span class="username" data-name="Flamita">Flamita</span>:</strong> <em>se va y viene</em></div><div class="chat chatmessage-flamita"><strong style="color:hsl(259,69%,56.36692557934839%)"><small>☆</small><span class="username" data-name="Flamita">Flamita</span>:</strong> <em>no sere yo el rei?</em></div><div class="chat chatmessage-beppler"><strong style="color:hsl(118,73%,37.93733867614693%)"><small>☆</small><span class="username" data-name="Beppler✘">Beppler✘</span>:</strong> <em>nah</em></div><div class="spacer battle-history"><br></div><div class="battle-history">Go! <strong>Celesteela</strong>!<br></div><div class="battle-history"><small>Pointed stones dug into Celesteela!</small><br></div><div class="spacer battle-history"><br></div><h2 class="battle-history">Turn 3</h2><div class="spacer battle-history"><br></div><div class="battle-history">Celesteela, come back!<br></div><div class="battle-history">Go! <strong>Garchomp</strong>!<br></div><div class="battle-history"><small>Pointed stones dug into Garchomp!</small><br></div><div class="spacer battle-history"><br></div><div class="battle-history">The opposing Mamoswine used <strong>Icicle Crash</strong>!<br></div><div class="battle-history"><small>It's super effective!</small><br></div><div class="battle-history"><small>(Garchomp lost <abbr title="−328/358">91.6%</abbr> of its health!)</small><br></div><div class="spacer battle-history"><br></div><h2 class="battle-history">Turn 4</h2><div class="chat chatmessage-beppler"><strong style="color:hsl(118,73%,37.93733867614693%)"><small>☆</small><span class="username" data-name="Beppler✘">Beppler✘</span>:</strong> <em>jajaja</em></div><div class="chat chatmessage-beppler"><strong style="color:hsl(118,73%,37.93733867614693%)"><small>☆</small><span class="username" data-name="Beppler✘">Beppler✘</span>:</strong> <em>we</em></div><div class="chat chatmessage-beppler"><strong style="color:hsl(118,73%,37.93733867614693%)"><small>☆</small><span class="username" data-name="Beppler✘">Beppler✘</span>:</strong> <em>pero</em></div><div class="chat chatmessage-flamita"><strong style="color:hsl(259,69%,56.36692557934839%)"><small>☆</small><span class="username" data-name="Flamita">Flamita</span>:</strong> <em>op</em></div><div class="chat chatmessage-beppler"><strong style="color:hsl(118,73%,37.93733867614693%)"><small>☆</small><span class="username" data-name="Beppler✘">Beppler✘</span>:</strong> <em>lo regalas 2 putas veces</em></div><div class="chat chatmessage-beppler"><strong style="color:hsl(118,73%,37.93733867614693%)"><small>☆</small><span class="username" data-name="Beppler✘">Beppler✘</span>:</strong> <em>luego te quejas de jey</em></div><div class="chat chatmessage-beppler"><strong style="color:hsl(118,73%,37.93733867614693%)"><small>☆</small><span class="username" data-name="Beppler✘">Beppler✘</span>:</strong> <em></em></div><div class="chat chatmessage-flamita"><strong style="color:hsl(259,69%,56.36692557934839%)"><small>☆</small><span class="username" data-name="Flamita">Flamita</span>:</strong> <em>necesito agarrar en limpio</em></div><div class="chat chatmessage-flamita"><strong style="color:hsl(259,69%,56.36692557934839%)"><small>☆</small><span class="username" data-name="Flamita">Flamita</span>:</strong> <em>a celes</em></div><div class="chat chatmessage-flamita"><strong style="color:hsl(259,69%,56.36692557934839%)"><small>☆</small><span class="username" data-name="Flamita">Flamita</span>:</strong> <em>por eso no voy a magne</em></div><div class="chat chatmessage-beppler"><strong style="color:hsl(118,73%,37.93733867614693%)"><small>☆</small><span class="username" data-name="Beppler✘">Beppler✘</span>:</strong> <em>no digo que vayas a magne</em></div><div class="chat chatmessage-beppler"><strong style="color:hsl(118,73%,37.93733867614693%)"><small>☆</small><span class="username" data-name="Beppler✘">Beppler✘</span>:</strong> <em>pero</em></div><div class="chat chatmessage-beppler"><strong style="color:hsl(118,73%,37.93733867614693%)"><small>☆</small><span class="username" data-name="Beppler✘">Beppler✘</span>:</strong> <em>2 veces</em></div><div class="chat chatmessage-flamita"><strong style="color:hsl(259,69%,56.36692557934839%)"><small>☆</small><span class="username" data-name="Flamita">Flamita</span>:</strong> <em>es suicide lead nmms</em></div><div class="chat chatmessage-beppler"><strong style="color:hsl(118,73%,37.93733867614693%)"><small>☆</small><span class="username" data-name="Beppler✘">Beppler✘</span>:</strong> <em>que lo dejas a morir</em></div><div class="spacer battle-history"><br></div><div class="battle-history">The opposing Mamoswine used <strong>Ice Shard</strong>!<br></div><div class="battle-history"><small>It's super effective!</small><br></div><div class="battle-history"><small>(Garchomp lost <abbr title="−8/358">2.2%</abbr> of its health!)</small><br></div><div class="spacer battle-history"><br></div><div class="battle-history">Garchomp fainted!<br></div><div class="spacer battle-history"><br></div><div class="battle-history">Go! <strong>Mawile</strong>!<br></div><div class="battle-history"><small>Pointed stones dug into Mawile!</small><br></div><div class="battle-history"><small>[Mawile's Intimidate]</small><br></div><div class="battle-history"><small>The opposing Mamoswine's Attack fell!</small><br></div><div class="spacer battle-history"><br></div><h2 class="battle-history">Turn 5</h2><div class="spacer battle-history"><br></div><div class="battle-history"><small>Mawile's Mawilite is reacting to the Key Stone!</small><br>Mawile has Mega Evolved into Mega Mawile!<br></div><div class="spacer battle-history"><br></div><div class="battle-history">The opposing Mamoswine used <strong>Earthquake</strong>!<br></div><div class="battle-history"><small>It's super effective!</small><br></div><div class="battle-history"><small>(Mawile lost <abbr title="−116/242">47.9%</abbr> of its health!)</small><br></div><div class="spacer battle-history"><br></div><div class="battle-history">Mawile used <strong>Play Rough</strong>!<br></div><div class="battle-history"><small>(The opposing Mamoswine lost <abbr title="−250/361">69.3%</abbr> of its health!)</small><br></div><div class="spacer battle-history"><br></div><div class="battle-history">The opposing Mamoswine fainted!<br></div><div class="spacer battle-history"><br></div><div class="battle-history">Flamita sent out <strong>Zygarde</strong>!<br></div><div class="battle-history"><small>[The opposing Zygarde's Aura Break]</small><br><small>The opposing Zygarde reversed all other Pokémon's auras!</small><br></div><div class="spacer battle-history"><br></div><h2 class="battle-history">Turn 6</h2><div class="spacer battle-history"><br></div><div class="battle-history">Flamita withdrew Zygarde!<br></div><div class="battle-history">Flamita sent out <strong>Gyarados</strong>!<br></div><div class="spacer battle-history"><br></div><div class="battle-history">Mawile used <strong>Ice Punch</strong>!<br></div><div class="battle-history"><small>(The opposing Gyarados lost <abbr title="−190/331">57.4%</abbr> of its health!)</small><br></div><div class="spacer battle-history"><br></div><h2 class="battle-history">Turn 7</h2><div class="spacer battle-history"><br></div><div class="battle-history">Mawile, come back!<br></div><div class="battle-history">Go! <strong>Tangrowth</strong>!<br></div><div class="battle-history"><small>Pointed stones dug into Tangrowth!</small><br></div><div class="battle-history"><small>The opposing Gyarados surrounded itself with its Z-Power!</small><br></div><div class="spacer battle-history"><br></div><div class="battle-history">The opposing Gyarados used <strong>Supersonic Skystrike</strong>!<br></div><div class="battle-history"><small>It's super effective!</small><br></div><div class="battle-history"><small>(Tangrowth lost <abbr title="−353/403">87.6%</abbr> of its health!)</small><br></div><div class="spacer battle-history"><br></div><div class="battle-history">Tangrowth fainted!<br></div><div class="battle-history"><small>[The opposing Gyarados's Moxie]</small><br></div><div class="battle-history"><small>The opposing Gyarados's Attack rose!</small><br></div><div class="chat chatmessage-beppler"><strong style="color:hsl(118,73%,37.93733867614693%)"><small>☆</small><span class="username" data-name="Beppler✘">Beppler✘</span>:</strong> <em>y sin mega</em></div><div class="chat chatmessage-beppler"><strong style="color:hsl(118,73%,37.93733867614693%)"><small>☆</small><span class="username" data-name="Beppler✘">Beppler✘</span>:</strong> <em>bueno</em></div><div class="spacer battle-history"><br></div><div class="battle-history">Go! <strong>Toxapex</strong>!<br></div><div class="battle-history"><small>Pointed stones dug into Toxapex!</small><br></div><div class="spacer battle-history"><br></div><h2 class="battle-history">Turn 8</h2><div class="spacer battle-history"><br></div><div class="battle-history">The opposing Gyarados used <strong>Earthquake</strong>!<br></div><div class="battle-history"><small>It's super effective!</small><br></div><div class="battle-history"><small>(Toxapex lost <abbr title="−232/304">76.3%</abbr> of its health!)</small><br></div><div class="spacer battle-history"><br></div><div class="battle-history">Toxapex used <strong>Scald</strong>!<br></div><div class="battle-history"><small>It's not very effective...</small><br></div><div class="battle-history"><small>(The opposing Gyarados lost <abbr title="−27/331">8.2%</abbr> of its health!)</small><br></div><div class="spacer battle-history"><br></div><div class="battle-history"><small>Toxapex restored a little HP using its Black Sludge!</small><br></div><div class="spacer battle-history"><br></div><h2 class="battle-history">Turn 9</h2><div class="spacer battle-history"><br></div><div class="battle-history">The opposing Gyarados used <strong>Waterfall</strong>!<br></div><div class="battle-history"><small>It's not very effective...</small><br></div><div class="battle-history"><small>(Toxapex lost <abbr title="−53/304">17.4%</abbr> of its health!)</small><br></div><div class="spacer battle-history"><br></div><div class="battle-history">Toxapex fainted!<br></div><div class="battle-history"><small>[The opposing Gyarados's Moxie]</small><br></div><div class="battle-history"><small>The opposing Gyarados's Attack rose!</small><br></div><div class="spacer battle-history"><br></div><div class="battle-history">Go! <strong>Celesteela</strong>!<br></div><div class="battle-history"><small>Pointed stones dug into Celesteela!</small><br></div><div class="spacer battle-history"><br></div><h2 class="battle-history">Turn 10</h2><div class="spacer battle-history"><br></div><div class="battle-history">The opposing Gyarados used <strong>Waterfall</strong>!<br></div><div class="battle-history"><small>(Celesteela lost <abbr title="−286/398">71.9%</abbr> of its health!)</small><br></div><div class="spacer battle-history"><br></div><div class="battle-history">Celesteela flinched and couldn't move!<br></div><div class="spacer battle-history"><br></div><div class="battle-history"><small>Celesteela restored a little HP using its Leftovers!</small><br></div><div class="spacer battle-history"><br></div><h2 class="battle-history">Turn 11</h2><div class="chat chatmessage-beppler"><strong style="color:hsl(118,73%,37.93733867614693%)"><small>☆</small><span class="username" data-name="Beppler✘">Beppler✘</span>:</strong> <em>meh</em></div><div class="spacer battle-history"><br></div><div class="battle-history"><small>Beppler✘ se rindió.</small><br></div><div class="spacer battle-history"><br></div><div class="battle-history"><strong>Flamita</strong> won the battle!<br></div></div><div class="inner-preempt"></div></div></div>
</div>
<script>
let daily = Math.floor(Date.now()/1000/60/60/24);document.write('<script src="https://play.pokemonshowdown.com/js/replay-embed.js?version'+daily+'"></'+'script>');
</script>
