<!DOCTYPE html>
<meta charset="utf-8" />
<!-- version 1 -->
<title>OU replay: DraconSer vs. Marcos Pardo</title>
<style>
html,body {font-family:Verdana, sans-serif;font-size:10pt;margin:0;padding:0;}body{padding:12px 0;} .battle-log {font-family:Verdana, sans-serif;font-size:10pt;} .battle-log-inline {border:1px solid #AAAAAA;background:#EEF2F5;color:black;max-width:640px;margin:0 auto 80px;padding-bottom:5px;} .battle-log .inner {padding:4px 8px 0px 8px;} .battle-log .inner-preempt {padding:0 8px 4px 8px;} .battle-log .inner-after {margin-top:0.5em;} .battle-log h2 {margin:0.5em -8px;padding:4px 8px;border:1px solid #AAAAAA;background:#E0E7EA;border-left:0;border-right:0;font-family:Verdana, sans-serif;font-size:13pt;} .battle-log .chat {vertical-align:middle;padding:3px 0 3px 0;font-size:8pt;} .battle-log .chat strong {color:#40576A;} .battle-log .chat em {padding:1px 4px 1px 3px;color:#000000;font-style:normal;} .chat.mine {background:rgba(0,0,0,0.05);margin-left:-8px;margin-right:-8px;padding-left:8px;padding-right:8px;} .spoiler {color:#BBBBBB;background:#BBBBBB;padding:0px 3px;} .spoiler:hover, .spoiler:active, .spoiler-shown {color:#000000;background:#E2E2E2;padding:0px 3px;} .spoiler a {color:#BBBBBB;} .spoiler:hover a, .spoiler:active a, .spoiler-shown a {color:#2288CC;} .chat code, .chat .spoiler:hover code, .chat .spoiler:active code, .chat .spoiler-shown code {border:1px solid #C0C0C0;background:#EEEEEE;color:black;padding:0 2px;} .chat .spoiler code {border:1px solid #CCCCCC;background:#CCCCCC;color:#CCCCCC;} .battle-log .rated {padding:3px 4px;} .battle-log .rated strong {color:white;background:#89A;padding:1px 4px;border-radius:4px;} .spacer {margin-top:0.5em;} .message-announce {background:#6688AA;color:white;padding:1px 4px 2px;} .message-announce a, .broadcast-green a, .broadcast-blue a, .broadcast-red a {color:#DDEEFF;} .broadcast-green {background-color:#559955;color:white;padding:2px 4px;} .broadcast-blue {background-color:#6688AA;color:white;padding:2px 4px;} .infobox {border:1px solid #6688AA;padding:2px 4px;} .infobox-limited {max-height:200px;overflow:auto;overflow-x:hidden;} .broadcast-red {background-color:#AA5544;color:white;padding:2px 4px;} .message-learn-canlearn {font-weight:bold;color:#228822;text-decoration:underline;} .message-learn-cannotlearn {font-weight:bold;color:#CC2222;text-decoration:underline;} .message-effect-weak {font-weight:bold;color:#CC2222;} .message-effect-resist {font-weight:bold;color:#6688AA;} .message-effect-immune {font-weight:bold;color:#666666;} .message-learn-list {margin-top:0;margin-bottom:0;} .message-throttle-notice, .message-error {color:#992222;} .message-overflow, .chat small.message-overflow {font-size:0pt;} .message-overflow::before {font-size:9pt;content:'...';} .subtle {color:#3A4A66;}
</style>
<div class="wrapper replay-wrapper" style="max-width:1180px;margin:0 auto">
<input type="hidden" name="replayid" value="destiny-ou-501171" />
<div class="battle"></div><div class="battle-log"></div><div class="replay-controls"></div><div class="replay-controls-2"></div>
<h1 style="font-weight:normal;text-align:center"><strong>OU</strong><br /><a href="http://pokemonshowdown.com/users/draconser" class="subtle" target="_blank">DraconSer</a> vs. <a href="http://pokemonshowdown.com/users/marcospardo" class="subtle" target="_blank">Marcos Pardo</a></h1>
<script type="text/plain" class="battle-log-data">|player|p1|DraconSer|1084
|teamsize|p1|6
|player|p2|Marcos Pardo|76
|teamsize|p2|6
|teamsize|p1|6
|teamsize|p2|6
|gametype|singles
|gen|7
|tier|OU
|seed|11813,61574,39330,41086
|rule|Cláusula-Mod de Dormir: solo puedes dormir a uno de tus oponentes a la vez.
|rule|Cláusula de Especie: Hasta un Pokémon de cada especie
|rule|Cláusula de Golpe Fulminante: los movimientos fulminantes (OHKO) estan prohibidos
|rule|Cláusula de Veleta: la habilidad Veleta está prohibida
|rule|Cláusula de Movimientos Evasivos: los movimientos de Evasión están prohibidos.
|rule|Cláusula de Batallas Eternas: forzar batallas eternas está prohibido
|clearpoke
|poke|p1|Kyurem-Black, shiny|item
|poke|p1|Kommo-o, M, shiny|item
|poke|p1|Garchomp, M, shiny|item
|poke|p1|Dragonite, M, shiny|item
|poke|p1|Charizard, F, shiny|item
|poke|p1|Guzzlord, shiny|item
|poke|p2|Hariyama, F|item
|poke|p2|Chesnaught, M|item
|poke|p2|Sawk, M|item
|poke|p2|Scrafty, M|item
|poke|p2|Lucario, F|item
|poke|p2|Gallade, M|item
|teampreview|undefined
|choice|*team 623451|*
|choice|*|*team 213456
|choice|team 6, 2, 3, 4, 5, 1|team 2, 1, 3, 4, 5, 6
|
|start
|switch|p1a: Guzzlord|Guzzlord, shiny|650\/650
|switch|p2a: Chesnaught|Chesnaught, M|379\/379
|turn|1
|choice|*move 3|*
|choice|*|*move 2
|choice|move fireblast|move spikyshield
|
|move|p2a: Chesnaught|Spiky Shield|p2a: Chesnaught
|-singleturn|p2a: Chesnaught|move: Protect
|move|p1a: Guzzlord|Fire Blast|p2a: Chesnaught
|-activate|p2a: Chesnaught|move: Protect
|
|upkeep
|turn|2
|choice|*move 3|*
|choice|*|*switch 4
|choice|move fireblast|switch 4
|
|switch|p2a: Scrafty|Scrafty, M|303\/303
|move|p1a: Guzzlord|Fire Blast|p2a: Scrafty
|-damage|p2a: Scrafty|219\/303
|
|-heal|p2a: Scrafty|237\/303|[from] item: Leftovers
|upkeep
|turn|3
|choice|*move 1|*
|choice|*|*move 1
|choice|move dracometeor|move drainpunch
|
|move|p2a: Scrafty|Drain Punch|p1a: Guzzlord
|-supereffective|p1a: Guzzlord
|-damage|p1a: Guzzlord|318\/650
|-heal|p2a: Scrafty|303\/303|[from] drain|[of] p1a: Guzzlord
|move|p1a: Guzzlord|Draco Meteor|p2a: Scrafty
|-damage|p2a: Scrafty|164\/303
|-unboost|p1a: Guzzlord|spa|2
|
|-heal|p2a: Scrafty|182\/303|[from] item: Leftovers
|upkeep
|turn|4
|choice|*move 2|*
|choice|*|*move 3
|choice|move darkpulse|move dragondance
|
|move|p2a: Scrafty|Dragon Dance|p2a: Scrafty
|-boost|p2a: Scrafty|atk|1
|-boost|p2a: Scrafty|spe|1
|move|p1a: Guzzlord|Dark Pulse|p2a: Scrafty
|-resisted|p2a: Scrafty
|-damage|p2a: Scrafty|171\/303
|
|-heal|p2a: Scrafty|189\/303|[from] item: Leftovers
|upkeep
|turn|5
|choice|*move 1|*
|choice|*|*move 1
|choice|move dracometeor|move drainpunch
|
|move|p2a: Scrafty|Drain Punch|p1a: Guzzlord
|-supereffective|p1a: Guzzlord
|-damage|p1a: Guzzlord|0 fnt
|-heal|p2a: Scrafty|303\/303|[from] drain|[of] p1a: Guzzlord
|faint|p1a: Guzzlord
|
|upkeep
|choice|*switch 3|*
|choice|switch 3|
|
|switch|p1a: Garchomp|Garchomp, M, shiny|357\/357
|turn|6
|choice|*move 1 zmove|*
|choice|*|*move 1
|choice|move earthquake zmove|move drainpunch
|
|-zpower|p1a: Garchomp
|move|p1a: Garchomp|Tectonic Rage|p2a: Scrafty|[zeffect]
|-damage|p2a: Scrafty|26\/303
|move|p2a: Scrafty|Drain Punch|p1a: Garchomp
|-damage|p1a: Garchomp|207\/357
|-heal|p2a: Scrafty|101\/303|[from] drain|[of] p1a: Garchomp
|-damage|p2a: Scrafty|64\/303|[from] ability: Rough Skin|[of] p1a: Garchomp
|
|-heal|p2a: Scrafty|82\/303|[from] item: Leftovers
|upkeep
|turn|7
|choice|*move 1|*
|choice|*|*move 1
|choice|move earthquake|move drainpunch
|
|move|p1a: Garchomp|Earthquake|p2a: Scrafty
|-damage|p2a: Scrafty|0 fnt
|faint|p2a: Scrafty
|
|upkeep
|choice|*|*switch 2
|choice||switch 2
|
|switch|p2a: Hariyama|Hariyama, F|492\/492
|turn|8
|choice|*|*move 3
|choice|*move 2|*
|choice|move dragonclaw|move fakeout
|
|move|p2a: Hariyama|Fake Out|p1a: Garchomp
|-damage|p1a: Garchomp|157\/357
|-damage|p2a: Hariyama|431\/492|[from] ability: Rough Skin|[of] p1a: Garchomp
|cant|p1a: Garchomp|flinch
|
|-status|p2a: Hariyama|brn|[from] item: Flame Orb
|upkeep
|turn|9
|choice|*move 2|*
|choice|*|*move 1
|choice|move dragonclaw|move bulletpunch
|
|move|p2a: Hariyama|Bullet Punch|p1a: Garchomp
|-damage|p1a: Garchomp|77\/357
|-damage|p2a: Hariyama|370\/492 brn|[from] ability: Rough Skin|[of] p1a: Garchomp
|move|p1a: Garchomp|Dragon Claw|p2a: Hariyama
|-damage|p2a: Hariyama|160\/492 brn
|
|-damage|p2a: Hariyama|130\/492 brn|[from] brn
|upkeep
|turn|10
|choice|*move 2|*
|choice|*|*move 4
|choice|move dragonclaw|move closecombat
|
|move|p1a: Garchomp|Dragon Claw|p2a: Hariyama
|-damage|p2a: Hariyama|0 fnt
|faint|p2a: Hariyama
|
|upkeep
|choice|*|*switch 3
|choice||switch 3
|
|switch|p2a: Sawk|Sawk, M|292\/292
|turn|11
|choice|*move 2|*
|choice|*|*move 4
|choice|move dragonclaw|move knockoff
|
|move|p1a: Garchomp|Dragon Claw|p2a: Sawk
|-damage|p2a: Sawk|118\/292
|move|p2a: Sawk|Knock Off|p1a: Garchomp
|-damage|p1a: Garchomp|2\/357
|-damage|p2a: Sawk|82\/292|[from] ability: Rough Skin|[of] p1a: Garchomp
|
|upkeep
|turn|12
|choice|*move 2|*
|choice|*|*move 1
|choice|move dragonclaw|move closecombat
|
|move|p1a: Garchomp|Dragon Claw|p2a: Sawk
|-damage|p2a: Sawk|0 fnt
|faint|p2a: Sawk
|
|upkeep
|choice|*|*switch 4
|choice||switch 4
|
|switch|p2a: Chesnaught|Chesnaught, M|379\/379
|turn|13
|choice|*move 3|*
|c| Araquanid15|holi
|c| thiagomax500|ola
|c|☆DraconSer|hola
|choice|*|*move 2
|choice|move fireblast|move spikyshield
|
|move|p2a: Chesnaught|Spiky Shield|p2a: Chesnaught
|-singleturn|p2a: Chesnaught|move: Protect
|move|p1a: Garchomp|Fire Blast|p2a: Chesnaught
|-activate|p2a: Chesnaught|move: Protect
|
|upkeep
|turn|14
|choice|*move 3|*
|choice|*|*switch 6
|choice|move fireblast|switch 6
|
|switch|p2a: Gallade|Gallade, M|278\/278
|move|p1a: Garchomp|Fire Blast|p2a: Gallade
|-crit|p2a: Gallade
|-damage|p2a: Gallade|185\/278
|
|upkeep
|turn|15
|choice|*move 2|*
|choice|*|*move 2 mega
|choice|move dragonclaw|move zenheadbutt mega
|
|-mega|p2a: Gallade|Gallade|Galladite
|detailschange|p2a: Gallade|Gallade-Mega, M
|move|p1a: Garchomp|Dragon Claw|p2a: Gallade
|-damage|p2a: Gallade|46\/278
|move|p2a: Gallade|Zen Headbutt|p1a: Garchomp
|-damage|p1a: Garchomp|0 fnt
|-damage|p2a: Gallade|12\/278|[from] ability: Rough Skin|[of] p1a: Garchomp
|faint|p1a: Garchomp
|
|upkeep
|choice|*switch 2|*
|choice|switch 2|
|
|switch|p1a: Kommo-o|Kommo-o, M, shiny|291\/291
|turn|16
|choice|*|*move 2
|choice|*move 1|*
|choice|move dragonclaw|move zenheadbutt
|
|move|p2a: Gallade|Zen Headbutt|p1a: Kommo-o
|-supereffective|p1a: Kommo-o
|-damage|p1a: Kommo-o|0 fnt
|faint|p1a: Kommo-o
|
|upkeep
|choice|*switch 5|*
|choice|switch 5|
|
|switch|p1a: Charizard|Charizard, F, shiny|297\/297
|turn|17
|choice|*move 2 mega|*
|choice|*|*move 1
|choice|move dragonclaw mega|move drainpunch
|
|-mega|p1a: Charizard|Charizard|Charizardite X
|detailschange|p1a: Charizard|Charizard-Mega-X, F, shiny
|move|p1a: Charizard|Dragon Claw|p2a: Gallade
|-damage|p2a: Gallade|0 fnt
|faint|p2a: Gallade
|
|upkeep
|choice|*|*switch 5
|choice||switch 5
|
|switch|p2a: Lucario|Lucario, F|282\/282
|turn|18
|choice|*move 3|*
|choice|*|*switch 6
|choice|move firepunch|switch 6
|
|switch|p2a: Chesnaught|Chesnaught, M|379\/379
|move|p1a: Charizard|Fire Punch|p2a: Chesnaught
|-supereffective|p2a: Chesnaught
|-damage|p2a: Chesnaught|175\/379
|-damage|p1a: Charizard|248\/297|[from] item: Rocky Helmet|[of] p2a: Chesnaught
|
|upkeep
|turn|19
|c| Araquanid15|dracon, luego hacemos una random?
|choice|*move 3|*
|choice|*|*move 2
|choice|move firepunch|move spikyshield
|
|move|p2a: Chesnaught|Spiky Shield|p2a: Chesnaught
|-singleturn|p2a: Chesnaught|move: Protect
|move|p1a: Charizard|Fire Punch|p2a: Chesnaught
|-activate|p2a: Chesnaught|move: Protect
|-damage|p1a: Charizard|211\/297|[from] Spiky Shield|[of] p2a: Chesnaught
|
|upkeep
|turn|20
|choice|*|*move 1
|choice|*switch 4|*
|choice|switch 4|move leechseed
|
|switch|p1a: Dragonite|Dragonite, M, shiny|323\/323
|move|p2a: Chesnaught|Leech Seed|p1a: Dragonite
|-start|p1a: Dragonite|move: Leech Seed
|
|-damage|p1a: Dragonite|283\/323|[from] Leech Seed|[of] p2a: Chesnaught
|-heal|p2a: Chesnaught|215\/379|[silent]
|upkeep
|turn|21
|choice|*move 4|*
|choice|*|*move 2
|choice|move dragondance|move spikyshield
|
|move|p2a: Chesnaught|Spiky Shield|p2a: Chesnaught
|-singleturn|p2a: Chesnaught|move: Protect
|move|p1a: Dragonite|Dragon Dance|p1a: Dragonite
|-boost|p1a: Dragonite|atk|1
|-boost|p1a: Dragonite|spe|1
|
|-heal|p1a: Dragonite|303\/323|[from] item: Leftovers
|-damage|p1a: Dragonite|263\/323|[from] Leech Seed|[of] p2a: Chesnaught
|-heal|p2a: Chesnaught|255\/379|[silent]
|upkeep
|turn|22
|choice|*move 2|*
|choice|*|*move 3
|choice|move firepunch|move bodyslam
|
|move|p1a: Dragonite|Fire Punch|p2a: Chesnaught
|-supereffective|p2a: Chesnaught
|-damage|p2a: Chesnaught|73\/379
|-damage|p1a: Dragonite|210\/323|[from] item: Rocky Helmet|[of] p2a: Chesnaught
|move|p2a: Chesnaught|Body Slam|p1a: Dragonite
|-damage|p1a: Dragonite|142\/323
|
|-heal|p1a: Dragonite|162\/323|[from] item: Leftovers
|-damage|p1a: Dragonite|122\/323|[from] Leech Seed|[of] p2a: Chesnaught
|-heal|p2a: Chesnaught|113\/379|[silent]
|upkeep
|turn|23
|choice|*move 4|*
|choice|*|*move 2
|choice|move dragondance|move spikyshield
|
|move|p2a: Chesnaught|Spiky Shield|p2a: Chesnaught
|-singleturn|p2a: Chesnaught|move: Protect
|move|p1a: Dragonite|Dragon Dance|p1a: Dragonite
|-boost|p1a: Dragonite|atk|1
|-boost|p1a: Dragonite|spe|1
|
|-heal|p1a: Dragonite|142\/323|[from] item: Leftovers
|-damage|p1a: Dragonite|102\/323|[from] Leech Seed|[of] p2a: Chesnaught
|-heal|p2a: Chesnaught|153\/379|[silent]
|upkeep
|turn|24
|c| Araquanid15|entonces si
|choice|*move 1|*
|choice|*move 2|*
|choice|*|*move 4
|choice|move firepunch|move taunt
|
|move|p1a: Dragonite|Fire Punch|p2a: Chesnaught
|-supereffective|p2a: Chesnaught
|-damage|p2a: Chesnaught|0 fnt
|-damage|p1a: Dragonite|49\/323|[from] item: Rocky Helmet|[of] p2a: Chesnaught
|faint|p2a: Chesnaught
|
|-heal|p1a: Dragonite|69\/323|[from] item: Leftovers
|upkeep
|choice|*|*switch 6
|choice||switch 6
|
|switch|p2a: Lucario|Lucario, F|282\/282
|turn|25
|choice|*move 2|*
|choice|*|*move 2
|choice|move firepunch|move dragonpulse
|
|move|p1a: Dragonite|Fire Punch|p2a: Lucario
|-supereffective|p2a: Lucario
|-enditem|p2a: Lucario|Focus Sash
|-damage|p2a: Lucario|1\/282
|move|p2a: Lucario|Dragon Pulse|p1a: Dragonite
|-supereffective|p1a: Dragonite
|-damage|p1a: Dragonite|0 fnt
|faint|p1a: Dragonite
|
|upkeep
|choice|*switch 4|*
|choice|switch 4|
|
|switch|p1a: Charizard|Charizard-Mega-X, F, shiny|211\/297
|turn|26
|choice|*move 3|*
|choice|*|*move 2
|choice|move firepunch|move dragonpulse
|
|move|p1a: Charizard|Fire Punch|p2a: Lucario
|-supereffective|p2a: Lucario
|-damage|p2a: Lucario|0 fnt
|faint|p2a: Lucario
|
|win|DraconSer
</script>
</div>
<div class="battle-log battle-log-inline"><div class="inner"><div class="battle-options"></div><div class="inner"><div class=""><small>Format:</small> <br><strong>OU</strong></div><div class=""><small><em>Cláusula-Mod de Dormir:</em> solo puedes dormir a uno de tus oponentes a la vez.</small></div><div class=""><small><em>Cláusula de Especie:</em> Hasta un Pokémon de cada especie</small></div><div class=""><small><em>Cláusula de Golpe Fulminante:</em> los movimientos fulminantes (OHKO) estan prohibidos</small></div><div class=""><small><em>Cláusula de Veleta:</em> la habilidad Veleta está prohibida</small></div><div class=""><small><em>Cláusula de Movimientos Evasivos:</em> los movimientos de Evasión están prohibidos.</small></div><div class=""><small><em>Cláusula de Batallas Eternas:</em> forzar batallas eternas está prohibido</small></div><div class="chat battle-history"><strong>DraconSer's team:</strong> <em style="color:#445566;display:block;">Kyurem-Black / Kommo-o / Garchomp / Dragonite / Charizard / Guzzlord</em></div><div class="chat battle-history"><strong>Marcos Pardo's team:</strong> <em style="color:#445566;display:block;">Hariyama / Chesnaught / Sawk / Scrafty / Lucario / Gallade</em></div><div class="spacer battle-history"><br></div><div class="battle-history">Battle started between DraconSer and Marcos Pardo!<br></div><div class="spacer battle-history"><br></div><div class="battle-history">Go! <strong>Guzzlord</strong>!<br></div><div class="spacer battle-history"><br></div><div class="battle-history">Marcos Pardo sent out <strong>Chesnaught</strong>!<br></div><div class="spacer battle-history"><br></div><h2 class="battle-history">Turn 1</h2><div class="spacer battle-history"><br></div><div class="battle-history">The opposing Chesnaught used <strong>Spiky Shield</strong>!<br></div><div class="battle-history"><small>The opposing Chesnaught protected itself!</small><br></div><div class="spacer battle-history"><br></div><div class="battle-history">Guzzlord used <strong>Fire Blast</strong>!<br></div><div class="battle-history"><small>The opposing Chesnaught protected itself!</small><br></div><div class="spacer battle-history"><br></div><h2 class="battle-history">Turn 2</h2><div class="spacer battle-history"><br></div><div class="battle-history">Marcos Pardo withdrew Chesnaught!<br></div><div class="battle-history">Marcos Pardo sent out <strong>Scrafty</strong>!<br></div><div class="spacer battle-history"><br></div><div class="battle-history">Guzzlord used <strong>Fire Blast</strong>!<br></div><div class="battle-history"><small>(The opposing Scrafty lost <abbr title="−84/303">27.7%</abbr> of its health!)</small><br></div><div class="spacer battle-history"><br></div><div class="battle-history"><small>The opposing Scrafty restored a little HP using its Leftovers!</small><br></div><div class="spacer battle-history"><br></div><h2 class="battle-history">Turn 3</h2><div class="spacer battle-history"><br></div><div class="battle-history">The opposing Scrafty used <strong>Drain Punch</strong>!<br></div><div class="battle-history"><small>It's super effective!</small><br></div><div class="battle-history"><small>(Guzzlord lost <abbr title="−332/650">51.1%</abbr> of its health!)</small><br></div><div class="battle-history"><small>Guzzlord had its energy drained!</small><br></div><div class="spacer battle-history"><br></div><div class="battle-history">Guzzlord used <strong>Draco Meteor</strong>!<br></div><div class="battle-history"><small>(The opposing Scrafty lost <abbr title="−139/303">45.9%</abbr> of its health!)</small><br></div><div class="battle-history"><small>Guzzlord's Special Attack fell harshly!</small><br></div><div class="spacer battle-history"><br></div><div class="battle-history"><small>The opposing Scrafty restored a little HP using its Leftovers!</small><br></div><div class="spacer battle-history"><br></div><h2 class="battle-history">Turn 4</h2><div class="spacer battle-history"><br></div><div class="battle-history">The opposing Scrafty used <strong>Dragon Dance</strong>!<br></div><div class="battle-history"><small>The opposing Scrafty's Attack rose!</small><br></div><div class="battle-history"><small>The opposing Scrafty's Speed rose!</small><br></div><div class="spacer battle-history"><br></div><div class="battle-history">Guzzlord used <strong>Dark Pulse</strong>!<br></div><div class="battle-history"><small>It's not very effective...</small><br></div><div class="battle-history"><small>(The opposing Scrafty lost <abbr title="−11/303">3.6%</abbr> of its health!)</small><br></div><div class="spacer battle-history"><br></div><div class="battle-history"><small>The opposing Scrafty restored a little HP using its Leftovers!</small><br></div><div class="spacer battle-history"><br></div><h2 class="battle-history">Turn 5</h2><div class="spacer battle-history"><br></div><div class="battle-history">The opposing Scrafty used <strong>Drain Punch</strong>!<br></div><div class="battle-history"><small>It's super effective!</small><br></div><div class="battle-history"><small>(Guzzlord lost <abbr title="−318/650">48.9%</abbr> of its health!)</small><br></div><div class="battle-history"><small>Guzzlord had its energy drained!</small><br></div><div class="spacer battle-history"><br></div><div class="battle-history">Guzzlord fainted!<br></div><div class="spacer battle-history"><br></div><div class="battle-history">Go! <strong>Garchomp</strong>!<br></div><div class="spacer battle-history"><br></div><h2 class="battle-history">Turn 6</h2><div class="spacer battle-history"><br></div><div class="battle-history"><small>Garchomp surrounded itself with its Z-Power!</small><br></div><div class="spacer battle-history"><br></div><div class="battle-history">Garchomp used <strong>Tectonic Rage</strong>!<br></div><div class="battle-history"><small>(The opposing Scrafty lost <abbr title="−277/303">91.4%</abbr> of its health!)</small><br></div><div class="spacer battle-history"><br></div><div class="battle-history">The opposing Scrafty used <strong>Drain Punch</strong>!<br></div><div class="battle-history"><small>(Garchomp lost <abbr title="−150/357">42.0%</abbr> of its health!)</small><br></div><div class="battle-history"><small>Garchomp had its energy drained!</small><br></div><div class="battle-history"><small>[Garchomp's Rough Skin]</small><br><small>The opposing Scrafty was hurt!</small><br></div><div class="spacer battle-history"><br></div><div class="battle-history"><small>The opposing Scrafty restored a little HP using its Leftovers!</small><br></div><div class="spacer battle-history"><br></div><h2 class="battle-history">Turn 7</h2><div class="spacer battle-history"><br></div><div class="battle-history">Garchomp used <strong>Earthquake</strong>!<br></div><div class="battle-history"><small>(The opposing Scrafty lost <abbr title="−82/303">27.1%</abbr> of its health!)</small><br></div><div class="spacer battle-history"><br></div><div class="battle-history">The opposing Scrafty fainted!<br></div><div class="spacer battle-history"><br></div><div class="battle-history">Marcos Pardo sent out <strong>Hariyama</strong>!<br></div><div class="spacer battle-history"><br></div><h2 class="battle-history">Turn 8</h2><div class="spacer battle-history"><br></div><div class="battle-history">The opposing Hariyama used <strong>Fake Out</strong>!<br></div><div class="battle-history"><small>(Garchomp lost <abbr title="−50/357">14.0%</abbr> of its health!)</small><br></div><div class="battle-history"><small>[Garchomp's Rough Skin]</small><br><small>The opposing Hariyama was hurt!</small><br></div><div class="spacer battle-history"><br></div><div class="battle-history">Garchomp flinched and couldn't move!<br></div><div class="spacer battle-history"><br></div><div class="battle-history"><small>The opposing Hariyama was burned!</small><br></div><div class="spacer battle-history"><br></div><h2 class="battle-history">Turn 9</h2><div class="spacer battle-history"><br></div><div class="battle-history">The opposing Hariyama used <strong>Bullet Punch</strong>!<br></div><div class="battle-history"><small>(Garchomp lost <abbr title="−80/357">22.4%</abbr> of its health!)</small><br></div><div class="battle-history"><small>[Garchomp's Rough Skin]</small><br><small>The opposing Hariyama was hurt!</small><br></div><div class="spacer battle-history"><br></div><div class="battle-history">Garchomp used <strong>Dragon Claw</strong>!<br></div><div class="battle-history"><small>(The opposing Hariyama lost <abbr title="−210/492">42.7%</abbr> of its health!)</small><br></div><div class="spacer battle-history"><br></div><div class="battle-history"><small>The opposing Hariyama was hurt by its burn!</small><br></div><div class="spacer battle-history"><br></div><h2 class="battle-history">Turn 10</h2><div class="spacer battle-history"><br></div><div class="battle-history">Garchomp used <strong>Dragon Claw</strong>!<br></div><div class="battle-history"><small>(The opposing Hariyama lost <abbr title="−130/492">26.4%</abbr> of its health!)</small><br></div><div class="spacer battle-history"><br></div><div class="battle-history">The opposing Hariyama fainted!<br></div><div class="spacer battle-history"><br></div><div class="battle-history">Marcos Pardo sent out <strong>Sawk</strong>!<br></div><div class="spacer battle-history"><br></div><h2 class="battle-history">Turn 11</h2><div class="spacer battle-history"><br></div><div class="battle-history">Garchomp used <strong>Dragon Claw</strong>!<br></div><div class="battle-history"><small>(The opposing Sawk lost <abbr title="−174/292">59.6%</abbr> of its health!)</small><br></div><div class="spacer battle-history"><br></div><div class="battle-history">The opposing Sawk used <strong>Knock Off</strong>!<br></div><div class="battle-history"><small>(Garchomp lost <abbr title="−75/357">21.0%</abbr> of its health!)</small><br></div><div class="battle-history"><small>[Garchomp's Rough Skin]</small><br><small>The opposing Sawk was hurt!</small><br></div><div class="spacer battle-history"><br></div><h2 class="battle-history">Turn 12</h2><div class="spacer battle-history"><br></div><div class="battle-history">Garchomp used <strong>Dragon Claw</strong>!<br></div><div class="battle-history"><small>(The opposing Sawk lost <abbr title="−82/292">28.1%</abbr> of its health!)</small><br></div><div class="spacer battle-history"><br></div><div class="battle-history">The opposing Sawk fainted!<br></div><div class="spacer battle-history"><br></div><div class="battle-history">Marcos Pardo sent out <strong>Chesnaught</strong>!<br></div><div class="spacer battle-history"><br></div><h2 class="battle-history">Turn 13</h2><div class="chat chatmessage-araquanid15"><strong style="color:hsl(357,78%,42%)"><small> </small><span class="username" data-name="Araquanid15">Araquanid15</span>:</strong> <em>holi</em></div><div class="chat chatmessage-thiagomax500"><strong style="color:hsl(271,84%,51.045625955125004%)"><small> </small><span class="username" data-name="thiagomax500">thiagomax500</span>:</strong> <em>ola</em></div><div class="chat chatmessage-draconser"><strong style="color:hsl(100,46%,42%)"><small>☆</small><span class="username" data-name="DraconSer">DraconSer</span>:</strong> <em>hola</em></div><div class="spacer battle-history"><br></div><div class="battle-history">The opposing Chesnaught used <strong>Spiky Shield</strong>!<br></div><div class="battle-history"><small>The opposing Chesnaught protected itself!</small><br></div><div class="spacer battle-history"><br></div><div class="battle-history">Garchomp used <strong>Fire Blast</strong>!<br></div><div class="battle-history"><small>The opposing Chesnaught protected itself!</small><br></div><div class="spacer battle-history"><br></div><h2 class="battle-history">Turn 14</h2><div class="spacer battle-history"><br></div><div class="battle-history">Marcos Pardo withdrew Chesnaught!<br></div><div class="battle-history">Marcos Pardo sent out <strong>Gallade</strong>!<br></div><div class="spacer battle-history"><br></div><div class="battle-history">Garchomp used <strong>Fire Blast</strong>!<br></div><div class="battle-history"><small>A critical hit!</small><br></div><div class="battle-history"><small>(The opposing Gallade lost <abbr title="−93/278">33.5%</abbr> of its health!)</small><br></div><div class="spacer battle-history"><br></div><h2 class="battle-history">Turn 15</h2><div class="spacer battle-history"><br></div><div class="battle-history"><small>The opposing Gallade's Galladite is reacting to the Key Stone!</small><br>The opposing Gallade has Mega Evolved into Mega Gallade!<br></div><div class="spacer battle-history"><br></div><div class="battle-history">Garchomp used <strong>Dragon Claw</strong>!<br></div><div class="battle-history"><small>(The opposing Gallade lost <abbr title="−139/278">50%</abbr> of its health!)</small><br></div><div class="spacer battle-history"><br></div><div class="battle-history">The opposing Gallade used <strong>Zen Headbutt</strong>!<br></div><div class="battle-history"><small>(Garchomp lost <abbr title="−2/357">0.6%</abbr> of its health!)</small><br></div><div class="battle-history"><small>[Garchomp's Rough Skin]</small><br><small>The opposing Gallade was hurt!</small><br></div><div class="spacer battle-history"><br></div><div class="battle-history">Garchomp fainted!<br></div><div class="spacer battle-history"><br></div><div class="battle-history">Go! <strong>Kommo-o</strong>!<br></div><div class="spacer battle-history"><br></div><h2 class="battle-history">Turn 16</h2><div class="spacer battle-history"><br></div><div class="battle-history">The opposing Gallade used <strong>Zen Headbutt</strong>!<br></div><div class="battle-history"><small>It's super effective!</small><br></div><div class="battle-history"><small>(Kommo-o lost <abbr title="−291/291">100%</abbr> of its health!)</small><br></div><div class="spacer battle-history"><br></div><div class="battle-history">Kommo-o fainted!<br></div><div class="spacer battle-history"><br></div><div class="battle-history">Go! <strong>Charizard</strong>!<br></div><div class="spacer battle-history"><br></div><h2 class="battle-history">Turn 17</h2><div class="spacer battle-history"><br></div><div class="battle-history"><small>Charizard's Charizardite X is reacting to the Key Stone!</small><br>Charizard has Mega Evolved into Mega Charizard!<br></div><div class="spacer battle-history"><br></div><div class="battle-history">Charizard used <strong>Dragon Claw</strong>!<br></div><div class="battle-history"><small>(The opposing Gallade lost <abbr title="−12/278">4.3%</abbr> of its health!)</small><br></div><div class="spacer battle-history"><br></div><div class="battle-history">The opposing Gallade fainted!<br></div><div class="spacer battle-history"><br></div><div class="battle-history">Marcos Pardo sent out <strong>Lucario</strong>!<br></div><div class="spacer battle-history"><br></div><h2 class="battle-history">Turn 18</h2><div class="spacer battle-history"><br></div><div class="battle-history">Marcos Pardo withdrew Lucario!<br></div><div class="battle-history">Marcos Pardo sent out <strong>Chesnaught</strong>!<br></div><div class="spacer battle-history"><br></div><div class="battle-history">Charizard used <strong>Fire Punch</strong>!<br></div><div class="battle-history"><small>It's super effective!</small><br></div><div class="battle-history"><small>(The opposing Chesnaught lost <abbr title="−204/379">53.8%</abbr> of its health!)</small><br></div><div class="battle-history"><small>Charizard was hurt by the Rocky Helmet!</small><br></div><div class="spacer battle-history"><br></div><h2 class="battle-history">Turn 19</h2><div class="chat chatmessage-araquanid15"><strong style="color:hsl(357,78%,42%)"><small> </small><span class="username" data-name="Araquanid15">Araquanid15</span>:</strong> <em>dracon, luego hacemos una random?</em></div><div class="spacer battle-history"><br></div><div class="battle-history">The opposing Chesnaught used <strong>Spiky Shield</strong>!<br></div><div class="battle-history"><small>The opposing Chesnaught protected itself!</small><br></div><div class="spacer battle-history"><br></div><div class="battle-history">Charizard used <strong>Fire Punch</strong>!<br></div><div class="battle-history"><small>The opposing Chesnaught protected itself!</small><br></div><div class="battle-history"><small>Charizard was hurt!</small><br></div><div class="spacer battle-history"><br></div><h2 class="battle-history">Turn 20</h2><div class="spacer battle-history"><br></div><div class="battle-history">Charizard, come back!<br></div><div class="battle-history">Go! <strong>Dragonite</strong>!<br></div><div class="spacer battle-history"><br></div><div class="battle-history">The opposing Chesnaught used <strong>Leech Seed</strong>!<br></div><div class="battle-history"><small>Dragonite was seeded!</small><br></div><div class="spacer battle-history"><br></div><div class="battle-history"><small>Dragonite's health is sapped by Leech Seed!</small><br></div><div class="spacer battle-history"><br></div><h2 class="battle-history">Turn 21</h2><div class="spacer battle-history"><br></div><div class="battle-history">The opposing Chesnaught used <strong>Spiky Shield</strong>!<br></div><div class="battle-history"><small>The opposing Chesnaught protected itself!</small><br></div><div class="spacer battle-history"><br></div><div class="battle-history">Dragonite used <strong>Dragon Dance</strong>!<br></div><div class="battle-history"><small>Dragonite's Attack rose!</small><br></div><div class="battle-history"><small>Dragonite's Speed rose!</small><br></div><div class="spacer battle-history"><br></div><div class="battle-history"><small>Dragonite restored a little HP using its Leftovers!</small><br></div><div class="battle-history"><small>Dragonite's health is sapped by Leech Seed!</small><br></div><div class="spacer battle-history"><br></div><h2 class="battle-history">Turn 22</h2><div class="spacer battle-history"><br></div><div class="battle-history">Dragonite used <strong>Fire Punch</strong>!<br></div><div class="battle-history"><small>It's super effective!</small><br></div><div class="battle-history"><small>(The opposing Chesnaught lost <abbr title="−182/379">48.0%</abbr> of its health!)</small><br></div><div class="battle-history"><small>Dragonite was hurt by the Rocky Helmet!</small><br></div><div class="spacer battle-history"><br></div><div class="battle-history">The opposing Chesnaught used <strong>Body Slam</strong>!<br></div><div class="battle-history"><small>(Dragonite lost <abbr title="−68/323">21.1%</abbr> of its health!)</small><br></div><div class="spacer battle-history"><br></div><div class="battle-history"><small>Dragonite restored a little HP using its Leftovers!</small><br></div><div class="battle-history"><small>Dragonite's health is sapped by Leech Seed!</small><br></div><div class="spacer battle-history"><br></div><h2 class="battle-history">Turn 23</h2><div class="spacer battle-history"><br></div><div class="battle-history">The opposing Chesnaught used <strong>Spiky Shield</strong>!<br></div><div class="battle-history"><small>The opposing Chesnaught protected itself!</small><br></div><div class="spacer battle-history"><br></div><div class="battle-history">Dragonite used <strong>Dragon Dance</strong>!<br></div><div class="battle-history"><small>Dragonite's Attack rose!</small><br></div><div class="battle-history"><small>Dragonite's Speed rose!</small><br></div><div class="spacer battle-history"><br></div><div class="battle-history"><small>Dragonite restored a little HP using its Leftovers!</small><br></div><div class="battle-history"><small>Dragonite's health is sapped by Leech Seed!</small><br></div><div class="spacer battle-history"><br></div><h2 class="battle-history">Turn 24</h2><div class="chat chatmessage-araquanid15"><strong style="color:hsl(357,78%,42%)"><small> </small><span class="username" data-name="Araquanid15">Araquanid15</span>:</strong> <em>entonces si</em></div><div class="spacer battle-history"><br></div><div class="battle-history">Dragonite used <strong>Fire Punch</strong>!<br></div><div class="battle-history"><small>It's super effective!</small><br></div><div class="battle-history"><small>(The opposing Chesnaught lost <abbr title="−153/379">40.4%</abbr> of its health!)</small><br></div><div class="battle-history"><small>Dragonite was hurt by the Rocky Helmet!</small><br></div><div class="spacer battle-history"><br></div><div class="battle-history">The opposing Chesnaught fainted!<br></div><div class="spacer battle-history"><br></div><div class="battle-history"><small>Dragonite restored a little HP using its Leftovers!</small><br></div><div class="spacer battle-history"><br></div><div class="battle-history">Marcos Pardo sent out <strong>Lucario</strong>!<br></div><div class="spacer battle-history"><br></div><h2 class="battle-history">Turn 25</h2><div class="spacer battle-history"><br></div><div class="battle-history">Dragonite used <strong>Fire Punch</strong>!<br></div><div class="battle-history"><small>It's super effective!</small><br></div><div class="battle-history"><small>The opposing Lucario hung on using its Focus Sash!</small><br></div><div class="battle-history"><small>(The opposing Lucario lost <abbr title="−281/282">99.6%</abbr> of its health!)</small><br></div><div class="spacer battle-history"><br></div><div class="battle-history">The opposing Lucario used <strong>Dragon Pulse</strong>!<br></div><div class="battle-history"><small>It's super effective!</small><br></div><div class="battle-history"><small>(Dragonite lost <abbr title="−69/323">21.4%</abbr> of its health!)</small><br></div><div class="spacer battle-history"><br></div><div class="battle-history">Dragonite fainted!<br></div><div class="spacer battle-history"><br></div><div class="battle-history">Go! Charizard (<strong>Charizard-Mega-X</strong>)!<br></div><div class="spacer battle-history"><br></div><h2 class="battle-history">Turn 26</h2><div class="spacer battle-history"><br></div><div class="battle-history">Charizard used <strong>Fire Punch</strong>!<br></div><div class="battle-history"><small>It's super effective!</small><br></div><div class="battle-history"><small>(The opposing Lucario lost <abbr title="−1/282">0.4%</abbr> of its health!)</small><br></div><div class="spacer battle-history"><br></div><div class="battle-history">The opposing Lucario fainted!<br></div><div class="spacer battle-history"><br></div><div class="battle-history"><strong>DraconSer</strong> won the battle!<br></div></div><div class="inner-preempt"></div></div></div>
</div>
<script>
let daily = Math.floor(Date.now()/1000/60/60/24);document.write('<script src="https://play.pokemonshowdown.com/js/replay-embed.js?version'+daily+'"></'+'script>');
</script>
