<!DOCTYPE html>
<meta charset="utf-8" />
<!-- version 1 -->
<title>OU replay: VetDancX vs. Lord Ander ♛</title>
<style>
html,body {font-family:Verdana, sans-serif;font-size:10pt;margin:0;padding:0;}body{padding:12px 0;} .battle-log {font-family:Verdana, sans-serif;font-size:10pt;} .battle-log-inline {border:1px solid #AAAAAA;background:#EEF2F5;color:black;max-width:640px;margin:0 auto 80px;padding-bottom:5px;} .battle-log .inner {padding:4px 8px 0px 8px;} .battle-log .inner-preempt {padding:0 8px 4px 8px;} .battle-log .inner-after {margin-top:0.5em;} .battle-log h2 {margin:0.5em -8px;padding:4px 8px;border:1px solid #AAAAAA;background:#E0E7EA;border-left:0;border-right:0;font-family:Verdana, sans-serif;font-size:13pt;} .battle-log .chat {vertical-align:middle;padding:3px 0 3px 0;font-size:8pt;} .battle-log .chat strong {color:#40576A;} .battle-log .chat em {padding:1px 4px 1px 3px;color:#000000;font-style:normal;} .chat.mine {background:rgba(0,0,0,0.05);margin-left:-8px;margin-right:-8px;padding-left:8px;padding-right:8px;} .spoiler {color:#BBBBBB;background:#BBBBBB;padding:0px 3px;} .spoiler:hover, .spoiler:active, .spoiler-shown {color:#000000;background:#E2E2E2;padding:0px 3px;} .spoiler a {color:#BBBBBB;} .spoiler:hover a, .spoiler:active a, .spoiler-shown a {color:#2288CC;} .chat code, .chat .spoiler:hover code, .chat .spoiler:active code, .chat .spoiler-shown code {border:1px solid #C0C0C0;background:#EEEEEE;color:black;padding:0 2px;} .chat .spoiler code {border:1px solid #CCCCCC;background:#CCCCCC;color:#CCCCCC;} .battle-log .rated {padding:3px 4px;} .battle-log .rated strong {color:white;background:#89A;padding:1px 4px;border-radius:4px;} .spacer {margin-top:0.5em;} .message-announce {background:#6688AA;color:white;padding:1px 4px 2px;} .message-announce a, .broadcast-green a, .broadcast-blue a, .broadcast-red a {color:#DDEEFF;} .broadcast-green {background-color:#559955;color:white;padding:2px 4px;} .broadcast-blue {background-color:#6688AA;color:white;padding:2px 4px;} .infobox {border:1px solid #6688AA;padding:2px 4px;} .infobox-limited {max-height:200px;overflow:auto;overflow-x:hidden;} .broadcast-red {background-color:#AA5544;color:white;padding:2px 4px;} .message-learn-canlearn {font-weight:bold;color:#228822;text-decoration:underline;} .message-learn-cannotlearn {font-weight:bold;color:#CC2222;text-decoration:underline;} .message-effect-weak {font-weight:bold;color:#CC2222;} .message-effect-resist {font-weight:bold;color:#6688AA;} .message-effect-immune {font-weight:bold;color:#666666;} .message-learn-list {margin-top:0;margin-bottom:0;} .message-throttle-notice, .message-error {color:#992222;} .message-overflow, .chat small.message-overflow {font-size:0pt;} .message-overflow::before {font-size:9pt;content:'...';} .subtle {color:#3A4A66;}
</style>
<div class="wrapper replay-wrapper" style="max-width:1180px;margin:0 auto">
<input type="hidden" name="replayid" value="destiny-ou-511652" />
<div class="battle"></div><div class="battle-log"></div><div class="replay-controls"></div><div class="replay-controls-2"></div>
<h1 style="font-weight:normal;text-align:center"><strong>OU</strong><br /><a href="http://pokemonshowdown.com/users/vetdancx" class="subtle" target="_blank">VetDancX</a> vs. <a href="http://pokemonshowdown.com/users/lordander" class="subtle" target="_blank">Lord Ander ♛</a></h1>
<script type="text/plain" class="battle-log-data">|player|p1|VetDancX|153
|teamsize|p1|6
|player|p2|Lord Ander ♛|169
|teamsize|p2|6
|teamsize|p1|6
|teamsize|p2|6
|gametype|singles
|gen|7
|tier|OU
|rated
|seed|2907,60134,55991,33094
|rule|Cláusula-Mod de Dormir: solo puedes dormir a uno de tus oponentes a la vez.
|rule|Cláusula de Especie: Hasta un Pokémon de cada especie
|rule|Cláusula de Golpe Fulminante: los movimientos fulminantes (OHKO) estan prohibidos
|rule|Cláusula de Veleta: la habilidad Veleta está prohibida
|rule|Cláusula de Movimientos Evasivos: los movimientos de Evasión están prohibidos.
|rule|Cláusula de Batallas Eternas: forzar batallas eternas está prohibido
|clearpoke
|poke|p1|Sableye, F|item
|poke|p1|Clefable, F|item
|poke|p1|Toxapex, F|item
|poke|p1|Chansey, F|item
|poke|p1|Zapdos|item
|poke|p1|Landorus-Therian, M|item
|poke|p2|Landorus-Therian, M|item
|poke|p2|Ninetales-Alola, M|item
|poke|p2|Magearna|item
|poke|p2|Zygarde|item
|poke|p2|Manaphy|item
|poke|p2|Alakazam, M|item
|teampreview|undefined
|c|☆Lord Ander ♛|sup yt
|choice|*|*team 523416
|inactive|Reloj de batalla ENCENDIDO. El jugador inactivo será descalificado (solicitado por VetDancX).
|choice|*team 321456|*
|choice|team 3, 2, 1, 4, 5, 6|team 5, 2, 3, 4, 1, 6
|
|start
|switch|p1a: Toxapex|Toxapex, F|303\/303
|switch|p2a: Manaphy|Manaphy|341\/341
|turn|1
|choice|*|*move 3
|choice|*switch 2|*
|choice|switch 2|move psychic
|
|switch|p1a: Clefable|Clefable, F|393\/393
|move|p2a: Manaphy|Psychic|p1a: Clefable
|-damage|p1a: Clefable|303\/393
|
|upkeep
|turn|2
|choice|*|*switch 5
|choice|*move 2|*
|choice|*|*switch 5
|choice|move calmmind|switch 5
|
|switch|p2a: Landorus|Landorus-Therian, M|319\/319
|-ability|p2a: Landorus|Intimidate|boost
|-unboost|p1a: Clefable|atk|1
|move|p1a: Clefable|Calm Mind|p1a: Clefable
|-boost|p1a: Clefable|spa|1
|-boost|p1a: Clefable|spd|1
|
|upkeep
|turn|3
|choice|*|*move 1
|choice|*move 4|*
|choice|move moonlight|move stealthrock
|
|move|p2a: Landorus|Stealth Rock|p1a: Clefable
|-sidestart|p1: VetDancX|move: Stealth Rock
|move|p1a: Clefable|Moonlight|p1a: Clefable
|-heal|p1a: Clefable|393\/393
|
|upkeep
|turn|4
|choice|*move 3|*
|choice|*|*move 2
|choice|move moonblast|move earthquake
|
|move|p2a: Landorus|Earthquake|p1a: Clefable
|-damage|p1a: Clefable|222\/393
|move|p1a: Clefable|Moonblast|p2a: Landorus
|-damage|p2a: Landorus|124\/319
|
|upkeep
|turn|5
|choice|*|*move 3
|choice|*switch 3|*
|choice|*|*move 3
|choice|*switch 3|*
|choice|*|*move 3
|choice|switch 3|move explosion
|
|switch|p1a: Sableye|Sableye, F|303\/303
|-damage|p1a: Sableye|266\/303|[from] Stealth Rock
|move|p2a: Landorus|Explosion|p1a: Sableye
|-immune|p1a: Sableye|[msg]
|faint|p2a: Landorus
|
|upkeep
|choice|*|*switch 5
|choice||switch 5
|
|switch|p2a: Manaphy|Manaphy|341\/341
|turn|6
|choice|*|*move 4
|choice|*switch 3|*
|choice|*|*move 1
|choice|switch 3|move raindance
|
|switch|p1a: Clefable|Clefable, F|222\/393
|-damage|p1a: Clefable|173\/393|[from] Stealth Rock
|move|p2a: Manaphy|Rain Dance|p2a: Manaphy
|-weather|RainDance
|
|-weather|RainDance|[upkeep]
|upkeep
|turn|7
|choice|*move 2|*
|choice|*switch 4|*
|choice|*|*move 2
|choice|switch 4|move surf
|
|switch|p1a: Chansey|Chansey, F|703\/703
|-damage|p1a: Chansey|616\/703|[from] Stealth Rock
|move|p2a: Manaphy|Surf|p1a: Chansey
|-damage|p1a: Chansey|477\/703
|
|-weather|RainDance|[upkeep]
|upkeep
|turn|8
|choice|*|*move 4
|choice|*move 1|*
|choice|move softboiled|move tailglow
|
|move|p2a: Manaphy|Tail Glow|p2a: Manaphy
|-boost|p2a: Manaphy|spa|3
|move|p1a: Chansey|Soft-Boiled|p1a: Chansey
|-heal|p1a: Chansey|703\/703
|
|-weather|RainDance|[upkeep]
|upkeep
|turn|9
|choice|*|*move 4
|choice|*move 4|*
|choice|move seismictoss|move tailglow
|
|move|p2a: Manaphy|Tail Glow|p2a: Manaphy
|-boost|p2a: Manaphy|spa|3
|move|p1a: Chansey|Seismic Toss|p2a: Manaphy
|-damage|p2a: Manaphy|241\/341
|
|-weather|RainDance|[upkeep]
|upkeep
|turn|10
|choice|*|*move 2
|choice|*move 1|*
|choice|move softboiled|move surf
|
|move|p2a: Manaphy|Surf|p1a: Chansey
|-damage|p1a: Chansey|198\/703
|move|p1a: Chansey|Soft-Boiled|p1a: Chansey
|-heal|p1a: Chansey|550\/703
|
|-weather|none
|upkeep
|turn|11
|choice|*move 4|*
|inactive|Lord Ander ♛ tiene 135 segundos restantes.
|choice|*|*move 2 zmove
|choice|move seismictoss|move surf zmove
|
|-zpower|p2a: Manaphy
|move|p2a: Manaphy|Hydro Vortex|p1a: Chansey|[zeffect]
|-damage|p1a: Chansey|0 fnt
|faint|p1a: Chansey
|
|upkeep
|inactive|VetDancX tiene 135 segundos restantes.
|c|☆VetDancX|gg jaja
|choice|*switch 3|*
|choice|switch 3|
|
|switch|p1a: Sableye|Sableye, F|266\/303
|-damage|p1a: Sableye|229\/303|[from] Stealth Rock
|turn|12
|choice|*|*move 2
|choice|*move 1|*
|choice|move willowisp|move surf
|
|move|p1a: Sableye|Will-O-Wisp|p2a: Manaphy
|-status|p2a: Manaphy|brn
|move|p2a: Manaphy|Surf|p1a: Sableye
|-crit|p1a: Sableye
|-damage|p1a: Sableye|0 fnt
|faint|p1a: Sableye
|
|-damage|p2a: Manaphy|220\/341 brn|[from] brn
|upkeep
|c|☆Lord Ander ♛|hm
|c|☆Lord Ander ♛|gg bro
|choice|*switch 4|*
|choice|switch 4|
|
|switch|p1a: Clefable|Clefable, F|173\/393
|-damage|p1a: Clefable|124\/393|[from] Stealth Rock
|turn|13
|choice|*move 4|*
|choice|*|*move 2
|choice|move moonlight|move surf
|
|move|p2a: Manaphy|Surf|p1a: Clefable
|-crit|p1a: Clefable
|-damage|p1a: Clefable|0 fnt
|faint|p1a: Clefable
|
|-damage|p2a: Manaphy|199\/341 brn|[from] brn
|upkeep
|-message|VetDancX se rindió.
|
|win|Lord Ander ♛
Lord Ander ♛ ha ganado 8 PokeDolares.
|raw|Puntaje de VetDancX: 1378 &rarr; <strong>1363<\/strong><br \/>(-15 por perder)
|raw|Puntaje de Lord Ander ♛: 1481 &rarr; <strong>1496<\/strong><br \/>(+15 por ganar)
</script>
</div>
<div class="battle-log battle-log-inline"><div class="inner"><div class="battle-options"></div><div class="inner"><div class=""><small>Format:</small> <br><strong>OU</strong></div><div class="rated"><strong>Rated battle</strong></div><div class=""><small><em>Cláusula-Mod de Dormir:</em> solo puedes dormir a uno de tus oponentes a la vez.</small></div><div class=""><small><em>Cláusula de Especie:</em> Hasta un Pokémon de cada especie</small></div><div class=""><small><em>Cláusula de Golpe Fulminante:</em> los movimientos fulminantes (OHKO) estan prohibidos</small></div><div class=""><small><em>Cláusula de Veleta:</em> la habilidad Veleta está prohibida</small></div><div class=""><small><em>Cláusula de Movimientos Evasivos:</em> los movimientos de Evasión están prohibidos.</small></div><div class=""><small><em>Cláusula de Batallas Eternas:</em> forzar batallas eternas está prohibido</small></div><div class="chat battle-history"><strong>VetDancX's team:</strong> <em style="color:#445566;display:block;">Sableye / Clefable / Toxapex / Chansey / Zapdos / Landorus-Therian</em></div><div class="chat battle-history"><strong>Lord Ander ♛'s team:</strong> <em style="color:#445566;display:block;">Landorus-Therian / Ninetales-Alola / Magearna / Zygarde / Manaphy / Alakazam</em></div><div class="chat chatmessage-lordander"><strong style="color:hsl(342,88%,40.918808770181535%)"><small>☆</small><span class="username" data-name="Lord Ander ♛">Lord Ander ♛</span>:</strong> <em>sup yt</em></div><div class="chat message-error">Reloj de batalla ENCENDIDO. El jugador inactivo será descalificado (solicitado por VetDancX).</div><div class="spacer battle-history"><br></div><div class="battle-history">Battle started between VetDancX and Lord Ander ♛!<br></div><div class="spacer battle-history"><br></div><div class="battle-history">Go! <strong>Toxapex</strong>!<br></div><div class="spacer battle-history"><br></div><div class="battle-history">Lord Ander ♛ sent out <strong>Manaphy</strong>!<br></div><div class="spacer battle-history"><br></div><h2 class="battle-history">Turn 1</h2><div class="spacer battle-history"><br></div><div class="battle-history">Toxapex, come back!<br></div><div class="battle-history">Go! <strong>Clefable</strong>!<br></div><div class="spacer battle-history"><br></div><div class="battle-history">The opposing Manaphy used <strong>Psychic</strong>!<br></div><div class="battle-history"><small>(Clefable lost <abbr title="−90/393">22.9%</abbr> of its health!)</small><br></div><div class="spacer battle-history"><br></div><h2 class="battle-history">Turn 2</h2><div class="spacer battle-history"><br></div><div class="battle-history">Lord Ander ♛ withdrew Manaphy!<br></div><div class="battle-history">Lord Ander ♛ sent out Landorus (<strong>Landorus-Therian</strong>)!<br></div><div class="battle-history"><small>[The opposing Landorus's Intimidate]</small><br></div><div class="battle-history"><small>Clefable's Attack fell!</small><br></div><div class="spacer battle-history"><br></div><div class="battle-history">Clefable used <strong>Calm Mind</strong>!<br></div><div class="battle-history"><small>Clefable's Special Attack rose!</small><br></div><div class="battle-history"><small>Clefable's Special Defense rose!</small><br></div><div class="spacer battle-history"><br></div><h2 class="battle-history">Turn 3</h2><div class="spacer battle-history"><br></div><div class="battle-history">The opposing Landorus used <strong>Stealth Rock</strong>!<br></div><div class="battle-history"><small>Pointed stones float in the air around your team!</small><br></div><div class="spacer battle-history"><br></div><div class="battle-history">Clefable used <strong>Moonlight</strong>!<br></div><div class="battle-history"><small>Clefable restored its HP.</small><br></div><div class="spacer battle-history"><br></div><h2 class="battle-history">Turn 4</h2><div class="spacer battle-history"><br></div><div class="battle-history">The opposing Landorus used <strong>Earthquake</strong>!<br></div><div class="battle-history"><small>(Clefable lost <abbr title="−171/393">43.5%</abbr> of its health!)</small><br></div><div class="spacer battle-history"><br></div><div class="battle-history">Clefable used <strong>Moonblast</strong>!<br></div><div class="battle-history"><small>(The opposing Landorus lost <abbr title="−195/319">61.1%</abbr> of its health!)</small><br></div><div class="spacer battle-history"><br></div><h2 class="battle-history">Turn 5</h2><div class="spacer battle-history"><br></div><div class="battle-history">Clefable, come back!<br></div><div class="battle-history">Go! <strong>Sableye</strong>!<br></div><div class="battle-history"><small>Pointed stones dug into Sableye!</small><br></div><div class="spacer battle-history"><br></div><div class="battle-history">The opposing Landorus used <strong>Explosion</strong>!<br></div><div class="battle-history"><small>It doesn't affect Sableye...</small><br></div><div class="spacer battle-history"><br></div><div class="battle-history">The opposing Landorus fainted!<br></div><div class="spacer battle-history"><br></div><div class="battle-history">Lord Ander ♛ sent out <strong>Manaphy</strong>!<br></div><div class="spacer battle-history"><br></div><h2 class="battle-history">Turn 6</h2><div class="spacer battle-history"><br></div><div class="battle-history">Sableye, come back!<br></div><div class="battle-history">Go! <strong>Clefable</strong>!<br></div><div class="battle-history"><small>Pointed stones dug into Clefable!</small><br></div><div class="spacer battle-history"><br></div><div class="battle-history">The opposing Manaphy used <strong>Rain Dance</strong>!<br></div><div class="battle-history"><small>It started to rain!</small><br></div><div class="spacer battle-history"><br></div><div class="battle-history"><small>(Rain continues to fall!)</small><br></div><div class="spacer battle-history"><br></div><h2 class="battle-history">Turn 7</h2><div class="spacer battle-history"><br></div><div class="battle-history">Clefable, come back!<br></div><div class="battle-history">Go! <strong>Chansey</strong>!<br></div><div class="battle-history"><small>Pointed stones dug into Chansey!</small><br></div><div class="spacer battle-history"><br></div><div class="battle-history">The opposing Manaphy used <strong>Surf</strong>!<br></div><div class="battle-history"><small>(Chansey lost <abbr title="−139/703">19.8%</abbr> of its health!)</small><br></div><div class="spacer battle-history"><br></div><div class="battle-history"><small>(Rain continues to fall!)</small><br></div><div class="spacer battle-history"><br></div><h2 class="battle-history">Turn 8</h2><div class="spacer battle-history"><br></div><div class="battle-history">The opposing Manaphy used <strong>Tail Glow</strong>!<br></div><div class="battle-history"><small>The opposing Manaphy's Special Attack rose drastically!</small><br></div><div class="spacer battle-history"><br></div><div class="battle-history">Chansey used <strong>Soft-Boiled</strong>!<br></div><div class="battle-history"><small>Chansey restored its HP.</small><br></div><div class="spacer battle-history"><br></div><div class="battle-history"><small>(Rain continues to fall!)</small><br></div><div class="spacer battle-history"><br></div><h2 class="battle-history">Turn 9</h2><div class="spacer battle-history"><br></div><div class="battle-history">The opposing Manaphy used <strong>Tail Glow</strong>!<br></div><div class="battle-history"><small>The opposing Manaphy's Special Attack rose drastically!</small><br></div><div class="spacer battle-history"><br></div><div class="battle-history">Chansey used <strong>Seismic Toss</strong>!<br></div><div class="battle-history"><small>(The opposing Manaphy lost <abbr title="−100/341">29.3%</abbr> of its health!)</small><br></div><div class="spacer battle-history"><br></div><div class="battle-history"><small>(Rain continues to fall!)</small><br></div><div class="spacer battle-history"><br></div><h2 class="battle-history">Turn 10</h2><div class="spacer battle-history"><br></div><div class="battle-history">The opposing Manaphy used <strong>Surf</strong>!<br></div><div class="battle-history"><small>(Chansey lost <abbr title="−505/703">71.8%</abbr> of its health!)</small><br></div><div class="spacer battle-history"><br></div><div class="battle-history">Chansey used <strong>Soft-Boiled</strong>!<br></div><div class="battle-history"><small>Chansey restored its HP.</small><br></div><div class="spacer battle-history"><br></div><div class="battle-history"><small>The rain stopped.</small><br></div><div class="spacer battle-history"><br></div><h2 class="battle-history">Turn 11</h2><div class="chat message-error">Lord Ander ♛ tiene 135 segundos restantes.</div><div class="spacer battle-history"><br></div><div class="battle-history"><small>The opposing Manaphy surrounded itself with its Z-Power!</small><br></div><div class="spacer battle-history"><br></div><div class="battle-history">The opposing Manaphy used <strong>Hydro Vortex</strong>!<br></div><div class="battle-history"><small>(Chansey lost <abbr title="−550/703">78.2%</abbr> of its health!)</small><br></div><div class="spacer battle-history"><br></div><div class="battle-history">Chansey fainted!<br></div><div class="chat message-error">VetDancX tiene 135 segundos restantes.</div><div class="chat chatmessage-vetdancx"><strong style="color:hsl(300,86%,47%)"><small>☆</small><span class="username" data-name="VetDancX">VetDancX</span>:</strong> <em>gg jaja</em></div><div class="spacer battle-history"><br></div><div class="battle-history">Go! <strong>Sableye</strong>!<br></div><div class="battle-history"><small>Pointed stones dug into Sableye!</small><br></div><div class="spacer battle-history"><br></div><h2 class="battle-history">Turn 12</h2><div class="spacer battle-history"><br></div><div class="battle-history">Sableye used <strong>Will-O-Wisp</strong>!<br></div><div class="battle-history"><small>The opposing Manaphy was burned!</small><br></div><div class="spacer battle-history"><br></div><div class="battle-history">The opposing Manaphy used <strong>Surf</strong>!<br></div><div class="battle-history"><small>A critical hit!</small><br></div><div class="battle-history"><small>(Sableye lost <abbr title="−229/303">75.6%</abbr> of its health!)</small><br></div><div class="spacer battle-history"><br></div><div class="battle-history">Sableye fainted!<br></div><div class="spacer battle-history"><br></div><div class="battle-history"><small>The opposing Manaphy was hurt by its burn!</small><br></div><div class="chat chatmessage-lordander"><strong style="color:hsl(342,88%,40.918808770181535%)"><small>☆</small><span class="username" data-name="Lord Ander ♛">Lord Ander ♛</span>:</strong> <em>hm</em></div><div class="chat chatmessage-lordander"><strong style="color:hsl(342,88%,40.918808770181535%)"><small>☆</small><span class="username" data-name="Lord Ander ♛">Lord Ander ♛</span>:</strong> <em>gg bro</em></div><div class="spacer battle-history"><br></div><div class="battle-history">Go! <strong>Clefable</strong>!<br></div><div class="battle-history"><small>Pointed stones dug into Clefable!</small><br></div><div class="spacer battle-history"><br></div><h2 class="battle-history">Turn 13</h2><div class="spacer battle-history"><br></div><div class="battle-history">The opposing Manaphy used <strong>Surf</strong>!<br></div><div class="battle-history"><small>A critical hit!</small><br></div><div class="battle-history"><small>(Clefable lost <abbr title="−124/393">31.6%</abbr> of its health!)</small><br></div><div class="spacer battle-history"><br></div><div class="battle-history">Clefable fainted!<br></div><div class="spacer battle-history"><br></div><div class="battle-history"><small>The opposing Manaphy was hurt by its burn!</small><br></div><div class="spacer battle-history"><br></div><div class="battle-history"><small>VetDancX se rindió.</small><br></div><div class="spacer battle-history"><br></div><div class="battle-history"><strong>Lord Ander ♛</strong> won the battle!<br></div><div class="chat">Lord Ander ♛ ha ganado 8 PokeDolares.</div><div class="chat">Puntaje de VetDancX: 1378 → <strong>1363</strong><br>(-15 por perder)</div><div class="chat">Puntaje de Lord Ander ♛: 1481 → <strong>1496</strong><br>(+15 por ganar)</div></div><div class="inner-preempt"></div></div></div>
</div>
<script>
let daily = Math.floor(Date.now()/1000/60/60/24);document.write('<script src="https://play.pokemonshowdown.com/js/replay-embed.js?version'+daily+'"></'+'script>');
</script>
