<!DOCTYPE html>
<meta charset="utf-8" />
<!-- version 1 -->
<title>OU replay: Gеrard Way vs. Spookyv 👻</title>
<style>
html,body {font-family:Verdana, sans-serif;font-size:10pt;margin:0;padding:0;}body{padding:12px 0;} .battle-log {font-family:Verdana, sans-serif;font-size:10pt;} .battle-log-inline {border:1px solid #AAAAAA;background:#EEF2F5;color:black;max-width:640px;margin:0 auto 80px;padding-bottom:5px;} .battle-log .inner {padding:4px 8px 0px 8px;} .battle-log .inner-preempt {padding:0 8px 4px 8px;} .battle-log .inner-after {margin-top:0.5em;} .battle-log h2 {margin:0.5em -8px;padding:4px 8px;border:1px solid #AAAAAA;background:#E0E7EA;border-left:0;border-right:0;font-family:Verdana, sans-serif;font-size:13pt;} .battle-log .chat {vertical-align:middle;padding:3px 0 3px 0;font-size:8pt;} .battle-log .chat strong {color:#40576A;} .battle-log .chat em {padding:1px 4px 1px 3px;color:#000000;font-style:normal;} .chat.mine {background:rgba(0,0,0,0.05);margin-left:-8px;margin-right:-8px;padding-left:8px;padding-right:8px;} .spoiler {color:#BBBBBB;background:#BBBBBB;padding:0px 3px;} .spoiler:hover, .spoiler:active, .spoiler-shown {color:#000000;background:#E2E2E2;padding:0px 3px;} .spoiler a {color:#BBBBBB;} .spoiler:hover a, .spoiler:active a, .spoiler-shown a {color:#2288CC;} .chat code, .chat .spoiler:hover code, .chat .spoiler:active code, .chat .spoiler-shown code {border:1px solid #C0C0C0;background:#EEEEEE;color:black;padding:0 2px;} .chat .spoiler code {border:1px solid #CCCCCC;background:#CCCCCC;color:#CCCCCC;} .battle-log .rated {padding:3px 4px;} .battle-log .rated strong {color:white;background:#89A;padding:1px 4px;border-radius:4px;} .spacer {margin-top:0.5em;} .message-announce {background:#6688AA;color:white;padding:1px 4px 2px;} .message-announce a, .broadcast-green a, .broadcast-blue a, .broadcast-red a {color:#DDEEFF;} .broadcast-green {background-color:#559955;color:white;padding:2px 4px;} .broadcast-blue {background-color:#6688AA;color:white;padding:2px 4px;} .infobox {border:1px solid #6688AA;padding:2px 4px;} .infobox-limited {max-height:200px;overflow:auto;overflow-x:hidden;} .broadcast-red {background-color:#AA5544;color:white;padding:2px 4px;} .message-learn-canlearn {font-weight:bold;color:#228822;text-decoration:underline;} .message-learn-cannotlearn {font-weight:bold;color:#CC2222;text-decoration:underline;} .message-effect-weak {font-weight:bold;color:#CC2222;} .message-effect-resist {font-weight:bold;color:#6688AA;} .message-effect-immune {font-weight:bold;color:#666666;} .message-learn-list {margin-top:0;margin-bottom:0;} .message-throttle-notice, .message-error {color:#992222;} .message-overflow, .chat small.message-overflow {font-size:0pt;} .message-overflow::before {font-size:9pt;content:'...';} .subtle {color:#3A4A66;}
</style>
<div class="wrapper replay-wrapper" style="max-width:1180px;margin:0 auto">
<input type="hidden" name="replayid" value="destiny-ou-522060" />
<div class="battle"></div><div class="battle-log"></div><div class="replay-controls"></div><div class="replay-controls-2"></div>
<h1 style="font-weight:normal;text-align:center"><strong>OU</strong><br /><a href="http://pokemonshowdown.com/users/grardway" class="subtle" target="_blank">Gеrard Way</a> vs. <a href="http://pokemonshowdown.com/users/spookyv" class="subtle" target="_blank">Spookyv 👻</a></h1>
<script type="text/plain" class="battle-log-data">|unlink|||tour
|player|p1|Gеrard Way|grardway-11.gif?3d9a9587
|teamsize|p1|6
|player|p2|Spookyv 👻|spookyv-3.gif?d5e6459e
|teamsize|p2|6
|teamsize|p1|6
|teamsize|p2|6
|gametype|singles
|gen|7
|tier|OU
|seed|10590,37668,9959,1252
|rule|Cláusula-Mod de Dormir: solo puedes dormir a uno de tus oponentes a la vez.
|rule|Cláusula de Especie: Hasta un Pokémon de cada especie
|rule|Cláusula de Golpe Fulminante: los movimientos fulminantes (OHKO) estan prohibidos
|rule|Cláusula de Veleta: la habilidad Veleta está prohibida
|rule|Cláusula de Movimientos Evasivos: los movimientos de Evasión están prohibidos.
|rule|Cláusula de Batallas Eternas: forzar batallas eternas está prohibido
|clearpoke
|poke|p1|Gastrodon-East, M|item
|poke|p1|Meganium, F|item
|poke|p1|Heatran, M|item
|poke|p1|Zygarde|item
|poke|p1|Sylveon, M|item
|poke|p1|Tornadus-Therian, M|item
|poke|p2|Landorus-Therian, M|item
|poke|p2|Clefable, F|item
|poke|p2|Ferrothorn, M|item
|poke|p2|Zapdos|item
|poke|p2|Heatran, F|item
|poke|p2|Zygarde|item
|teampreview|undefined
|c|☆Gеrard Way|Ah, mierda, esto no era
|c|☆Gеrard Way|jajajaja
|c|☆Gеrard Way|Bueno, da igual
|c|☆Gеrard Way|gl hf
|c|☆Spookyv 👻|lord meganium uff
|c|☆Spookyv 👻|=
|choice|*|*team 123456
|c|☆Gеrard Way|y, todavía no probaba este fun
|c|☆Gеrard Way|Pero no quería sacarlo
|choice|*team 321456|*
|choice|team 3, 2, 1, 4, 5, 6|team 1, 2, 3, 4, 5, 6
|
|start
|switch|p1a: Heatran|Heatran, M|323\/323
|switch|p2a: Landorus|Landorus-Therian, M|353\/353
|-ability|p2a: Landorus|Intimidate|boost
|-unboost|p1a: Heatran|atk|1
|turn|1
|choice|*switch 6|*
|choice|*|*move 2
|choice|switch 6|move uturn
|
|switch|p1a: Tornadus|Tornadus-Therian, M|362\/362
|move|p2a: Landorus|U-turn|p1a: Tornadus
|-resisted|p1a: Tornadus
|-damage|p1a: Tornadus|316\/362
|-damage|p2a: Landorus|295\/353|[from] item: Rocky Helmet|[of] p1a: Tornadus
|choice|*|*switch 4
|choice||switch 4
|
|switch|p2a: Zapdos|Zapdos|383\/383|[from]move: U-turn
|
|upkeep
|turn|2
|choice|*switch 3|*
|choice|*|*switch 2
|choice|switch 3|switch 2
|
|switch|p1a: Gastrodon|Gastrodon-East, M|425\/425
|switch|p2a: Clefable|Clefable, F|394\/394
|
|upkeep
|turn|3
|choice|*|*move 2
|choice|*switch 6|*
|choice|switch 6|move stealthrock
|
|switch|p1a: Heatran|Heatran, M|323\/323
|move|p2a: Clefable|Stealth Rock|p1a: Heatran
|-sidestart|p1: Gеrard Way|move: Stealth Rock
|
|upkeep
|turn|4
|choice|*move 4|*
|choice|*move 1 zmove|*
|choice|*move 4|*
|choice|*move 4|*
|choice|*|*switch 6
|choice|move stealthrock|switch 6
|
|switch|p2a: Zygarde|Zygarde|357\/357
|-ability|p2a: Zygarde|Aura Break
|move|p1a: Heatran|Stealth Rock|p2a: Zygarde
|-sidestart|p2: Spookyv 👻|move: Stealth Rock
|
|upkeep
|turn|5
|choice|*switch 2|*
|choice|*|*move 4
|choice|switch 2|move toxic
|
|switch|p1a: Meganium|Meganium, F|364\/364
|-damage|p1a: Meganium|319\/364|[from] Stealth Rock
|move|p2a: Zygarde|Toxic|p1a: Meganium
|-status|p1a: Meganium|tox
|
|-heal|p1a: Meganium|341\/364 tox|[from] item: Leftovers
|-damage|p1a: Meganium|319\/364 tox|[from] psn
|upkeep
|turn|6
|choice|*|*switch 3
|choice|*switch 2|*
|choice|switch 2|switch 3
|
|switch|p2a: Ferrothorn|Ferrothorn, M|352\/352
|-damage|p2a: Ferrothorn|330\/352|[from] Stealth Rock
|switch|p1a: Heatran|Heatran, M|323\/323
|-damage|p1a: Heatran|283\/323|[from] Stealth Rock
|
|-heal|p2a: Ferrothorn|352\/352|[from] item: Leftovers
|upkeep
|turn|7
|choice|*move 1|*
|choice|*|*switch 3
|choice|move flashcannon|switch 3
|
|switch|p2a: Zygarde|Zygarde|357\/357
|-damage|p2a: Zygarde|335\/357|[from] Stealth Rock
|-ability|p2a: Zygarde|Aura Break
|move|p1a: Heatran|Flash Cannon|p2a: Zygarde
|-damage|p2a: Zygarde|170\/357
|
|upkeep
|turn|8
|choice|*|*move 3
|choice|*switch 2|*
|choice|switch 2|move extremespeed
|
|switch|p1a: Meganium|Meganium, F|319\/364 tox
|-damage|p1a: Meganium|274\/364 tox|[from] Stealth Rock
|move|p2a: Zygarde|Extreme Speed|p1a: Meganium
|-damage|p1a: Meganium|181\/364 tox
|
|-heal|p1a: Meganium|203\/364 tox|[from] item: Leftovers
|-damage|p1a: Meganium|181\/364 tox|[from] psn
|upkeep
|turn|9
|choice|*move 2|*
|choice|*|*move 3
|choice|move synthesis|move extremespeed
|
|move|p2a: Zygarde|Extreme Speed|p1a: Meganium
|-damage|p1a: Meganium|89\/364 tox
|move|p1a: Meganium|Synthesis|p1a: Meganium
|-heal|p1a: Meganium|271\/364 tox
|
|-heal|p1a: Meganium|293\/364 tox|[from] item: Leftovers
|-damage|p1a: Meganium|249\/364 tox|[from] psn
|upkeep
|turn|10
|choice|*move 2|*
|choice|*|*switch 4
|choice|move synthesis|switch 4
|
|switch|p2a: Landorus|Landorus-Therian, M|295\/353
|-damage|p2a: Landorus|251\/353|[from] Stealth Rock
|-ability|p2a: Landorus|Intimidate|boost
|-unboost|p1a: Meganium|atk|1
|move|p1a: Meganium|Synthesis|p1a: Meganium
|-heal|p1a: Meganium|364\/364 tox
|
|-damage|p1a: Meganium|298\/364 tox|[from] psn
|upkeep
|turn|11
|choice|*switch 3|*
|choice|*|*move 2
|choice|switch 3|move uturn
|
|switch|p1a: Tornadus|Tornadus-Therian, M|362\/362
|-damage|p1a: Tornadus|272\/362|[from] Stealth Rock
|move|p2a: Landorus|U-turn|p1a: Tornadus
|-resisted|p1a: Tornadus
|-crit|p1a: Tornadus
|-damage|p1a: Tornadus|203\/362
|-damage|p2a: Landorus|193\/353|[from] item: Rocky Helmet|[of] p1a: Tornadus
|choice|*|*switch 2
|choice||switch 2
|
|switch|p2a: Zapdos|Zapdos|383\/383|[from]move: U-turn
|-damage|p2a: Zapdos|288\/383|[from] Stealth Rock
|
|-heal|p2a: Zapdos|311\/383|[from] item: Leftovers
|upkeep
|turn|12
|choice|*switch 6|*
|choice|*switch 4|*
|choice|*|*switch 3
|choice|switch 4|switch 3
|
|switch|p1a: Zygarde|Zygarde|416\/416
|-damage|p1a: Zygarde|390\/416|[from] Stealth Rock
|-ability|p1a: Zygarde|Aura Break
|switch|p2a: Ferrothorn|Ferrothorn, M|352\/352
|-damage|p2a: Ferrothorn|330\/352|[from] Stealth Rock
|
|-heal|p1a: Zygarde|416\/416|[from] item: Leftovers
|-heal|p2a: Ferrothorn|352\/352|[from] item: Leftovers
|upkeep
|turn|13
|choice|*move 2|*
|choice|*|*move 2
|choice|move substitute|move knockoff
|
|move|p1a: Zygarde|Substitute|p1a: Zygarde
|-start|p1a: Zygarde|Substitute
|-damage|p1a: Zygarde|312\/416
|move|p2a: Ferrothorn|Knock Off|p1a: Zygarde
|-crit|p1a: Zygarde
|-activate|p1a: Zygarde|move: Substitute|[damage]
|
|-heal|p1a: Zygarde|338\/416|[from] item: Leftovers
|upkeep
|turn|14
|choice|*|*move 1
|choice|*move 4|*
|choice|move dragondance|move powerwhip
|
|move|p1a: Zygarde|Dragon Dance|p1a: Zygarde
|-boost|p1a: Zygarde|atk|1
|-boost|p1a: Zygarde|spe|1
|move|p2a: Ferrothorn|Power Whip|p1a: Zygarde
|-end|p1a: Zygarde|Substitute
|
|-heal|p1a: Zygarde|364\/416|[from] item: Leftovers
|upkeep
|turn|15
|choice|*move 2|*
|choice|*move 3|*
|choice|*move 2|*
|choice|*|*switch 2
|choice|move substitute|switch 2
|
|switch|p2a: Landorus|Landorus-Therian, M|193\/353
|-damage|p2a: Landorus|149\/353|[from] Stealth Rock
|-ability|p2a: Landorus|Intimidate|boost
|-unboost|p1a: Zygarde|atk|1
|move|p1a: Zygarde|Substitute|p1a: Zygarde
|-start|p1a: Zygarde|Substitute
|-damage|p1a: Zygarde|260\/416
|
|-heal|p1a: Zygarde|286\/416|[from] item: Leftovers
|upkeep
|turn|16
|choice|*move 3|*
|choice|*|*move 2
|choice|move protect|move uturn
|
|move|p1a: Zygarde|Protect|p1a: Zygarde
|-singleturn|p1a: Zygarde|Protect
|move|p2a: Landorus|U-turn|p1a: Zygarde
|-activate|p1a: Zygarde|move: Protect
|
|-heal|p1a: Zygarde|312\/416|[from] item: Leftovers
|upkeep
|turn|17
|choice|*|*move 2
|choice|*move 4|*
|choice|move dragondance|move uturn
|
|move|p2a: Landorus|U-turn|p1a: Zygarde
|-activate|p1a: Zygarde|move: Substitute|[damage]
|choice|*|*switch 4
|choice||switch 4
|
|switch|p2a: Zygarde|Zygarde|170\/357|[from]move: U-turn
|-damage|p2a: Zygarde|148\/357|[from] Stealth Rock
|-ability|p2a: Zygarde|Aura Break
|move|p1a: Zygarde|Dragon Dance|p1a: Zygarde
|-boost|p1a: Zygarde|atk|1
|-boost|p1a: Zygarde|spe|1
|
|-heal|p1a: Zygarde|338\/416|[from] item: Leftovers
|upkeep
|turn|18
|choice|*|*move 3
|choice|*move 3|*
|choice|move protect|move extremespeed
|
|move|p1a: Zygarde|Protect|p1a: Zygarde
|-singleturn|p1a: Zygarde|Protect
|move|p2a: Zygarde|Extreme Speed|p1a: Zygarde
|-activate|p1a: Zygarde|move: Protect
|
|-heal|p1a: Zygarde|364\/416|[from] item: Leftovers
|upkeep
|turn|19
|choice|*move 4|*
|choice|*|*move 3
|choice|move dragondance|move extremespeed
|
|move|p2a: Zygarde|Extreme Speed|p1a: Zygarde
|-end|p1a: Zygarde|Substitute
|move|p1a: Zygarde|Dragon Dance|p1a: Zygarde
|-boost|p1a: Zygarde|atk|1
|-boost|p1a: Zygarde|spe|1
|
|-heal|p1a: Zygarde|390\/416|[from] item: Leftovers
|upkeep
|turn|20
|choice|*|*move 3
|choice|*move 3|*
|choice|move protect|move extremespeed
|
|move|p1a: Zygarde|Protect|p1a: Zygarde
|-singleturn|p1a: Zygarde|Protect
|move|p2a: Zygarde|Extreme Speed|p1a: Zygarde
|-activate|p1a: Zygarde|move: Protect
|
|-heal|p1a: Zygarde|416\/416|[from] item: Leftovers
|upkeep
|turn|21
|choice|*|*move 3
|choice|*move 1|*
|choice|move thousandarrows|move extremespeed
|
|move|p2a: Zygarde|Extreme Speed|p1a: Zygarde
|-damage|p1a: Zygarde|307\/416
|move|p1a: Zygarde|Thousand Arrows|p2a: Zygarde
|-crit|p2a: Zygarde
|-damage|p2a: Zygarde|0 fnt
|faint|p2a: Zygarde
|
|-heal|p1a: Zygarde|333\/416|[from] item: Leftovers
|upkeep
|choice|*|*switch 4
|choice||switch 4
|
|switch|p2a: Landorus|Landorus-Therian, M|149\/353
|-damage|p2a: Landorus|105\/353|[from] Stealth Rock
|-ability|p2a: Landorus|Intimidate|boost
|-unboost|p1a: Zygarde|atk|1
|turn|22
|choice|*|*switch 2
|choice|*move 3|*
|choice|move protect|switch 2
|
|switch|p2a: Ferrothorn|Ferrothorn, M|352\/352
|-damage|p2a: Ferrothorn|330\/352|[from] Stealth Rock
|move|p1a: Zygarde|Protect|p1a: Zygarde
|-fail|p1a: Zygarde
|
|-heal|p1a: Zygarde|359\/416|[from] item: Leftovers
|-heal|p2a: Ferrothorn|352\/352|[from] item: Leftovers
|upkeep
|turn|23
|choice|*move 2|*
|choice|*|*move 1
|choice|move substitute|move powerwhip
|
|move|p1a: Zygarde|Substitute|p1a: Zygarde
|-start|p1a: Zygarde|Substitute
|-damage|p1a: Zygarde|255\/416
|move|p2a: Ferrothorn|Power Whip|p1a: Zygarde|[miss]
|-miss|p2a: Ferrothorn|p1a: Zygarde
|
|-heal|p1a: Zygarde|281\/416|[from] item: Leftovers
|upkeep
|turn|24
|choice|*|*move 1
|choice|*move 3|*
|choice|move protect|move powerwhip
|
|move|p1a: Zygarde|Protect|p1a: Zygarde
|-singleturn|p1a: Zygarde|Protect
|move|p2a: Ferrothorn|Power Whip|p1a: Zygarde
|-activate|p1a: Zygarde|move: Protect
|
|-heal|p1a: Zygarde|307\/416|[from] item: Leftovers
|upkeep
|turn|25
|choice|*|*move 1
|choice|*move 4|*
|choice|move dragondance|move powerwhip
|
|move|p1a: Zygarde|Dragon Dance|p1a: Zygarde
|-boost|p1a: Zygarde|atk|1
|-boost|p1a: Zygarde|spe|1
|move|p2a: Ferrothorn|Power Whip|p1a: Zygarde
|-end|p1a: Zygarde|Substitute
|
|-heal|p1a: Zygarde|333\/416|[from] item: Leftovers
|upkeep
|turn|26
|choice|*|*move 1
|choice|*move 2|*
|choice|move substitute|move powerwhip
|
|move|p1a: Zygarde|Substitute|p1a: Zygarde
|-start|p1a: Zygarde|Substitute
|-damage|p1a: Zygarde|229\/416
|move|p2a: Ferrothorn|Power Whip|p1a: Zygarde
|-end|p1a: Zygarde|Substitute
|
|-heal|p1a: Zygarde|255\/416|[from] item: Leftovers
|upkeep
|turn|27
|choice|*move 3|*
|choice|*move 3|*
|choice|*|*move 1
|choice|move protect|move powerwhip
|
|move|p1a: Zygarde|Protect|p1a: Zygarde
|-singleturn|p1a: Zygarde|Protect
|move|p2a: Ferrothorn|Power Whip|p1a: Zygarde
|-activate|p1a: Zygarde|move: Protect
|
|-heal|p1a: Zygarde|281\/416|[from] item: Leftovers
|upkeep
|turn|28
|choice|*|*move 1
|choice|*move 2|*
|choice|move substitute|move powerwhip
|
|move|p1a: Zygarde|Substitute|p1a: Zygarde
|-start|p1a: Zygarde|Substitute
|-damage|p1a: Zygarde|177\/416
|move|p2a: Ferrothorn|Power Whip|p1a: Zygarde
|-end|p1a: Zygarde|Substitute
|
|-heal|p1a: Zygarde|203\/416|[from] item: Leftovers
|upkeep
|turn|29
|choice|*move 3|*
|choice|*|*switch 2
|choice|move protect|switch 2
|
|switch|p2a: Landorus|Landorus-Therian, M|105\/353
|-damage|p2a: Landorus|61\/353|[from] Stealth Rock
|-ability|p2a: Landorus|Intimidate|boost
|-unboost|p1a: Zygarde|atk|1
|move|p1a: Zygarde|Protect|p1a: Zygarde
|-fail|p1a: Zygarde
|
|-heal|p1a: Zygarde|229\/416|[from] item: Leftovers
|upkeep
|turn|30
|choice|*|*move 3
|choice|*move 3|*
|choice|move protect|move hiddenpower
|
|move|p1a: Zygarde|Protect|p1a: Zygarde
|-singleturn|p1a: Zygarde|Protect
|move|p2a: Landorus|Hidden Power|p1a: Zygarde
|-activate|p1a: Zygarde|move: Protect
|
|-heal|p1a: Zygarde|255\/416|[from] item: Leftovers
|upkeep
|turn|31
|choice|*move 1|*
|choice|*|*move 3
|choice|move thousandarrows|move hiddenpower
|
|move|p1a: Zygarde|Thousand Arrows|p2a: Landorus
|-damage|p2a: Landorus|0 fnt
|faint|p2a: Landorus
|
|-heal|p1a: Zygarde|281\/416|[from] item: Leftovers
|upkeep
|choice|*|*switch 6
|choice||switch 6
|
|switch|p2a: Clefable|Clefable, F|394\/394
|turn|32
|choice|*|*move 1
|choice|*switch 2|*
|choice|switch 2|move moonblast
|
|switch|p1a: Heatran|Heatran, M|283\/323
|-damage|p1a: Heatran|243\/323|[from] Stealth Rock
|move|p2a: Clefable|Moonblast|p1a: Heatran
|-resisted|p1a: Heatran
|-damage|p1a: Heatran|220\/323
|
|upkeep
|turn|33
|choice|*move 1|*
|choice|*move 1|*
|choice|*move 3|*
|choice|*|*move 4
|choice|move earthpower|move calmmind
|
|move|p1a: Heatran|Earth Power|p2a: Clefable
|-damage|p2a: Clefable|271\/394
|move|p2a: Clefable|Calm Mind|p2a: Clefable
|-boost|p2a: Clefable|spa|1
|-boost|p2a: Clefable|spd|1
|
|-heal|p2a: Clefable|295\/394|[from] item: Leftovers
|upkeep
|turn|34
|choice|*move 1 zmove|*
|choice|*|*switch 3
|choice|move flashcannon zmove|switch 3
|
|switch|p2a: Zapdos|Zapdos|311\/383
|-damage|p2a: Zapdos|216\/383|[from] Stealth Rock
|-zpower|p1a: Heatran
|move|p1a: Heatran|Corkscrew Crash|p2a: Zapdos|[zeffect]
|-resisted|p2a: Zapdos
|-damage|p2a: Zapdos|46\/383
|
|-heal|p2a: Zapdos|69\/383|[from] item: Leftovers
|upkeep
|turn|35
|choice|*|*move 4
|choice|*switch 2|*
|choice|switch 2|move roost
|
|switch|p1a: Zygarde|Zygarde|281\/416
|-damage|p1a: Zygarde|255\/416|[from] Stealth Rock
|-ability|p1a: Zygarde|Aura Break
|move|p2a: Zapdos|Roost|p2a: Zapdos
|-heal|p2a: Zapdos|261\/383
|
|-heal|p1a: Zygarde|281\/416|[from] item: Leftovers
|-heal|p2a: Zapdos|284\/383|[from] item: Leftovers
|upkeep
|turn|36
|choice|*|*move 3
|choice|*move 4|*
|choice|move dragondance|move hiddenpower
|
|move|p1a: Zygarde|Dragon Dance|p1a: Zygarde
|-boost|p1a: Zygarde|atk|1
|-boost|p1a: Zygarde|spe|1
|move|p2a: Zapdos|Hidden Power|p1a: Zygarde
|-supereffective|p1a: Zygarde
|-damage|p1a: Zygarde|81\/416
|
|-heal|p1a: Zygarde|107\/416|[from] item: Leftovers
|-heal|p2a: Zapdos|307\/383|[from] item: Leftovers
|upkeep
|turn|37
|c|☆Gеrard Way|lol
|choice|*|*switch 2
|choice|*move 1|*
|choice|move thousandarrows|switch 2
|
|switch|p2a: Ferrothorn|Ferrothorn, M|352\/352
|-damage|p2a: Ferrothorn|330\/352|[from] Stealth Rock
|move|p1a: Zygarde|Thousand Arrows|p2a: Ferrothorn
|-damage|p2a: Ferrothorn|216\/352
|
|-heal|p1a: Zygarde|133\/416|[from] item: Leftovers
|-heal|p2a: Ferrothorn|238\/352|[from] item: Leftovers
|upkeep
|turn|38
|choice|*move 3|*
|choice|*|*move 1
|choice|move protect|move powerwhip
|
|move|p1a: Zygarde|Protect|p1a: Zygarde
|-singleturn|p1a: Zygarde|Protect
|move|p2a: Ferrothorn|Power Whip|p1a: Zygarde
|-activate|p1a: Zygarde|move: Protect
|
|-heal|p1a: Zygarde|159\/416|[from] item: Leftovers
|-heal|p2a: Ferrothorn|260\/352|[from] item: Leftovers
|upkeep
|turn|39
|choice|*move 4|*
|choice|*|*move 1
|choice|move dragondance|move powerwhip
|
|move|p1a: Zygarde|Dragon Dance|p1a: Zygarde
|-boost|p1a: Zygarde|atk|1
|-boost|p1a: Zygarde|spe|1
|move|p2a: Ferrothorn|Power Whip|p1a: Zygarde
|-damage|p1a: Zygarde|36\/416
|
|-heal|p1a: Zygarde|62\/416|[from] item: Leftovers
|-heal|p2a: Ferrothorn|282\/352|[from] item: Leftovers
|upkeep
|turn|40
|choice|*move 3|*
|choice|*|*move 1
|choice|move protect|move powerwhip
|
|move|p1a: Zygarde|Protect|p1a: Zygarde
|-singleturn|p1a: Zygarde|Protect
|move|p2a: Ferrothorn|Power Whip|p1a: Zygarde
|-activate|p1a: Zygarde|move: Protect
|
|-heal|p1a: Zygarde|88\/416|[from] item: Leftovers
|-heal|p2a: Ferrothorn|304\/352|[from] item: Leftovers
|upkeep
|turn|41
|choice|*move 1|*
|choice|*|*move 1
|choice|move thousandarrows|move powerwhip
|
|move|p1a: Zygarde|Thousand Arrows|p2a: Ferrothorn
|-damage|p2a: Ferrothorn|154\/352
|move|p2a: Ferrothorn|Power Whip|p1a: Zygarde
|-damage|p1a: Zygarde|0 fnt
|faint|p1a: Zygarde
|
|-heal|p2a: Ferrothorn|176\/352|[from] item: Leftovers
|upkeep
|choice|*switch 2|*
|choice|switch 2|
|
|switch|p1a: Heatran|Heatran, M|220\/323
|-damage|p1a: Heatran|180\/323|[from] Stealth Rock
|turn|42
|choice|*move 3|*
|choice|*|*switch 5
|choice|move earthpower|switch 5
|
|switch|p2a: Heatran|Heatran, F|385\/385
|-damage|p2a: Heatran|337\/385|[from] Stealth Rock
|move|p1a: Heatran|Earth Power|p2a: Heatran
|-supereffective|p2a: Heatran
|-damage|p2a: Heatran|0 fnt
|faint|p2a: Heatran
|
|upkeep
|choice|*|*switch 2
|choice||switch 2
|
|switch|p2a: Zapdos|Zapdos|307\/383
|-damage|p2a: Zapdos|212\/383|[from] Stealth Rock
|turn|43
|choice|*switch 5|*
|choice|*|*move 4
|choice|switch 5|move roost
|
|switch|p1a: Sylveon|Sylveon, M|394\/394
|-damage|p1a: Sylveon|345\/394|[from] Stealth Rock
|move|p2a: Zapdos|Roost|p2a: Zapdos
|-heal|p2a: Zapdos|383\/383
|
|-heal|p1a: Sylveon|369\/394|[from] item: Leftovers
|upkeep
|turn|44
|choice|*move 2|*
|choice|*|*move 1
|choice|move wish|move discharge
|
|move|p2a: Zapdos|Discharge|p1a: Sylveon
|-damage|p1a: Sylveon|284\/394
|move|p1a: Sylveon|Wish|p1a: Sylveon
|
|-heal|p1a: Sylveon|308\/394|[from] item: Leftovers
|upkeep
|turn|45
|choice|*move 4|*
|choice|*|*move 1
|choice|move healbell|move discharge
|
|move|p2a: Zapdos|Discharge|p1a: Sylveon
|-damage|p1a: Sylveon|215\/394
|move|p1a: Sylveon|Heal Bell|p1a: Sylveon
|-activate|p1a: Sylveon|move: Heal Bell
|-curestatus|p1: Meganium|tox|[msg]
|
|-heal|p1a: Sylveon|394\/394|[from] move: Wish|[wisher] Sylveon
|upkeep
|turn|46
|choice|*switch 6|*
|choice|*|*move 1
|choice|switch 6|move discharge
|
|switch|p1a: Gastrodon|Gastrodon-East, M|425\/425
|-damage|p1a: Gastrodon|399\/425|[from] Stealth Rock
|move|p2a: Zapdos|Discharge|p1a: Gastrodon
|-immune|p1a: Gastrodon|[msg]
|
|-heal|p1a: Gastrodon|425\/425|[from] item: Leftovers
|upkeep
|turn|47
|choice|*|*switch 3
|choice|*move 3|*
|choice|move toxic|switch 3
|
|switch|p2a: Clefable|Clefable, F|295\/394
|move|p1a: Gastrodon|Toxic|p2a: Clefable
|-status|p2a: Clefable|tox
|
|-heal|p2a: Clefable|319\/394 tox|[from] item: Leftovers
|upkeep
|turn|48
|choice|*|*move 4
|choice|*switch 5|*
|choice|switch 5|move calmmind
|
|switch|p1a: Heatran|Heatran, M|180\/323
|-damage|p1a: Heatran|140\/323|[from] Stealth Rock
|move|p2a: Clefable|Calm Mind|p2a: Clefable
|-boost|p2a: Clefable|spa|1
|-boost|p2a: Clefable|spd|1
|
|-heal|p2a: Clefable|343\/394 tox|[from] item: Leftovers
|upkeep
|turn|49
|choice|*move 1|*
|choice|*|*move 4
|choice|move flashcannon|move calmmind
|
|move|p1a: Heatran|Flash Cannon|p2a: Clefable
|-supereffective|p2a: Clefable
|-damage|p2a: Clefable|109\/394 tox
|move|p2a: Clefable|Calm Mind|p2a: Clefable
|-boost|p2a: Clefable|spa|1
|-boost|p2a: Clefable|spd|1
|
|-heal|p2a: Clefable|133\/394 tox|[from] item: Leftovers
|upkeep
|turn|50
|choice|*move 1|*
|choice|*|*move 3
|choice|move flashcannon|move softboiled
|
|move|p1a: Heatran|Flash Cannon|p2a: Clefable
|-supereffective|p2a: Clefable
|-damage|p2a: Clefable|0 fnt
|faint|p2a: Clefable
|
|upkeep
|c|☆Gеrard Way|gg
|c|☆Spookyv 👻|gg
|choice|*|*switch 3
|choice||switch 3
|
|switch|p2a: Zapdos|Zapdos|383\/383
|-damage|p2a: Zapdos|288\/383|[from] Stealth Rock
|turn|51
|choice|*|*move 1
|choice|*switch 6|*
|choice|switch 6|move discharge
|
|switch|p1a: Sylveon|Sylveon, M|394\/394
|-damage|p1a: Sylveon|345\/394|[from] Stealth Rock
|move|p2a: Zapdos|Discharge|p1a: Sylveon
|-damage|p1a: Sylveon|255\/394
|
|-heal|p2a: Zapdos|311\/383|[from] item: Leftovers
|-heal|p1a: Sylveon|279\/394|[from] item: Leftovers
|upkeep
|turn|52
|choice|*move 2|*
|choice|*|*move 1
|choice|move wish|move discharge
|
|move|p2a: Zapdos|Discharge|p1a: Sylveon
|-damage|p1a: Sylveon|180\/394
|move|p1a: Sylveon|Wish|p1a: Sylveon
|
|-heal|p2a: Zapdos|334\/383|[from] item: Leftovers
|-heal|p1a: Sylveon|204\/394|[from] item: Leftovers
|upkeep
|turn|53
|choice|*move 1|*
|choice|*|*switch 5
|choice|move hypervoice|switch 5
|
|switch|p2a: Ferrothorn|Ferrothorn, M|176\/352
|-damage|p2a: Ferrothorn|154\/352|[from] Stealth Rock
|move|p1a: Sylveon|Hyper Voice|p2a: Ferrothorn
|-resisted|p2a: Ferrothorn
|-damage|p2a: Ferrothorn|109\/352
|
|-heal|p1a: Sylveon|394\/394|[from] move: Wish|[wisher] Sylveon
|-heal|p2a: Ferrothorn|131\/352|[from] item: Leftovers
|upkeep
|turn|54
|choice|*|*move 3
|choice|*move 2|*
|choice|move wish|move leechseed
|
|move|p1a: Sylveon|Wish|p1a: Sylveon
|move|p2a: Ferrothorn|Leech Seed|p1a: Sylveon
|-start|p1a: Sylveon|move: Leech Seed
|
|-heal|p2a: Ferrothorn|153\/352|[from] item: Leftovers
|-damage|p1a: Sylveon|345\/394|[from] Leech Seed|[of] p2a: Ferrothorn
|-heal|p2a: Ferrothorn|202\/352|[silent]
|upkeep
|turn|55
|choice|*switch 6|*
|choice|*|*move 3
|choice|switch 6|move leechseed
|
|switch|p1a: Heatran|Heatran, M|140\/323
|-damage|p1a: Heatran|100\/323|[from] Stealth Rock
|move|p2a: Ferrothorn|Leech Seed|p1a: Heatran
|-start|p1a: Heatran|move: Leech Seed
|
|-heal|p1a: Heatran|297\/323|[from] move: Wish|[wisher] Sylveon
|-heal|p2a: Ferrothorn|224\/352|[from] item: Leftovers
|-damage|p1a: Heatran|257\/323|[from] Leech Seed|[of] p2a: Ferrothorn
|-heal|p2a: Ferrothorn|264\/352|[silent]
|upkeep
|turn|56
|choice|*move 2|*
|choice|*|*switch 5
|choice|move lavaplume|switch 5
|
|switch|p2a: Zapdos|Zapdos|334\/383
|-damage|p2a: Zapdos|239\/383|[from] Stealth Rock
|move|p1a: Heatran|Lava Plume|p2a: Zapdos
|-damage|p2a: Zapdos|58\/383
|
|-heal|p2a: Zapdos|81\/383|[from] item: Leftovers
|-damage|p1a: Heatran|217\/323|[from] Leech Seed|[of] p2a: Zapdos
|-heal|p2a: Zapdos|121\/383|[silent]
|upkeep
|turn|57
|choice|*|*move 4
|choice|*move 2|*
|choice|move lavaplume|move roost
|
|move|p1a: Heatran|Lava Plume|p2a: Zapdos
|-crit|p2a: Zapdos
|-damage|p2a: Zapdos|0 fnt
|faint|p2a: Zapdos
|
|upkeep
|choice|*|*switch 5
|choice||switch 5
|
|switch|p2a: Ferrothorn|Ferrothorn, M|264\/352
|-damage|p2a: Ferrothorn|242\/352|[from] Stealth Rock
|turn|58
|choice|*|*move 3
|choice|*move 2|*
|choice|*|*move 2
|choice|move lavaplume|move knockoff
|
|move|p1a: Heatran|Lava Plume|p2a: Ferrothorn
|-supereffective|p2a: Ferrothorn
|-damage|p2a: Ferrothorn|0 fnt
|faint|p2a: Ferrothorn
|
|win|Gеrard Way
</script>
</div>
<div class="battle-log battle-log-inline"><div class="inner"><div class="battle-options"></div><div class="inner"><div class=""><small>Format:</small> <br><strong>OU</strong></div><div class=""><small><em>Cláusula-Mod de Dormir:</em> solo puedes dormir a uno de tus oponentes a la vez.</small></div><div class=""><small><em>Cláusula de Especie:</em> Hasta un Pokémon de cada especie</small></div><div class=""><small><em>Cláusula de Golpe Fulminante:</em> los movimientos fulminantes (OHKO) estan prohibidos</small></div><div class=""><small><em>Cláusula de Veleta:</em> la habilidad Veleta está prohibida</small></div><div class=""><small><em>Cláusula de Movimientos Evasivos:</em> los movimientos de Evasión están prohibidos.</small></div><div class=""><small><em>Cláusula de Batallas Eternas:</em> forzar batallas eternas está prohibido</small></div><div class="chat battle-history"><strong>Gеrard Way's team:</strong> <em style="color:#445566;display:block;">Gastrodon-East / Meganium / Heatran / Zygarde / Sylveon / Tornadus-Therian</em></div><div class="chat battle-history"><strong>Spookyv 👻's team:</strong> <em style="color:#445566;display:block;">Landorus-Therian / Clefable / Ferrothorn / Zapdos / Heatran / Zygarde</em></div><div class="chat chatmessage-grardway"><strong style="color:hsl(23,56%,44%)"><small>☆</small><span class="username" data-name="Gеrard Way">Gеrard Way</span>:</strong> <em>Ah, mierda, esto no era</em></div><div class="chat chatmessage-grardway"><strong style="color:hsl(23,56%,44%)"><small>☆</small><span class="username" data-name="Gеrard Way">Gеrard Way</span>:</strong> <em>jajajaja</em></div><div class="chat chatmessage-grardway"><strong style="color:hsl(23,56%,44%)"><small>☆</small><span class="username" data-name="Gеrard Way">Gеrard Way</span>:</strong> <em>Bueno, da igual</em></div><div class="chat chatmessage-grardway"><strong style="color:hsl(23,56%,44%)"><small>☆</small><span class="username" data-name="Gеrard Way">Gеrard Way</span>:</strong> <em>gl hf</em></div><div class="chat chatmessage-spookyv"><strong style="color:hsl(319,87%,49%)"><small>☆</small><span class="username" data-name="Spookyv 👻">Spookyv 👻</span>:</strong> <em>lord meganium uff</em></div><div class="chat chatmessage-spookyv"><strong style="color:hsl(319,87%,49%)"><small>☆</small><span class="username" data-name="Spookyv 👻">Spookyv 👻</span>:</strong> <em>=</em></div><div class="chat chatmessage-grardway"><strong style="color:hsl(23,56%,44%)"><small>☆</small><span class="username" data-name="Gеrard Way">Gеrard Way</span>:</strong> <em>y, todavía no probaba este fun</em></div><div class="chat chatmessage-grardway"><strong style="color:hsl(23,56%,44%)"><small>☆</small><span class="username" data-name="Gеrard Way">Gеrard Way</span>:</strong> <em>Pero no quería sacarlo</em></div><div class="spacer battle-history"><br></div><div class="battle-history">Battle started between Gеrard Way and Spookyv 👻!<br></div><div class="spacer battle-history"><br></div><div class="battle-history">Go! <strong>Heatran</strong>!<br></div><div class="spacer battle-history"><br></div><div class="battle-history">Spookyv 👻 sent out Landorus (<strong>Landorus-Therian</strong>)!<br></div><div class="battle-history"><small>[The opposing Landorus's Intimidate]</small><br></div><div class="battle-history"><small>Heatran's Attack fell!</small><br></div><div class="spacer battle-history"><br></div><h2 class="battle-history">Turn 1</h2><div class="spacer battle-history"><br></div><div class="battle-history">Heatran, come back!<br></div><div class="battle-history">Go! Tornadus (<strong>Tornadus-Therian</strong>)!<br></div><div class="spacer battle-history"><br></div><div class="battle-history">The opposing Landorus used <strong>U-turn</strong>!<br></div><div class="battle-history"><small>It's not very effective...</small><br></div><div class="battle-history"><small>(Tornadus lost <abbr title="−46/362">12.7%</abbr> of its health!)</small><br></div><div class="battle-history"><small>The opposing Landorus was hurt by the Rocky Helmet!</small><br></div><div class="spacer battle-history"><br></div><div class="battle-history">The opposing Landorus went back to Spookyv 👻!<br></div><div class="battle-history">Spookyv 👻 sent out <strong>Zapdos</strong>!<br></div><div class="spacer battle-history"><br></div><h2 class="battle-history">Turn 2</h2><div class="spacer battle-history"><br></div><div class="battle-history">Tornadus, come back!<br></div><div class="battle-history">Go! Gastrodon (<strong>Gastrodon-East</strong>)!<br></div><div class="spacer battle-history"><br></div><div class="battle-history">Spookyv 👻 withdrew Zapdos!<br></div><div class="battle-history">Spookyv 👻 sent out <strong>Clefable</strong>!<br></div><div class="spacer battle-history"><br></div><h2 class="battle-history">Turn 3</h2><div class="spacer battle-history"><br></div><div class="battle-history">Gastrodon, come back!<br></div><div class="battle-history">Go! <strong>Heatran</strong>!<br></div><div class="spacer battle-history"><br></div><div class="battle-history">The opposing Clefable used <strong>Stealth Rock</strong>!<br></div><div class="battle-history"><small>Pointed stones float in the air around your team!</small><br></div><div class="spacer battle-history"><br></div><h2 class="battle-history">Turn 4</h2><div class="spacer battle-history"><br></div><div class="battle-history">Spookyv 👻 withdrew Clefable!<br></div><div class="battle-history">Spookyv 👻 sent out <strong>Zygarde</strong>!<br></div><div class="battle-history"><small>[The opposing Zygarde's Aura Break]</small><br><small>The opposing Zygarde reversed all other Pokémon's auras!</small><br></div><div class="spacer battle-history"><br></div><div class="battle-history">Heatran used <strong>Stealth Rock</strong>!<br></div><div class="battle-history"><small>Pointed stones float in the air around the opposing team!</small><br></div><div class="spacer battle-history"><br></div><h2 class="battle-history">Turn 5</h2><div class="spacer battle-history"><br></div><div class="battle-history">Heatran, come back!<br></div><div class="battle-history">Go! <strong>Meganium</strong>!<br></div><div class="battle-history"><small>Pointed stones dug into Meganium!</small><br></div><div class="spacer battle-history"><br></div><div class="battle-history">The opposing Zygarde used <strong>Toxic</strong>!<br></div><div class="battle-history"><small>Meganium was badly poisoned!</small><br></div><div class="spacer battle-history"><br></div><div class="battle-history"><small>Meganium restored a little HP using its Leftovers!</small><br></div><div class="battle-history"><small>Meganium was hurt by poison!</small><br></div><div class="spacer battle-history"><br></div><h2 class="battle-history">Turn 6</h2><div class="spacer battle-history"><br></div><div class="battle-history">Spookyv 👻 withdrew Zygarde!<br></div><div class="battle-history">Spookyv 👻 sent out <strong>Ferrothorn</strong>!<br></div><div class="battle-history"><small>Pointed stones dug into the opposing Ferrothorn!</small><br></div><div class="spacer battle-history"><br></div><div class="battle-history">Meganium, come back!<br></div><div class="battle-history">Go! <strong>Heatran</strong>!<br></div><div class="battle-history"><small>Pointed stones dug into Heatran!</small><br></div><div class="spacer battle-history"><br></div><div class="battle-history"><small>The opposing Ferrothorn restored a little HP using its Leftovers!</small><br></div><div class="spacer battle-history"><br></div><h2 class="battle-history">Turn 7</h2><div class="spacer battle-history"><br></div><div class="battle-history">Spookyv 👻 withdrew Ferrothorn!<br></div><div class="battle-history">Spookyv 👻 sent out <strong>Zygarde</strong>!<br></div><div class="battle-history"><small>Pointed stones dug into the opposing Zygarde!</small><br></div><div class="battle-history"><small>[The opposing Zygarde's Aura Break]</small><br><small>The opposing Zygarde reversed all other Pokémon's auras!</small><br></div><div class="spacer battle-history"><br></div><div class="battle-history">Heatran used <strong>Flash Cannon</strong>!<br></div><div class="battle-history"><small>(The opposing Zygarde lost <abbr title="−165/357">46.2%</abbr> of its health!)</small><br></div><div class="spacer battle-history"><br></div><h2 class="battle-history">Turn 8</h2><div class="spacer battle-history"><br></div><div class="battle-history">Heatran, come back!<br></div><div class="battle-history">Go! <strong>Meganium</strong>!<br></div><div class="battle-history"><small>Pointed stones dug into Meganium!</small><br></div><div class="spacer battle-history"><br></div><div class="battle-history">The opposing Zygarde used <strong>Extreme Speed</strong>!<br></div><div class="battle-history"><small>(Meganium lost <abbr title="−93/364">25.5%</abbr> of its health!)</small><br></div><div class="spacer battle-history"><br></div><div class="battle-history"><small>Meganium restored a little HP using its Leftovers!</small><br></div><div class="battle-history"><small>Meganium was hurt by poison!</small><br></div><div class="spacer battle-history"><br></div><h2 class="battle-history">Turn 9</h2><div class="spacer battle-history"><br></div><div class="battle-history">The opposing Zygarde used <strong>Extreme Speed</strong>!<br></div><div class="battle-history"><small>(Meganium lost <abbr title="−92/364">25.3%</abbr> of its health!)</small><br></div><div class="spacer battle-history"><br></div><div class="battle-history">Meganium used <strong>Synthesis</strong>!<br></div><div class="battle-history"><small>Meganium restored its HP.</small><br></div><div class="spacer battle-history"><br></div><div class="battle-history"><small>Meganium restored a little HP using its Leftovers!</small><br></div><div class="battle-history"><small>Meganium was hurt by poison!</small><br></div><div class="spacer battle-history"><br></div><h2 class="battle-history">Turn 10</h2><div class="spacer battle-history"><br></div><div class="battle-history">Spookyv 👻 withdrew Zygarde!<br></div><div class="battle-history">Spookyv 👻 sent out Landorus (<strong>Landorus-Therian</strong>)!<br></div><div class="battle-history"><small>Pointed stones dug into the opposing Landorus!</small><br></div><div class="battle-history"><small>[The opposing Landorus's Intimidate]</small><br></div><div class="battle-history"><small>Meganium's Attack fell!</small><br></div><div class="spacer battle-history"><br></div><div class="battle-history">Meganium used <strong>Synthesis</strong>!<br></div><div class="battle-history"><small>Meganium restored its HP.</small><br></div><div class="spacer battle-history"><br></div><div class="battle-history"><small>Meganium was hurt by poison!</small><br></div><div class="spacer battle-history"><br></div><h2 class="battle-history">Turn 11</h2><div class="spacer battle-history"><br></div><div class="battle-history">Meganium, come back!<br></div><div class="battle-history">Go! Tornadus (<strong>Tornadus-Therian</strong>)!<br></div><div class="battle-history"><small>Pointed stones dug into Tornadus!</small><br></div><div class="spacer battle-history"><br></div><div class="battle-history">The opposing Landorus used <strong>U-turn</strong>!<br></div><div class="battle-history"><small>It's not very effective...</small><br></div><div class="battle-history"><small>A critical hit!</small><br></div><div class="battle-history"><small>(Tornadus lost <abbr title="−69/362">19.1%</abbr> of its health!)</small><br></div><div class="battle-history"><small>The opposing Landorus was hurt by the Rocky Helmet!</small><br></div><div class="spacer battle-history"><br></div><div class="battle-history">The opposing Landorus went back to Spookyv 👻!<br></div><div class="battle-history">Spookyv 👻 sent out <strong>Zapdos</strong>!<br></div><div class="battle-history"><small>Pointed stones dug into the opposing Zapdos!</small><br></div><div class="spacer battle-history"><br></div><div class="battle-history"><small>The opposing Zapdos restored a little HP using its Leftovers!</small><br></div><div class="spacer battle-history"><br></div><h2 class="battle-history">Turn 12</h2><div class="spacer battle-history"><br></div><div class="battle-history">Tornadus, come back!<br></div><div class="battle-history">Go! <strong>Zygarde</strong>!<br></div><div class="battle-history"><small>Pointed stones dug into Zygarde!</small><br></div><div class="battle-history"><small>[Zygarde's Aura Break]</small><br><small>Zygarde reversed all other Pokémon's auras!</small><br></div><div class="spacer battle-history"><br></div><div class="battle-history">Spookyv 👻 withdrew Zapdos!<br></div><div class="battle-history">Spookyv 👻 sent out <strong>Ferrothorn</strong>!<br></div><div class="battle-history"><small>Pointed stones dug into the opposing Ferrothorn!</small><br></div><div class="spacer battle-history"><br></div><div class="battle-history"><small>Zygarde restored a little HP using its Leftovers!</small><br></div><div class="battle-history"><small>The opposing Ferrothorn restored a little HP using its Leftovers!</small><br></div><div class="spacer battle-history"><br></div><h2 class="battle-history">Turn 13</h2><div class="spacer battle-history"><br></div><div class="battle-history">Zygarde used <strong>Substitute</strong>!<br></div><div class="battle-history"><small>Zygarde put in a substitute!</small><br></div><div class="battle-history"><small>(Zygarde lost <abbr title="−104/416">25%</abbr> of its health!)</small><br></div><div class="spacer battle-history"><br></div><div class="battle-history">The opposing Ferrothorn used <strong>Knock Off</strong>!<br></div><div class="battle-history"><small>A critical hit!</small><br></div><div class="battle-history"><small>The substitute took damage for Zygarde!</small><br></div><div class="spacer battle-history"><br></div><div class="battle-history"><small>Zygarde restored a little HP using its Leftovers!</small><br></div><div class="spacer battle-history"><br></div><h2 class="battle-history">Turn 14</h2><div class="spacer battle-history"><br></div><div class="battle-history">Zygarde used <strong>Dragon Dance</strong>!<br></div><div class="battle-history"><small>Zygarde's Attack rose!</small><br></div><div class="battle-history"><small>Zygarde's Speed rose!</small><br></div><div class="spacer battle-history"><br></div><div class="battle-history">The opposing Ferrothorn used <strong>Power Whip</strong>!<br></div><div class="battle-history"><small>Zygarde's substitute faded!</small><br></div><div class="spacer battle-history"><br></div><div class="battle-history"><small>Zygarde restored a little HP using its Leftovers!</small><br></div><div class="spacer battle-history"><br></div><h2 class="battle-history">Turn 15</h2><div class="spacer battle-history"><br></div><div class="battle-history">Spookyv 👻 withdrew Ferrothorn!<br></div><div class="battle-history">Spookyv 👻 sent out Landorus (<strong>Landorus-Therian</strong>)!<br></div><div class="battle-history"><small>Pointed stones dug into the opposing Landorus!</small><br></div><div class="battle-history"><small>[The opposing Landorus's Intimidate]</small><br></div><div class="battle-history"><small>Zygarde's Attack fell!</small><br></div><div class="spacer battle-history"><br></div><div class="battle-history">Zygarde used <strong>Substitute</strong>!<br></div><div class="battle-history"><small>Zygarde put in a substitute!</small><br></div><div class="battle-history"><small>(Zygarde lost <abbr title="−104/416">25%</abbr> of its health!)</small><br></div><div class="spacer battle-history"><br></div><div class="battle-history"><small>Zygarde restored a little HP using its Leftovers!</small><br></div><div class="spacer battle-history"><br></div><h2 class="battle-history">Turn 16</h2><div class="spacer battle-history"><br></div><div class="battle-history">Zygarde used <strong>Protect</strong>!<br></div><div class="battle-history"><small>Zygarde protected itself!</small><br></div><div class="spacer battle-history"><br></div><div class="battle-history">The opposing Landorus used <strong>U-turn</strong>!<br></div><div class="battle-history"><small>Zygarde protected itself!</small><br></div><div class="spacer battle-history"><br></div><div class="battle-history"><small>Zygarde restored a little HP using its Leftovers!</small><br></div><div class="spacer battle-history"><br></div><h2 class="battle-history">Turn 17</h2><div class="spacer battle-history"><br></div><div class="battle-history">The opposing Landorus used <strong>U-turn</strong>!<br></div><div class="battle-history"><small>The substitute took damage for Zygarde!</small><br></div><div class="spacer battle-history"><br></div><div class="battle-history">The opposing Landorus went back to Spookyv 👻!<br></div><div class="battle-history">Spookyv 👻 sent out <strong>Zygarde</strong>!<br></div><div class="battle-history"><small>Pointed stones dug into the opposing Zygarde!</small><br></div><div class="battle-history"><small>[The opposing Zygarde's Aura Break]</small><br><small>The opposing Zygarde reversed all other Pokémon's auras!</small><br></div><div class="spacer battle-history"><br></div><div class="battle-history">Zygarde used <strong>Dragon Dance</strong>!<br></div><div class="battle-history"><small>Zygarde's Attack rose!</small><br></div><div class="battle-history"><small>Zygarde's Speed rose!</small><br></div><div class="spacer battle-history"><br></div><div class="battle-history"><small>Zygarde restored a little HP using its Leftovers!</small><br></div><div class="spacer battle-history"><br></div><h2 class="battle-history">Turn 18</h2><div class="spacer battle-history"><br></div><div class="battle-history">Zygarde used <strong>Protect</strong>!<br></div><div class="battle-history"><small>Zygarde protected itself!</small><br></div><div class="spacer battle-history"><br></div><div class="battle-history">The opposing Zygarde used <strong>Extreme Speed</strong>!<br></div><div class="battle-history"><small>Zygarde protected itself!</small><br></div><div class="spacer battle-history"><br></div><div class="battle-history"><small>Zygarde restored a little HP using its Leftovers!</small><br></div><div class="spacer battle-history"><br></div><h2 class="battle-history">Turn 19</h2><div class="spacer battle-history"><br></div><div class="battle-history">The opposing Zygarde used <strong>Extreme Speed</strong>!<br></div><div class="battle-history"><small>Zygarde's substitute faded!</small><br></div><div class="spacer battle-history"><br></div><div class="battle-history">Zygarde used <strong>Dragon Dance</strong>!<br></div><div class="battle-history"><small>Zygarde's Attack rose!</small><br></div><div class="battle-history"><small>Zygarde's Speed rose!</small><br></div><div class="spacer battle-history"><br></div><div class="battle-history"><small>Zygarde restored a little HP using its Leftovers!</small><br></div><div class="spacer battle-history"><br></div><h2 class="battle-history">Turn 20</h2><div class="spacer battle-history"><br></div><div class="battle-history">Zygarde used <strong>Protect</strong>!<br></div><div class="battle-history"><small>Zygarde protected itself!</small><br></div><div class="spacer battle-history"><br></div><div class="battle-history">The opposing Zygarde used <strong>Extreme Speed</strong>!<br></div><div class="battle-history"><small>Zygarde protected itself!</small><br></div><div class="spacer battle-history"><br></div><div class="battle-history"><small>Zygarde restored a little HP using its Leftovers!</small><br></div><div class="spacer battle-history"><br></div><h2 class="battle-history">Turn 21</h2><div class="spacer battle-history"><br></div><div class="battle-history">The opposing Zygarde used <strong>Extreme Speed</strong>!<br></div><div class="battle-history"><small>(Zygarde lost <abbr title="−109/416">26.2%</abbr> of its health!)</small><br></div><div class="spacer battle-history"><br></div><div class="battle-history">Zygarde used <strong>Thousand Arrows</strong>!<br></div><div class="battle-history"><small>A critical hit!</small><br></div><div class="battle-history"><small>(The opposing Zygarde lost <abbr title="−148/357">41.5%</abbr> of its health!)</small><br></div><div class="spacer battle-history"><br></div><div class="battle-history">The opposing Zygarde fainted!<br></div><div class="spacer battle-history"><br></div><div class="battle-history"><small>Zygarde restored a little HP using its Leftovers!</small><br></div><div class="spacer battle-history"><br></div><div class="battle-history">Spookyv 👻 sent out Landorus (<strong>Landorus-Therian</strong>)!<br></div><div class="battle-history"><small>Pointed stones dug into the opposing Landorus!</small><br></div><div class="battle-history"><small>[The opposing Landorus's Intimidate]</small><br></div><div class="battle-history"><small>Zygarde's Attack fell!</small><br></div><div class="spacer battle-history"><br></div><h2 class="battle-history">Turn 22</h2><div class="spacer battle-history"><br></div><div class="battle-history">Spookyv 👻 withdrew Landorus!<br></div><div class="battle-history">Spookyv 👻 sent out <strong>Ferrothorn</strong>!<br></div><div class="battle-history"><small>Pointed stones dug into the opposing Ferrothorn!</small><br></div><div class="spacer battle-history"><br></div><div class="battle-history">Zygarde used <strong>Protect</strong>!<br></div><div class="battle-history"><small>But it failed!</small><br></div><div class="spacer battle-history"><br></div><div class="battle-history"><small>Zygarde restored a little HP using its Leftovers!</small><br></div><div class="battle-history"><small>The opposing Ferrothorn restored a little HP using its Leftovers!</small><br></div><div class="spacer battle-history"><br></div><h2 class="battle-history">Turn 23</h2><div class="spacer battle-history"><br></div><div class="battle-history">Zygarde used <strong>Substitute</strong>!<br></div><div class="battle-history"><small>Zygarde put in a substitute!</small><br></div><div class="battle-history"><small>(Zygarde lost <abbr title="−104/416">25%</abbr> of its health!)</small><br></div><div class="spacer battle-history"><br></div><div class="battle-history">The opposing Ferrothorn used <strong>Power Whip</strong>!<br></div><div class="battle-history"><small>Zygarde avoided the attack!</small><br></div><div class="spacer battle-history"><br></div><div class="battle-history"><small>Zygarde restored a little HP using its Leftovers!</small><br></div><div class="spacer battle-history"><br></div><h2 class="battle-history">Turn 24</h2><div class="spacer battle-history"><br></div><div class="battle-history">Zygarde used <strong>Protect</strong>!<br></div><div class="battle-history"><small>Zygarde protected itself!</small><br></div><div class="spacer battle-history"><br></div><div class="battle-history">The opposing Ferrothorn used <strong>Power Whip</strong>!<br></div><div class="battle-history"><small>Zygarde protected itself!</small><br></div><div class="spacer battle-history"><br></div><div class="battle-history"><small>Zygarde restored a little HP using its Leftovers!</small><br></div><div class="spacer battle-history"><br></div><h2 class="battle-history">Turn 25</h2><div class="spacer battle-history"><br></div><div class="battle-history">Zygarde used <strong>Dragon Dance</strong>!<br></div><div class="battle-history"><small>Zygarde's Attack rose!</small><br></div><div class="battle-history"><small>Zygarde's Speed rose!</small><br></div><div class="spacer battle-history"><br></div><div class="battle-history">The opposing Ferrothorn used <strong>Power Whip</strong>!<br></div><div class="battle-history"><small>Zygarde's substitute faded!</small><br></div><div class="spacer battle-history"><br></div><div class="battle-history"><small>Zygarde restored a little HP using its Leftovers!</small><br></div><div class="spacer battle-history"><br></div><h2 class="battle-history">Turn 26</h2><div class="spacer battle-history"><br></div><div class="battle-history">Zygarde used <strong>Substitute</strong>!<br></div><div class="battle-history"><small>Zygarde put in a substitute!</small><br></div><div class="battle-history"><small>(Zygarde lost <abbr title="−104/416">25%</abbr> of its health!)</small><br></div><div class="spacer battle-history"><br></div><div class="battle-history">The opposing Ferrothorn used <strong>Power Whip</strong>!<br></div><div class="battle-history"><small>Zygarde's substitute faded!</small><br></div><div class="spacer battle-history"><br></div><div class="battle-history"><small>Zygarde restored a little HP using its Leftovers!</small><br></div><div class="spacer battle-history"><br></div><h2 class="battle-history">Turn 27</h2><div class="spacer battle-history"><br></div><div class="battle-history">Zygarde used <strong>Protect</strong>!<br></div><div class="battle-history"><small>Zygarde protected itself!</small><br></div><div class="spacer battle-history"><br></div><div class="battle-history">The opposing Ferrothorn used <strong>Power Whip</strong>!<br></div><div class="battle-history"><small>Zygarde protected itself!</small><br></div><div class="spacer battle-history"><br></div><div class="battle-history"><small>Zygarde restored a little HP using its Leftovers!</small><br></div><div class="spacer battle-history"><br></div><h2 class="battle-history">Turn 28</h2><div class="spacer battle-history"><br></div><div class="battle-history">Zygarde used <strong>Substitute</strong>!<br></div><div class="battle-history"><small>Zygarde put in a substitute!</small><br></div><div class="battle-history"><small>(Zygarde lost <abbr title="−104/416">25%</abbr> of its health!)</small><br></div><div class="spacer battle-history"><br></div><div class="battle-history">The opposing Ferrothorn used <strong>Power Whip</strong>!<br></div><div class="battle-history"><small>Zygarde's substitute faded!</small><br></div><div class="spacer battle-history"><br></div><div class="battle-history"><small>Zygarde restored a little HP using its Leftovers!</small><br></div><div class="spacer battle-history"><br></div><h2 class="battle-history">Turn 29</h2><div class="spacer battle-history"><br></div><div class="battle-history">Spookyv 👻 withdrew Ferrothorn!<br></div><div class="battle-history">Spookyv 👻 sent out Landorus (<strong>Landorus-Therian</strong>)!<br></div><div class="battle-history"><small>Pointed stones dug into the opposing Landorus!</small><br></div><div class="battle-history"><small>[The opposing Landorus's Intimidate]</small><br></div><div class="battle-history"><small>Zygarde's Attack fell!</small><br></div><div class="spacer battle-history"><br></div><div class="battle-history">Zygarde used <strong>Protect</strong>!<br></div><div class="battle-history"><small>But it failed!</small><br></div><div class="spacer battle-history"><br></div><div class="battle-history"><small>Zygarde restored a little HP using its Leftovers!</small><br></div><div class="spacer battle-history"><br></div><h2 class="battle-history">Turn 30</h2><div class="spacer battle-history"><br></div><div class="battle-history">Zygarde used <strong>Protect</strong>!<br></div><div class="battle-history"><small>Zygarde protected itself!</small><br></div><div class="spacer battle-history"><br></div><div class="battle-history">The opposing Landorus used <strong>Hidden Power</strong>!<br></div><div class="battle-history"><small>Zygarde protected itself!</small><br></div><div class="spacer battle-history"><br></div><div class="battle-history"><small>Zygarde restored a little HP using its Leftovers!</small><br></div><div class="spacer battle-history"><br></div><h2 class="battle-history">Turn 31</h2><div class="spacer battle-history"><br></div><div class="battle-history">Zygarde used <strong>Thousand Arrows</strong>!<br></div><div class="battle-history"><small>(The opposing Landorus lost <abbr title="−61/353">17.3%</abbr> of its health!)</small><br></div><div class="spacer battle-history"><br></div><div class="battle-history">The opposing Landorus fainted!<br></div><div class="spacer battle-history"><br></div><div class="battle-history"><small>Zygarde restored a little HP using its Leftovers!</small><br></div><div class="spacer battle-history"><br></div><div class="battle-history">Spookyv 👻 sent out <strong>Clefable</strong>!<br></div><div class="spacer battle-history"><br></div><h2 class="battle-history">Turn 32</h2><div class="spacer battle-history"><br></div><div class="battle-history">Zygarde, come back!<br></div><div class="battle-history">Go! <strong>Heatran</strong>!<br></div><div class="battle-history"><small>Pointed stones dug into Heatran!</small><br></div><div class="spacer battle-history"><br></div><div class="battle-history">The opposing Clefable used <strong>Moonblast</strong>!<br></div><div class="battle-history"><small>It's not very effective...</small><br></div><div class="battle-history"><small>(Heatran lost <abbr title="−23/323">7.1%</abbr> of its health!)</small><br></div><div class="spacer battle-history"><br></div><h2 class="battle-history">Turn 33</h2><div class="spacer battle-history"><br></div><div class="battle-history">Heatran used <strong>Earth Power</strong>!<br></div><div class="battle-history"><small>(The opposing Clefable lost <abbr title="−123/394">31.2%</abbr> of its health!)</small><br></div><div class="spacer battle-history"><br></div><div class="battle-history">The opposing Clefable used <strong>Calm Mind</strong>!<br></div><div class="battle-history"><small>The opposing Clefable's Special Attack rose!</small><br></div><div class="battle-history"><small>The opposing Clefable's Special Defense rose!</small><br></div><div class="spacer battle-history"><br></div><div class="battle-history"><small>The opposing Clefable restored a little HP using its Leftovers!</small><br></div><div class="spacer battle-history"><br></div><h2 class="battle-history">Turn 34</h2><div class="spacer battle-history"><br></div><div class="battle-history">Spookyv 👻 withdrew Clefable!<br></div><div class="battle-history">Spookyv 👻 sent out <strong>Zapdos</strong>!<br></div><div class="battle-history"><small>Pointed stones dug into the opposing Zapdos!</small><br></div><div class="battle-history"><small>Heatran surrounded itself with its Z-Power!</small><br></div><div class="spacer battle-history"><br></div><div class="battle-history">Heatran used <strong>Corkscrew Crash</strong>!<br></div><div class="battle-history"><small>It's not very effective...</small><br></div><div class="battle-history"><small>(The opposing Zapdos lost <abbr title="−170/383">44.4%</abbr> of its health!)</small><br></div><div class="spacer battle-history"><br></div><div class="battle-history"><small>The opposing Zapdos restored a little HP using its Leftovers!</small><br></div><div class="spacer battle-history"><br></div><h2 class="battle-history">Turn 35</h2><div class="spacer battle-history"><br></div><div class="battle-history">Heatran, come back!<br></div><div class="battle-history">Go! <strong>Zygarde</strong>!<br></div><div class="battle-history"><small>Pointed stones dug into Zygarde!</small><br></div><div class="battle-history"><small>[Zygarde's Aura Break]</small><br><small>Zygarde reversed all other Pokémon's auras!</small><br></div><div class="spacer battle-history"><br></div><div class="battle-history">The opposing Zapdos used <strong>Roost</strong>!<br></div><div class="battle-history"><small>The opposing Zapdos restored its HP.</small><br></div><div class="spacer battle-history"><br></div><div class="battle-history"><small>Zygarde restored a little HP using its Leftovers!</small><br></div><div class="battle-history"><small>The opposing Zapdos restored a little HP using its Leftovers!</small><br></div><div class="spacer battle-history"><br></div><h2 class="battle-history">Turn 36</h2><div class="spacer battle-history"><br></div><div class="battle-history">Zygarde used <strong>Dragon Dance</strong>!<br></div><div class="battle-history"><small>Zygarde's Attack rose!</small><br></div><div class="battle-history"><small>Zygarde's Speed rose!</small><br></div><div class="spacer battle-history"><br></div><div class="battle-history">The opposing Zapdos used <strong>Hidden Power</strong>!<br></div><div class="battle-history"><small>It's super effective!</small><br></div><div class="battle-history"><small>(Zygarde lost <abbr title="−200/416">48.1%</abbr> of its health!)</small><br></div><div class="spacer battle-history"><br></div><div class="battle-history"><small>Zygarde restored a little HP using its Leftovers!</small><br></div><div class="battle-history"><small>The opposing Zapdos restored a little HP using its Leftovers!</small><br></div><div class="spacer battle-history"><br></div><h2 class="battle-history">Turn 37</h2><div class="chat chatmessage-grardway"><strong style="color:hsl(23,56%,44%)"><small>☆</small><span class="username" data-name="Gеrard Way">Gеrard Way</span>:</strong> <em>lol</em></div><div class="spacer battle-history"><br></div><div class="battle-history">Spookyv 👻 withdrew Zapdos!<br></div><div class="battle-history">Spookyv 👻 sent out <strong>Ferrothorn</strong>!<br></div><div class="battle-history"><small>Pointed stones dug into the opposing Ferrothorn!</small><br></div><div class="spacer battle-history"><br></div><div class="battle-history">Zygarde used <strong>Thousand Arrows</strong>!<br></div><div class="battle-history"><small>(The opposing Ferrothorn lost <abbr title="−114/352">32.4%</abbr> of its health!)</small><br></div><div class="spacer battle-history"><br></div><div class="battle-history"><small>Zygarde restored a little HP using its Leftovers!</small><br></div><div class="battle-history"><small>The opposing Ferrothorn restored a little HP using its Leftovers!</small><br></div><div class="spacer battle-history"><br></div><h2 class="battle-history">Turn 38</h2><div class="spacer battle-history"><br></div><div class="battle-history">Zygarde used <strong>Protect</strong>!<br></div><div class="battle-history"><small>Zygarde protected itself!</small><br></div><div class="spacer battle-history"><br></div><div class="battle-history">The opposing Ferrothorn used <strong>Power Whip</strong>!<br></div><div class="battle-history"><small>Zygarde protected itself!</small><br></div><div class="spacer battle-history"><br></div><div class="battle-history"><small>Zygarde restored a little HP using its Leftovers!</small><br></div><div class="battle-history"><small>The opposing Ferrothorn restored a little HP using its Leftovers!</small><br></div><div class="spacer battle-history"><br></div><h2 class="battle-history">Turn 39</h2><div class="spacer battle-history"><br></div><div class="battle-history">Zygarde used <strong>Dragon Dance</strong>!<br></div><div class="battle-history"><small>Zygarde's Attack rose!</small><br></div><div class="battle-history"><small>Zygarde's Speed rose!</small><br></div><div class="spacer battle-history"><br></div><div class="battle-history">The opposing Ferrothorn used <strong>Power Whip</strong>!<br></div><div class="battle-history"><small>(Zygarde lost <abbr title="−123/416">29.6%</abbr> of its health!)</small><br></div><div class="spacer battle-history"><br></div><div class="battle-history"><small>Zygarde restored a little HP using its Leftovers!</small><br></div><div class="battle-history"><small>The opposing Ferrothorn restored a little HP using its Leftovers!</small><br></div><div class="spacer battle-history"><br></div><h2 class="battle-history">Turn 40</h2><div class="spacer battle-history"><br></div><div class="battle-history">Zygarde used <strong>Protect</strong>!<br></div><div class="battle-history"><small>Zygarde protected itself!</small><br></div><div class="spacer battle-history"><br></div><div class="battle-history">The opposing Ferrothorn used <strong>Power Whip</strong>!<br></div><div class="battle-history"><small>Zygarde protected itself!</small><br></div><div class="spacer battle-history"><br></div><div class="battle-history"><small>Zygarde restored a little HP using its Leftovers!</small><br></div><div class="battle-history"><small>The opposing Ferrothorn restored a little HP using its Leftovers!</small><br></div><div class="spacer battle-history"><br></div><h2 class="battle-history">Turn 41</h2><div class="spacer battle-history"><br></div><div class="battle-history">Zygarde used <strong>Thousand Arrows</strong>!<br></div><div class="battle-history"><small>(The opposing Ferrothorn lost <abbr title="−150/352">42.6%</abbr> of its health!)</small><br></div><div class="spacer battle-history"><br></div><div class="battle-history">The opposing Ferrothorn used <strong>Power Whip</strong>!<br></div><div class="battle-history"><small>(Zygarde lost <abbr title="−88/416">21.2%</abbr> of its health!)</small><br></div><div class="spacer battle-history"><br></div><div class="battle-history">Zygarde fainted!<br></div><div class="spacer battle-history"><br></div><div class="battle-history"><small>The opposing Ferrothorn restored a little HP using its Leftovers!</small><br></div><div class="spacer battle-history"><br></div><div class="battle-history">Go! <strong>Heatran</strong>!<br></div><div class="battle-history"><small>Pointed stones dug into Heatran!</small><br></div><div class="spacer battle-history"><br></div><h2 class="battle-history">Turn 42</h2><div class="spacer battle-history"><br></div><div class="battle-history">Spookyv 👻 withdrew Ferrothorn!<br></div><div class="battle-history">Spookyv 👻 sent out <strong>Heatran</strong>!<br></div><div class="battle-history"><small>Pointed stones dug into the opposing Heatran!</small><br></div><div class="spacer battle-history"><br></div><div class="battle-history">Heatran used <strong>Earth Power</strong>!<br></div><div class="battle-history"><small>It's super effective!</small><br></div><div class="battle-history"><small>(The opposing Heatran lost <abbr title="−337/385">87.5%</abbr> of its health!)</small><br></div><div class="spacer battle-history"><br></div><div class="battle-history">The opposing Heatran fainted!<br></div><div class="spacer battle-history"><br></div><div class="battle-history">Spookyv 👻 sent out <strong>Zapdos</strong>!<br></div><div class="battle-history"><small>Pointed stones dug into the opposing Zapdos!</small><br></div><div class="spacer battle-history"><br></div><h2 class="battle-history">Turn 43</h2><div class="spacer battle-history"><br></div><div class="battle-history">Heatran, come back!<br></div><div class="battle-history">Go! <strong>Sylveon</strong>!<br></div><div class="battle-history"><small>Pointed stones dug into Sylveon!</small><br></div><div class="spacer battle-history"><br></div><div class="battle-history">The opposing Zapdos used <strong>Roost</strong>!<br></div><div class="battle-history"><small>The opposing Zapdos restored its HP.</small><br></div><div class="spacer battle-history"><br></div><div class="battle-history"><small>Sylveon restored a little HP using its Leftovers!</small><br></div><div class="spacer battle-history"><br></div><h2 class="battle-history">Turn 44</h2><div class="spacer battle-history"><br></div><div class="battle-history">The opposing Zapdos used <strong>Discharge</strong>!<br></div><div class="battle-history"><small>(Sylveon lost <abbr title="−85/394">21.6%</abbr> of its health!)</small><br></div><div class="spacer battle-history"><br></div><div class="battle-history">Sylveon used <strong>Wish</strong>!<br></div><div class="spacer battle-history"><br></div><div class="battle-history"><small>Sylveon restored a little HP using its Leftovers!</small><br></div><div class="spacer battle-history"><br></div><h2 class="battle-history">Turn 45</h2><div class="spacer battle-history"><br></div><div class="battle-history">The opposing Zapdos used <strong>Discharge</strong>!<br></div><div class="battle-history"><small>(Sylveon lost <abbr title="−93/394">23.6%</abbr> of its health!)</small><br></div><div class="spacer battle-history"><br></div><div class="battle-history">Sylveon used <strong>Heal Bell</strong>!<br></div><div class="battle-history"><small>A bell chimed!</small><br></div><div class="battle-history"><small>Meganium was cured of its poisoning.</small><br></div><div class="spacer battle-history"><br></div><div class="battle-history"><small>Sylveon's wish came true!</small><br></div><div class="spacer battle-history"><br></div><h2 class="battle-history">Turn 46</h2><div class="spacer battle-history"><br></div><div class="battle-history">Sylveon, come back!<br></div><div class="battle-history">Go! Gastrodon (<strong>Gastrodon-East</strong>)!<br></div><div class="battle-history"><small>Pointed stones dug into Gastrodon!</small><br></div><div class="spacer battle-history"><br></div><div class="battle-history">The opposing Zapdos used <strong>Discharge</strong>!<br></div><div class="battle-history"><small>It doesn't affect Gastrodon...</small><br></div><div class="spacer battle-history"><br></div><div class="battle-history"><small>Gastrodon restored a little HP using its Leftovers!</small><br></div><div class="spacer battle-history"><br></div><h2 class="battle-history">Turn 47</h2><div class="spacer battle-history"><br></div><div class="battle-history">Spookyv 👻 withdrew Zapdos!<br></div><div class="battle-history">Spookyv 👻 sent out <strong>Clefable</strong>!<br></div><div class="spacer battle-history"><br></div><div class="battle-history">Gastrodon used <strong>Toxic</strong>!<br></div><div class="battle-history"><small>The opposing Clefable was badly poisoned!</small><br></div><div class="spacer battle-history"><br></div><div class="battle-history"><small>The opposing Clefable restored a little HP using its Leftovers!</small><br></div><div class="spacer battle-history"><br></div><h2 class="battle-history">Turn 48</h2><div class="spacer battle-history"><br></div><div class="battle-history">Gastrodon, come back!<br></div><div class="battle-history">Go! <strong>Heatran</strong>!<br></div><div class="battle-history"><small>Pointed stones dug into Heatran!</small><br></div><div class="spacer battle-history"><br></div><div class="battle-history">The opposing Clefable used <strong>Calm Mind</strong>!<br></div><div class="battle-history"><small>The opposing Clefable's Special Attack rose!</small><br></div><div class="battle-history"><small>The opposing Clefable's Special Defense rose!</small><br></div><div class="spacer battle-history"><br></div><div class="battle-history"><small>The opposing Clefable restored a little HP using its Leftovers!</small><br></div><div class="spacer battle-history"><br></div><h2 class="battle-history">Turn 49</h2><div class="spacer battle-history"><br></div><div class="battle-history">Heatran used <strong>Flash Cannon</strong>!<br></div><div class="battle-history"><small>It's super effective!</small><br></div><div class="battle-history"><small>(The opposing Clefable lost <abbr title="−234/394">59.4%</abbr> of its health!)</small><br></div><div class="spacer battle-history"><br></div><div class="battle-history">The opposing Clefable used <strong>Calm Mind</strong>!<br></div><div class="battle-history"><small>The opposing Clefable's Special Attack rose!</small><br></div><div class="battle-history"><small>The opposing Clefable's Special Defense rose!</small><br></div><div class="spacer battle-history"><br></div><div class="battle-history"><small>The opposing Clefable restored a little HP using its Leftovers!</small><br></div><div class="spacer battle-history"><br></div><h2 class="battle-history">Turn 50</h2><div class="spacer battle-history"><br></div><div class="battle-history">Heatran used <strong>Flash Cannon</strong>!<br></div><div class="battle-history"><small>It's super effective!</small><br></div><div class="battle-history"><small>(The opposing Clefable lost <abbr title="−133/394">33.8%</abbr> of its health!)</small><br></div><div class="spacer battle-history"><br></div><div class="battle-history">The opposing Clefable fainted!<br></div><div class="chat chatmessage-grardway"><strong style="color:hsl(23,56%,44%)"><small>☆</small><span class="username" data-name="Gеrard Way">Gеrard Way</span>:</strong> <em>gg</em></div><div class="chat chatmessage-spookyv"><strong style="color:hsl(319,87%,49%)"><small>☆</small><span class="username" data-name="Spookyv 👻">Spookyv 👻</span>:</strong> <em>gg</em></div><div class="spacer battle-history"><br></div><div class="battle-history">Spookyv 👻 sent out <strong>Zapdos</strong>!<br></div><div class="battle-history"><small>Pointed stones dug into the opposing Zapdos!</small><br></div><div class="spacer battle-history"><br></div><h2 class="battle-history">Turn 51</h2><div class="spacer battle-history"><br></div><div class="battle-history">Heatran, come back!<br></div><div class="battle-history">Go! <strong>Sylveon</strong>!<br></div><div class="battle-history"><small>Pointed stones dug into Sylveon!</small><br></div><div class="spacer battle-history"><br></div><div class="battle-history">The opposing Zapdos used <strong>Discharge</strong>!<br></div><div class="battle-history"><small>(Sylveon lost <abbr title="−90/394">22.8%</abbr> of its health!)</small><br></div><div class="spacer battle-history"><br></div><div class="battle-history"><small>The opposing Zapdos restored a little HP using its Leftovers!</small><br></div><div class="battle-history"><small>Sylveon restored a little HP using its Leftovers!</small><br></div><div class="spacer battle-history"><br></div><h2 class="battle-history">Turn 52</h2><div class="spacer battle-history"><br></div><div class="battle-history">The opposing Zapdos used <strong>Discharge</strong>!<br></div><div class="battle-history"><small>(Sylveon lost <abbr title="−99/394">25.1%</abbr> of its health!)</small><br></div><div class="spacer battle-history"><br></div><div class="battle-history">Sylveon used <strong>Wish</strong>!<br></div><div class="spacer battle-history"><br></div><div class="battle-history"><small>The opposing Zapdos restored a little HP using its Leftovers!</small><br></div><div class="battle-history"><small>Sylveon restored a little HP using its Leftovers!</small><br></div><div class="spacer battle-history"><br></div><h2 class="battle-history">Turn 53</h2><div class="spacer battle-history"><br></div><div class="battle-history">Spookyv 👻 withdrew Zapdos!<br></div><div class="battle-history">Spookyv 👻 sent out <strong>Ferrothorn</strong>!<br></div><div class="battle-history"><small>Pointed stones dug into the opposing Ferrothorn!</small><br></div><div class="spacer battle-history"><br></div><div class="battle-history">Sylveon used <strong>Hyper Voice</strong>!<br></div><div class="battle-history"><small>It's not very effective...</small><br></div><div class="battle-history"><small>(The opposing Ferrothorn lost <abbr title="−45/352">12.8%</abbr> of its health!)</small><br></div><div class="spacer battle-history"><br></div><div class="battle-history"><small>Sylveon's wish came true!</small><br></div><div class="battle-history"><small>The opposing Ferrothorn restored a little HP using its Leftovers!</small><br></div><div class="spacer battle-history"><br></div><h2 class="battle-history">Turn 54</h2><div class="spacer battle-history"><br></div><div class="battle-history">Sylveon used <strong>Wish</strong>!<br></div><div class="spacer battle-history"><br></div><div class="battle-history">The opposing Ferrothorn used <strong>Leech Seed</strong>!<br></div><div class="battle-history"><small>Sylveon was seeded!</small><br></div><div class="spacer battle-history"><br></div><div class="battle-history"><small>The opposing Ferrothorn restored a little HP using its Leftovers!</small><br></div><div class="battle-history"><small>Sylveon's health is sapped by Leech Seed!</small><br></div><div class="spacer battle-history"><br></div><h2 class="battle-history">Turn 55</h2><div class="spacer battle-history"><br></div><div class="battle-history">Sylveon, come back!<br></div><div class="battle-history">Go! <strong>Heatran</strong>!<br></div><div class="battle-history"><small>Pointed stones dug into Heatran!</small><br></div><div class="spacer battle-history"><br></div><div class="battle-history">The opposing Ferrothorn used <strong>Leech Seed</strong>!<br></div><div class="battle-history"><small>Heatran was seeded!</small><br></div><div class="spacer battle-history"><br></div><div class="battle-history"><small>Sylveon's wish came true!</small><br></div><div class="battle-history"><small>The opposing Ferrothorn restored a little HP using its Leftovers!</small><br></div><div class="battle-history"><small>Heatran's health is sapped by Leech Seed!</small><br></div><div class="spacer battle-history"><br></div><h2 class="battle-history">Turn 56</h2><div class="spacer battle-history"><br></div><div class="battle-history">Spookyv 👻 withdrew Ferrothorn!<br></div><div class="battle-history">Spookyv 👻 sent out <strong>Zapdos</strong>!<br></div><div class="battle-history"><small>Pointed stones dug into the opposing Zapdos!</small><br></div><div class="spacer battle-history"><br></div><div class="battle-history">Heatran used <strong>Lava Plume</strong>!<br></div><div class="battle-history"><small>(The opposing Zapdos lost <abbr title="−181/383">47.3%</abbr> of its health!)</small><br></div><div class="spacer battle-history"><br></div><div class="battle-history"><small>The opposing Zapdos restored a little HP using its Leftovers!</small><br></div><div class="battle-history"><small>Heatran's health is sapped by Leech Seed!</small><br></div><div class="spacer battle-history"><br></div><h2 class="battle-history">Turn 57</h2><div class="spacer battle-history"><br></div><div class="battle-history">Heatran used <strong>Lava Plume</strong>!<br></div><div class="battle-history"><small>A critical hit!</small><br></div><div class="battle-history"><small>(The opposing Zapdos lost <abbr title="−121/383">31.6%</abbr> of its health!)</small><br></div><div class="spacer battle-history"><br></div><div class="battle-history">The opposing Zapdos fainted!<br></div><div class="spacer battle-history"><br></div><div class="battle-history">Spookyv 👻 sent out <strong>Ferrothorn</strong>!<br></div><div class="battle-history"><small>Pointed stones dug into the opposing Ferrothorn!</small><br></div><div class="spacer battle-history"><br></div><h2 class="battle-history">Turn 58</h2><div class="spacer battle-history"><br></div><div class="battle-history">Heatran used <strong>Lava Plume</strong>!<br></div><div class="battle-history"><small>It's super effective!</small><br></div><div class="battle-history"><small>(The opposing Ferrothorn lost <abbr title="−242/352">68.8%</abbr> of its health!)</small><br></div><div class="spacer battle-history"><br></div><div class="battle-history">The opposing Ferrothorn fainted!<br></div><div class="spacer battle-history"><br></div><div class="battle-history"><strong>Gеrard Way</strong> won the battle!<br></div></div><div class="inner-preempt"></div></div></div>
</div>
<script>
let daily = Math.floor(Date.now()/1000/60/60/24);document.write('<script src="https://play.pokemonshowdown.com/js/replay-embed.js?version'+daily+'"></'+'script>');
</script>
