<!DOCTYPE html>
<meta charset="utf-8" />
<!-- version 1 -->
<title>OU replay: Joalza vs. ElTioDeJohan</title>
<style>
html,body {font-family:Verdana, sans-serif;font-size:10pt;margin:0;padding:0;}body{padding:12px 0;} .battle-log {font-family:Verdana, sans-serif;font-size:10pt;} .battle-log-inline {border:1px solid #AAAAAA;background:#EEF2F5;color:black;max-width:640px;margin:0 auto 80px;padding-bottom:5px;} .battle-log .inner {padding:4px 8px 0px 8px;} .battle-log .inner-preempt {padding:0 8px 4px 8px;} .battle-log .inner-after {margin-top:0.5em;} .battle-log h2 {margin:0.5em -8px;padding:4px 8px;border:1px solid #AAAAAA;background:#E0E7EA;border-left:0;border-right:0;font-family:Verdana, sans-serif;font-size:13pt;} .battle-log .chat {vertical-align:middle;padding:3px 0 3px 0;font-size:8pt;} .battle-log .chat strong {color:#40576A;} .battle-log .chat em {padding:1px 4px 1px 3px;color:#000000;font-style:normal;} .chat.mine {background:rgba(0,0,0,0.05);margin-left:-8px;margin-right:-8px;padding-left:8px;padding-right:8px;} .spoiler {color:#BBBBBB;background:#BBBBBB;padding:0px 3px;} .spoiler:hover, .spoiler:active, .spoiler-shown {color:#000000;background:#E2E2E2;padding:0px 3px;} .spoiler a {color:#BBBBBB;} .spoiler:hover a, .spoiler:active a, .spoiler-shown a {color:#2288CC;} .chat code, .chat .spoiler:hover code, .chat .spoiler:active code, .chat .spoiler-shown code {border:1px solid #C0C0C0;background:#EEEEEE;color:black;padding:0 2px;} .chat .spoiler code {border:1px solid #CCCCCC;background:#CCCCCC;color:#CCCCCC;} .battle-log .rated {padding:3px 4px;} .battle-log .rated strong {color:white;background:#89A;padding:1px 4px;border-radius:4px;} .spacer {margin-top:0.5em;} .message-announce {background:#6688AA;color:white;padding:1px 4px 2px;} .message-announce a, .broadcast-green a, .broadcast-blue a, .broadcast-red a {color:#DDEEFF;} .broadcast-green {background-color:#559955;color:white;padding:2px 4px;} .broadcast-blue {background-color:#6688AA;color:white;padding:2px 4px;} .infobox {border:1px solid #6688AA;padding:2px 4px;} .infobox-limited {max-height:200px;overflow:auto;overflow-x:hidden;} .broadcast-red {background-color:#AA5544;color:white;padding:2px 4px;} .message-learn-canlearn {font-weight:bold;color:#228822;text-decoration:underline;} .message-learn-cannotlearn {font-weight:bold;color:#CC2222;text-decoration:underline;} .message-effect-weak {font-weight:bold;color:#CC2222;} .message-effect-resist {font-weight:bold;color:#6688AA;} .message-effect-immune {font-weight:bold;color:#666666;} .message-learn-list {margin-top:0;margin-bottom:0;} .message-throttle-notice, .message-error {color:#992222;} .message-overflow, .chat small.message-overflow {font-size:0pt;} .message-overflow::before {font-size:9pt;content:'...';} .subtle {color:#3A4A66;}
</style>
<div class="wrapper replay-wrapper" style="max-width:1180px;margin:0 auto">
<input type="hidden" name="replayid" value="destiny-ou-468875" />
<div class="battle"></div><div class="battle-log"></div><div class="replay-controls"></div><div class="replay-controls-2"></div>
<h1 style="font-weight:normal;text-align:center"><strong>OU</strong><br /><a href="http://pokemonshowdown.com/users/joalza" class="subtle" target="_blank">Joalza</a> vs. <a href="http://pokemonshowdown.com/users/eltiodejohan" class="subtle" target="_blank">ElTioDeJohan</a></h1>
<script type="text/plain" class="battle-log-data">|player|p1|Joalza|168
|teamsize|p1|6
|player|p2|ElTioDeJohan|eltiodejohan.gif?24d1248a
|teamsize|p2|6
|teamsize|p1|6
|teamsize|p2|6
|gametype|singles
|gen|7
|tier|OU
|rated
|seed|16210,7469,63657,29461
|rule|Cláusula-Mod de Dormir: solo puedes dormir a uno de tus oponentes a la vez.
|rule|Cláusula de Especie: Hasta un Pokémon de cada especie
|rule|Cláusula de Golpe Fulminante: los movimientos fulminantes (OHKO) estan prohibidos
|rule|Cláusula de Veleta: la habilidad Veleta está prohibida
|rule|Cláusula de Movimientos Evasivos: los movimientos de Evasión están prohibidos.
|rule|Cláusula de Batallas Eternas: forzar batallas eternas está prohibido
|clearpoke
|poke|p1|Hoopa-Unbound|item
|poke|p1|Scizor, F|item
|poke|p1|Zygarde|item
|poke|p1|Toxapex, F|item
|poke|p1|Clefable, M|item
|poke|p1|Chansey, F|item
|poke|p2|Medicham, M|item
|poke|p2|Magearna|item
|poke|p2|Latios, M|item
|poke|p2|Landorus-Therian, M|item
|poke|p2|Greninja, M|item
|poke|p2|Volcarona, F|item
|teampreview|undefined
|choice|*|*team 423156
|inactive|Reloj de batalla ENCENDIDO. El jugador inactivo será descalificado (solicitado por ElTioDeJohan).
|choice|*team 321456|*
|choice|team 3, 2, 1, 4, 5, 6|team 4, 2, 3, 1, 5, 6
|
|start
|switch|p1a: Zygarde|Zygarde|397\/397
|switch|p2a: Landorus|Landorus-Therian, M|370\/370
|-ability|p1a: Zygarde|Aura Break
|-ability|p2a: Landorus|Intimidate|boost
|-unboost|p1a: Zygarde|atk|1
|turn|1
|choice|*|*move 3
|choice|*switch 2|*
|choice|switch 2|move earthquake
|
|switch|p1a: Scizor|Scizor, F|343\/343
|move|p2a: Landorus|Earthquake|p1a: Scizor
|-damage|p1a: Scizor|169\/343
|
|upkeep
|turn|2
|choice|*move 2 mega|*
|inactive|ElTioDeJohan tiene 135 segundos restantes.
|choice|*|*move 3
|choice|move roost mega|move earthquake
|
|-mega|p1a: Scizor|Scizor|Scizorite
|detailschange|p1a: Scizor|Scizor-Mega, F
|move|p2a: Landorus|Earthquake|p1a: Scizor
|-damage|p1a: Scizor|18\/343
|move|p1a: Scizor|Roost|p1a: Scizor
|-heal|p1a: Scizor|190\/343
|
|upkeep
|turn|3
|choice|*|*move 4
|choice|*move 2|*
|choice|move roost|move uturn
|
|move|p2a: Landorus|U-turn|p1a: Scizor
|-resisted|p1a: Scizor
|-damage|p1a: Scizor|158\/343
|choice|*|*switch 6
|choice||switch 6
|
|switch|p2a: Volcarona|Volcarona, F|311\/311|[from]move: U-turn
|move|p1a: Scizor|Roost|p1a: Scizor
|-heal|p1a: Scizor|330\/343
|
|upkeep
|turn|4
|inactive|Joalza tiene 135 segundos restantes.
|inactive|ElTioDeJohan tiene 135 segundos restantes.
|choice|*switch 6|*
|choice|*|*switch 4
|choice|switch 6|switch 4
|
|switch|p2a: Medicham|Medicham, M|261\/261
|switch|p1a: Chansey|Chansey, F|703\/703
|
|upkeep
|turn|5
|choice|*|*move 3 mega
|choice|*switch 5|*
|choice|switch 5|move highjumpkick mega
|
|switch|p1a: Clefable|Clefable, M|394\/394
|-mega|p2a: Medicham|Medicham|Medichamite
|detailschange|p2a: Medicham|Medicham-Mega, M
|move|p2a: Medicham|High Jump Kick|p1a: Clefable
|-resisted|p1a: Clefable
|-damage|p1a: Clefable|230\/394
|
|-heal|p1a: Clefable|254\/394|[from] item: Leftovers
|upkeep
|turn|6
|choice|*|*switch 2
|choice|*move 2|*
|choice|move softboiled|switch 2
|
|switch|p2a: Magearna|Magearna|364\/364
|move|p1a: Clefable|Soft-Boiled|p1a: Clefable
|-heal|p1a: Clefable|394\/394
|
|upkeep
|turn|7
|choice|*move 4|*
|choice|*|*move 4
|choice|move knockoff|move voltswitch
|
|move|p2a: Magearna|Volt Switch|p1a: Clefable
|-damage|p1a: Clefable|293\/394
|choice|*|*switch 6
|choice||switch 6
|
|switch|p2a: Landorus|Landorus-Therian, M|370\/370|[from]move: Volt Switch
|-ability|p2a: Landorus|Intimidate|boost
|-unboost|p1a: Clefable|atk|1
|move|p1a: Clefable|Knock Off|p2a: Landorus
|-damage|p2a: Landorus|332\/370
|-enditem|p2a: Landorus|Rocky Helmet|[from] move: Knock Off|[of] p1a: Clefable
|
|-heal|p1a: Clefable|317\/394|[from] item: Leftovers
|upkeep
|turn|8
|choice|*|*move 1
|choice|*switch 6|*
|choice|switch 6|move stealthrock
|
|switch|p1a: Scizor|Scizor-Mega, F|330\/343
|move|p2a: Landorus|Stealth Rock|p1a: Scizor
|-sidestart|p1: Joalza|move: Stealth Rock
|
|upkeep
|turn|9
|choice|*|*move 4
|choice|*move 4|*
|choice|move uturn|move uturn
|
|move|p2a: Landorus|U-turn|p1a: Scizor
|-resisted|p1a: Scizor
|-damage|p1a: Scizor|293\/343
|choice|*|*switch 4
|choice||switch 4
|
|switch|p2a: Volcarona|Volcarona, F|311\/311|[from]move: U-turn
|move|p1a: Scizor|U-turn|p2a: Volcarona
|-resisted|p2a: Volcarona
|-damage|p2a: Volcarona|215\/311
|choice|*switch 5|*
|choice|switch 5|
|
|switch|p1a: Chansey|Chansey, F|703\/703|[from]move: U-turn
|-damage|p1a: Chansey|616\/703|[from] Stealth Rock
|
|upkeep
|turn|10
|choice|*move 3|*
|choice|*|*switch 3
|choice|move stealthrock|switch 3
|
|switch|p2a: Latios|Latios, M|301\/301
|move|p1a: Chansey|Stealth Rock|p2a: Latios
|-sidestart|p2: ElTioDeJohan|move: Stealth Rock
|
|upkeep
|turn|11
|choice|*move 4|*
|choice|*|*move 4
|choice|move toxic|move trick
|
|move|p2a: Latios|Trick|p1a: Chansey
|-activate|p2a: Latios|move: Trick|[of] p1a: Chansey
|-item|p1a: Chansey|Choice Scarf|[from] move: Trick
|-item|p2a: Latios|Eviolite|[from] move: Trick
|move|p1a: Chansey|Toxic|p2a: Latios
|-status|p2a: Latios|tox
|
|-damage|p2a: Latios|283\/301 tox|[from] psn
|upkeep
|turn|12
|choice|*|*switch 4
|choice|*switch 4|*
|choice|switch 4|switch 4
|
|switch|p2a: Landorus|Landorus-Therian, M|332\/370
|-damage|p2a: Landorus|286\/370|[from] Stealth Rock
|-ability|p2a: Landorus|Intimidate|boost
|-unboost|p1a: Chansey|atk|1
|switch|p1a: Toxapex|Toxapex, F|304\/304
|-damage|p1a: Toxapex|266\/304|[from] Stealth Rock
|
|-heal|p1a: Toxapex|285\/304|[from] item: Black Sludge
|upkeep
|turn|13
|choice|*|*move 3
|choice|*switch 5|*
|choice|switch 5|move earthquake
|
|switch|p1a: Scizor|Scizor-Mega, F|293\/343
|-damage|p1a: Scizor|251\/343|[from] Stealth Rock
|move|p2a: Landorus|Earthquake|p1a: Scizor
|-damage|p1a: Scizor|97\/343
|
|upkeep
|turn|14
|choice|*|*move 3
|choice|*move 1|*
|choice|move bulletpunch|move earthquake
|
|move|p1a: Scizor|Bullet Punch|p2a: Landorus
|-damage|p2a: Landorus|153\/370
|move|p2a: Landorus|Earthquake|p1a: Scizor
|-damage|p1a: Scizor|0 fnt
|faint|p1a: Scizor
|
|upkeep
|choice|*switch 2|*
|choice|switch 2|
|
|switch|p1a: Zygarde|Zygarde|397\/397
|-damage|p1a: Zygarde|373\/397|[from] Stealth Rock
|-ability|p1a: Zygarde|Aura Break
|turn|15
|choice|*|*move 3
|choice|*move 2|*
|choice|move substitute|move earthquake
|
|move|p1a: Zygarde|Substitute|p1a: Zygarde
|-start|p1a: Zygarde|Substitute
|-damage|p1a: Zygarde|274\/397
|move|p2a: Landorus|Earthquake|p1a: Zygarde
|-end|p1a: Zygarde|Substitute
|
|-heal|p1a: Zygarde|298\/397|[from] item: Leftovers
|upkeep
|turn|16
|choice|*|*move 3
|choice|*move 3|*
|choice|move coil|move earthquake
|
|move|p1a: Zygarde|Coil|p1a: Zygarde
|-boost|p1a: Zygarde|atk|1
|-boost|p1a: Zygarde|def|1
|-boost|p1a: Zygarde|accuracy|1
|move|p2a: Landorus|Earthquake|p1a: Zygarde
|-damage|p1a: Zygarde|181\/397
|
|-heal|p1a: Zygarde|205\/397|[from] item: Leftovers
|upkeep
|turn|17
|choice|*|*move 3
|choice|*move 2|*
|choice|move substitute|move earthquake
|
|move|p1a: Zygarde|Substitute|p1a: Zygarde
|-start|p1a: Zygarde|Substitute
|-damage|p1a: Zygarde|106\/397
|move|p2a: Landorus|Earthquake|p1a: Zygarde
|-end|p1a: Zygarde|Substitute
|
|-heal|p1a: Zygarde|130\/397|[from] item: Leftovers
|upkeep
|turn|18
|choice|*|*move 3
|choice|*move 1|*
|choice|move thousandarrows|move earthquake
|
|move|p1a: Zygarde|Thousand Arrows|p2a: Landorus
|-damage|p2a: Landorus|0 fnt
|faint|p2a: Landorus
|
|-heal|p1a: Zygarde|154\/397|[from] item: Leftovers
|upkeep
|choice|*|*switch 2
|choice||switch 2
|
|switch|p2a: Medicham|Medicham-Mega, M|261\/261
|-damage|p2a: Medicham|245\/261|[from] Stealth Rock
|turn|19
|choice|*|*move 2
|choice|*switch 6|*
|choice|switch 6|move icepunch
|
|switch|p1a: Clefable|Clefable, M|317\/394
|move|p2a: Medicham|Ice Punch|p1a: Clefable
|-damage|p1a: Clefable|181\/394
|
|-heal|p1a: Clefable|205\/394|[from] item: Leftovers
|upkeep
|turn|20
|choice|*|*move 4
|choice|*move 4|*
|choice|move knockoff|move zenheadbutt
|
|move|p2a: Medicham|Zen Headbutt|p1a: Clefable
|-damage|p1a: Clefable|0 fnt
|faint|p1a: Clefable
|
|upkeep
|choice|*switch 3|*
|choice|switch 3|
|
|switch|p1a: Hoopa|Hoopa-Unbound|301\/301
|-damage|p1a: Hoopa|264\/301|[from] Stealth Rock
|turn|21
|choice|*|*switch 6
|choice|*move 3|*
|choice|move firepunch|switch 6
|
|switch|p2a: Magearna|Magearna|364\/364
|-damage|p2a: Magearna|342\/364|[from] Stealth Rock
|move|p1a: Hoopa|Fire Punch|p2a: Magearna
|-supereffective|p2a: Magearna
|-damage|p2a: Magearna|130\/364
|
|upkeep
|turn|22
|choice|*|*move 1
|choice|*move 3|*
|choice|move firepunch|move fleurcannon
|
|move|p1a: Hoopa|Fire Punch|p2a: Magearna
|-supereffective|p2a: Magearna
|-damage|p2a: Magearna|0 fnt
|faint|p2a: Magearna
|
|upkeep
|choice|*|*switch 3
|choice||switch 3
|
|switch|p2a: Volcarona|Volcarona, F|215\/311
|-damage|p2a: Volcarona|60\/311|[from] Stealth Rock
|turn|23
|choice|*|*move 2
|choice|*move 3|*
|choice|move firepunch|move bugbuzz
|
|move|p1a: Hoopa|Fire Punch|p2a: Volcarona
|-damage|p2a: Volcarona|0 fnt
|faint|p2a: Volcarona
|
|upkeep
|choice|*|*switch 4
|choice||switch 4
|
|switch|p2a: Latios|Latios, M|283\/301 tox
|-damage|p2a: Latios|246\/301 tox|[from] Stealth Rock
|turn|24
|choice|*switch 4|*
|choice|*|*move 4
|choice|switch 4|move trick
|
|switch|p1a: Chansey|Chansey, F|616\/703
|-damage|p1a: Chansey|529\/703|[from] Stealth Rock
|move|p2a: Latios|Trick|p1a: Chansey
|-activate|p2a: Latios|move: Trick|[of] p1a: Chansey
|-item|p1a: Chansey|Eviolite|[from] move: Trick
|-item|p2a: Latios|Choice Scarf|[from] move: Trick
|
|-damage|p2a: Latios|228\/301 tox|[from] psn
|upkeep
|turn|25
|choice|*|*move 4
|choice|*move 4|*
|choice|move toxic|move trick
|
|move|p2a: Latios|Trick|p1a: Chansey
|-activate|p2a: Latios|move: Trick|[of] p1a: Chansey
|-item|p1a: Chansey|Choice Scarf|[from] move: Trick
|-item|p2a: Latios|Eviolite|[from] move: Trick
|move|p1a: Chansey|Toxic|p2a: Latios
|-fail|p2a: Latios|tox
|
|-damage|p2a: Latios|192\/301 tox|[from] psn
|upkeep
|turn|26
|choice|*|*switch 6
|inactive|Joalza tiene 135 segundos restantes.
|choice|*switch 5|*
|choice|switch 5|switch 6
|
|switch|p2a: Medicham|Medicham-Mega, M|245\/261
|-damage|p2a: Medicham|229\/261|[from] Stealth Rock
|switch|p1a: Toxapex|Toxapex, F|304\/304
|-damage|p1a: Toxapex|266\/304|[from] Stealth Rock
|
|-heal|p1a: Toxapex|285\/304|[from] item: Black Sludge
|upkeep
|turn|27
|choice|*|*move 4
|choice|*move 2|*
|choice|move scald|move zenheadbutt
|
|move|p2a: Medicham|Zen Headbutt|p1a: Toxapex
|-supereffective|p1a: Toxapex
|-damage|p1a: Toxapex|45\/304
|move|p1a: Toxapex|Scald|p2a: Medicham
|-damage|p2a: Medicham|166\/261
|
|-heal|p1a: Toxapex|64\/304|[from] item: Black Sludge
|upkeep
|turn|28
|choice|*move 2|*
|choice|*|*move 4
|choice|move scald|move zenheadbutt
|
|move|p2a: Medicham|Zen Headbutt|p1a: Toxapex
|-supereffective|p1a: Toxapex
|-damage|p1a: Toxapex|0 fnt
|faint|p1a: Toxapex
|
|upkeep
|choice|*switch 4|*
|choice|switch 4|
|
|switch|p1a: Hoopa|Hoopa-Unbound|264\/301
|-damage|p1a: Hoopa|227\/301|[from] Stealth Rock
|turn|29
|choice|*move 1|*
|choice|*|*switch 5
|choice|move hyperspacefury|switch 5
|
|switch|p2a: Greninja|Greninja, M|285\/285
|-damage|p2a: Greninja|250\/285|[from] Stealth Rock
|move|p1a: Hoopa|Hyperspace Fury|p2a: Greninja
|-resisted|p2a: Greninja
|-damage|p2a: Greninja|79\/285
|-unboost|p1a: Hoopa|def|1
|
|upkeep
|turn|30
|choice|*|*move 2
|choice|*switch 5|*
|choice|switch 5|move watershuriken
|
|switch|p1a: Chansey|Chansey, F|529\/703
|-damage|p1a: Chansey|442\/703|[from] Stealth Rock
|move|p2a: Greninja|Water Shuriken|p1a: Chansey
|-crit|p1a: Chansey
|-damage|p1a: Chansey|394\/703
|-damage|p1a: Chansey|363\/703
|-damage|p1a: Chansey|327\/703
|-hitcount|p1a: Chansey|3
|
|upkeep
|turn|31
|choice|*|*switch 6
|choice|*|*switch 5
|choice|*move 1|*
|choice|move seismictoss|switch 5
|
|switch|p2a: Medicham|Medicham-Mega, M|166\/261
|-damage|p2a: Medicham|150\/261|[from] Stealth Rock
|move|p1a: Chansey|Seismic Toss|p2a: Medicham
|-damage|p2a: Medicham|50\/261
|
|upkeep
|turn|32
|choice|*move 1|*
|choice|*|*move 1
|choice|move seismictoss|move fakeout
|
|move|p2a: Medicham|Fake Out|p1a: Chansey
|-damage|p1a: Chansey|174\/703
|cant|p1a: Chansey|flinch
|
|upkeep
|turn|33
|choice|*|*move 2
|choice|*move 1|*
|choice|move seismictoss|move icepunch
|
|move|p2a: Medicham|Ice Punch|p1a: Chansey
|-damage|p1a: Chansey|0 fnt
|faint|p1a: Chansey
|
|upkeep
|choice|*switch 6|*
|choice|switch 6|
|
|switch|p1a: Zygarde|Zygarde|154\/397
|-damage|p1a: Zygarde|130\/397|[from] Stealth Rock
|-ability|p1a: Zygarde|Aura Break
|turn|34
|choice|*move 4|*
|choice|*|*switch 5
|choice|move extremespeed|switch 5
|
|switch|p2a: Greninja|Greninja, M|79\/285
|-damage|p2a: Greninja|44\/285|[from] Stealth Rock
|move|p1a: Zygarde|Extreme Speed|p2a: Greninja
|-crit|p2a: Greninja
|-damage|p2a: Greninja|0 fnt
|faint|p2a: Greninja
|
|-heal|p1a: Zygarde|154\/397|[from] item: Leftovers
|upkeep
|choice|*|*switch 6
|choice||switch 6
|
|switch|p2a: Latios|Latios, M|192\/301 tox
|-damage|p2a: Latios|155\/301 tox|[from] Stealth Rock
|turn|35
|choice|*|*move 2
|choice|*move 4|*
|choice|move extremespeed|move psyshock
|
|move|p1a: Zygarde|Extreme Speed|p2a: Latios
|-damage|p2a: Latios|60\/301 tox
|move|p2a: Latios|Psyshock|p1a: Zygarde
|-damage|p1a: Zygarde|42\/397
|
|-heal|p1a: Zygarde|66\/397|[from] item: Leftovers
|-damage|p2a: Latios|42\/301 tox|[from] psn
|upkeep
|turn|36
|choice|*|*move 2
|choice|*move 4|*
|choice|move extremespeed|move psyshock
|
|move|p1a: Zygarde|Extreme Speed|p2a: Latios
|-damage|p2a: Latios|0 fnt
|faint|p2a: Latios
|
|-heal|p1a: Zygarde|90\/397|[from] item: Leftovers
|upkeep
|c|☆ElTioDeJohan|g
|c|☆Joalza|gg
|c|☆ElTioDeJohan|g
|choice|*|*switch 5
|choice||switch 5
|
|switch|p2a: Medicham|Medicham-Mega, M|50\/261
|-damage|p2a: Medicham|34\/261|[from] Stealth Rock
|turn|37
|choice|*|*move 1
|choice|*move 4|*
|choice|move extremespeed|move fakeout
|
|move|p2a: Medicham|Fake Out|p1a: Zygarde
|-crit|p1a: Zygarde
|-damage|p1a: Zygarde|0 fnt
|faint|p1a: Zygarde
|
|upkeep
|choice|*switch 5|*
|choice|switch 5|
|
|switch|p1a: Hoopa|Hoopa-Unbound|227\/301
|-damage|p1a: Hoopa|190\/301|[from] Stealth Rock
|turn|38
|choice|*|*move 3
|choice|*move 1|*
|choice|move hyperspacefury|move highjumpkick
|
|move|p1a: Hoopa|Hyperspace Fury|p2a: Medicham
|-damage|p2a: Medicham|0 fnt
|-unboost|p1a: Hoopa|def|1
|faint|p2a: Medicham
|
|win|Joalza
Joalza ha ganado 8 PokeDolares.
|raw|Puntaje de Joalza: 1154 &rarr; <strong>1196<\/strong><br \/>(+42 por ganar)
|raw|Puntaje de ElTioDeJohan: 1317 &rarr; <strong>1281<\/strong><br \/>(-36 por perder)
</script>
</div>
<div class="battle-log battle-log-inline"><div class="inner"><div class="battle-options"></div><div class="inner"><div class=""><small>Format:</small> <br><strong>OU</strong></div><div class="rated"><strong>Rated battle</strong></div><div class=""><small><em>Cláusula-Mod de Dormir:</em> solo puedes dormir a uno de tus oponentes a la vez.</small></div><div class=""><small><em>Cláusula de Especie:</em> Hasta un Pokémon de cada especie</small></div><div class=""><small><em>Cláusula de Golpe Fulminante:</em> los movimientos fulminantes (OHKO) estan prohibidos</small></div><div class=""><small><em>Cláusula de Veleta:</em> la habilidad Veleta está prohibida</small></div><div class=""><small><em>Cláusula de Movimientos Evasivos:</em> los movimientos de Evasión están prohibidos.</small></div><div class=""><small><em>Cláusula de Batallas Eternas:</em> forzar batallas eternas está prohibido</small></div><div class="chat battle-history"><strong>Joalza's team:</strong> <em style="color:#445566;display:block;">Hoopa-Unbound / Scizor / Zygarde / Toxapex / Clefable / Chansey</em></div><div class="chat battle-history"><strong>ElTioDeJohan's team:</strong> <em style="color:#445566;display:block;">Medicham / Magearna / Latios / Landorus-Therian / Greninja / Volcarona</em></div><div class="chat message-error">Reloj de batalla ENCENDIDO. El jugador inactivo será descalificado (solicitado por ElTioDeJohan).</div><div class="spacer battle-history"><br></div><div class="battle-history">Battle started between Joalza and ElTioDeJohan!<br></div><div class="spacer battle-history"><br></div><div class="battle-history">Go! <strong>Zygarde</strong>!<br></div><div class="spacer battle-history"><br></div><div class="battle-history">ElTioDeJohan sent out Landorus (<strong>Landorus-Therian</strong>)!<br></div><div class="battle-history"><small>[Zygarde's Aura Break]</small><br><small>Zygarde reversed all other Pokémon's auras!</small><br></div><div class="battle-history"><small>[The opposing Landorus's Intimidate]</small><br></div><div class="battle-history"><small>Zygarde's Attack fell!</small><br></div><div class="spacer battle-history"><br></div><h2 class="battle-history">Turn 1</h2><div class="spacer battle-history"><br></div><div class="battle-history">Zygarde, come back!<br></div><div class="battle-history">Go! <strong>Scizor</strong>!<br></div><div class="spacer battle-history"><br></div><div class="battle-history">The opposing Landorus used <strong>Earthquake</strong>!<br></div><div class="battle-history"><small>(Scizor lost <abbr title="−174/343">50.7%</abbr> of its health!)</small><br></div><div class="spacer battle-history"><br></div><h2 class="battle-history">Turn 2</h2><div class="chat message-error">ElTioDeJohan tiene 135 segundos restantes.</div><div class="spacer battle-history"><br></div><div class="battle-history"><small>Scizor's Scizorite is reacting to the Key Stone!</small><br>Scizor has Mega Evolved into Mega Scizor!<br></div><div class="spacer battle-history"><br></div><div class="battle-history">The opposing Landorus used <strong>Earthquake</strong>!<br></div><div class="battle-history"><small>(Scizor lost <abbr title="−151/343">44.0%</abbr> of its health!)</small><br></div><div class="spacer battle-history"><br></div><div class="battle-history">Scizor used <strong>Roost</strong>!<br></div><div class="battle-history"><small>Scizor restored its HP.</small><br></div><div class="spacer battle-history"><br></div><h2 class="battle-history">Turn 3</h2><div class="spacer battle-history"><br></div><div class="battle-history">The opposing Landorus used <strong>U-turn</strong>!<br></div><div class="battle-history"><small>It's not very effective...</small><br></div><div class="battle-history"><small>(Scizor lost <abbr title="−32/343">9.3%</abbr> of its health!)</small><br></div><div class="spacer battle-history"><br></div><div class="battle-history">The opposing Landorus went back to ElTioDeJohan!<br></div><div class="battle-history">ElTioDeJohan sent out <strong>Volcarona</strong>!<br></div><div class="spacer battle-history"><br></div><div class="battle-history">Scizor used <strong>Roost</strong>!<br></div><div class="battle-history"><small>Scizor restored its HP.</small><br></div><div class="spacer battle-history"><br></div><h2 class="battle-history">Turn 4</h2><div class="chat message-error">Joalza tiene 135 segundos restantes.</div><div class="chat message-error">ElTioDeJohan tiene 135 segundos restantes.</div><div class="spacer battle-history"><br></div><div class="battle-history">ElTioDeJohan withdrew Volcarona!<br></div><div class="battle-history">ElTioDeJohan sent out <strong>Medicham</strong>!<br></div><div class="spacer battle-history"><br></div><div class="battle-history">Scizor, come back!<br></div><div class="battle-history">Go! <strong>Chansey</strong>!<br></div><div class="spacer battle-history"><br></div><h2 class="battle-history">Turn 5</h2><div class="spacer battle-history"><br></div><div class="battle-history">Chansey, come back!<br></div><div class="battle-history">Go! <strong>Clefable</strong>!<br></div><div class="spacer battle-history"><br></div><div class="battle-history"><small>The opposing Medicham's Medichamite is reacting to the Key Stone!</small><br>The opposing Medicham has Mega Evolved into Mega Medicham!<br></div><div class="spacer battle-history"><br></div><div class="battle-history">The opposing Medicham used <strong>High Jump Kick</strong>!<br></div><div class="battle-history"><small>It's not very effective...</small><br></div><div class="battle-history"><small>(Clefable lost <abbr title="−164/394">41.6%</abbr> of its health!)</small><br></div><div class="spacer battle-history"><br></div><div class="battle-history"><small>Clefable restored a little HP using its Leftovers!</small><br></div><div class="spacer battle-history"><br></div><h2 class="battle-history">Turn 6</h2><div class="spacer battle-history"><br></div><div class="battle-history">ElTioDeJohan withdrew Medicham!<br></div><div class="battle-history">ElTioDeJohan sent out <strong>Magearna</strong>!<br></div><div class="spacer battle-history"><br></div><div class="battle-history">Clefable used <strong>Soft-Boiled</strong>!<br></div><div class="battle-history"><small>Clefable restored its HP.</small><br></div><div class="spacer battle-history"><br></div><h2 class="battle-history">Turn 7</h2><div class="spacer battle-history"><br></div><div class="battle-history">The opposing Magearna used <strong>Volt Switch</strong>!<br></div><div class="battle-history"><small>(Clefable lost <abbr title="−101/394">25.6%</abbr> of its health!)</small><br></div><div class="spacer battle-history"><br></div><div class="battle-history">The opposing Magearna went back to ElTioDeJohan!<br></div><div class="battle-history">ElTioDeJohan sent out Landorus (<strong>Landorus-Therian</strong>)!<br></div><div class="battle-history"><small>[The opposing Landorus's Intimidate]</small><br></div><div class="battle-history"><small>Clefable's Attack fell!</small><br></div><div class="spacer battle-history"><br></div><div class="battle-history">Clefable used <strong>Knock Off</strong>!<br></div><div class="battle-history"><small>(The opposing Landorus lost <abbr title="−38/370">10.3%</abbr> of its health!)</small><br></div><div class="battle-history"><small>Clefable knocked off the opposing Landorus's Rocky Helmet!</small><br></div><div class="spacer battle-history"><br></div><div class="battle-history"><small>Clefable restored a little HP using its Leftovers!</small><br></div><div class="spacer battle-history"><br></div><h2 class="battle-history">Turn 8</h2><div class="spacer battle-history"><br></div><div class="battle-history">Clefable, come back!<br></div><div class="battle-history">Go! Scizor (<strong>Scizor-Mega</strong>)!<br></div><div class="spacer battle-history"><br></div><div class="battle-history">The opposing Landorus used <strong>Stealth Rock</strong>!<br></div><div class="battle-history"><small>Pointed stones float in the air around your team!</small><br></div><div class="spacer battle-history"><br></div><h2 class="battle-history">Turn 9</h2><div class="spacer battle-history"><br></div><div class="battle-history">The opposing Landorus used <strong>U-turn</strong>!<br></div><div class="battle-history"><small>It's not very effective...</small><br></div><div class="battle-history"><small>(Scizor lost <abbr title="−37/343">10.8%</abbr> of its health!)</small><br></div><div class="spacer battle-history"><br></div><div class="battle-history">The opposing Landorus went back to ElTioDeJohan!<br></div><div class="battle-history">ElTioDeJohan sent out <strong>Volcarona</strong>!<br></div><div class="spacer battle-history"><br></div><div class="battle-history">Scizor used <strong>U-turn</strong>!<br></div><div class="battle-history"><small>It's not very effective...</small><br></div><div class="battle-history"><small>(The opposing Volcarona lost <abbr title="−96/311">30.9%</abbr> of its health!)</small><br></div><div class="spacer battle-history"><br></div><div class="battle-history">Scizor went back to Joalza!<br></div><div class="battle-history">Go! <strong>Chansey</strong>!<br></div><div class="battle-history"><small>Pointed stones dug into Chansey!</small><br></div><div class="spacer battle-history"><br></div><h2 class="battle-history">Turn 10</h2><div class="spacer battle-history"><br></div><div class="battle-history">ElTioDeJohan withdrew Volcarona!<br></div><div class="battle-history">ElTioDeJohan sent out <strong>Latios</strong>!<br></div><div class="spacer battle-history"><br></div><div class="battle-history">Chansey used <strong>Stealth Rock</strong>!<br></div><div class="battle-history"><small>Pointed stones float in the air around the opposing team!</small><br></div><div class="spacer battle-history"><br></div><h2 class="battle-history">Turn 11</h2><div class="spacer battle-history"><br></div><div class="battle-history">The opposing Latios used <strong>Trick</strong>!<br></div><div class="battle-history"><small>The opposing Latios switched items with its target!</small><br></div><div class="battle-history"><small>Chansey obtained one Choice Scarf.</small><br></div><div class="battle-history"><small>The opposing Latios obtained one Eviolite.</small><br></div><div class="spacer battle-history"><br></div><div class="battle-history">Chansey used <strong>Toxic</strong>!<br></div><div class="battle-history"><small>The opposing Latios was badly poisoned!</small><br></div><div class="spacer battle-history"><br></div><div class="battle-history"><small>The opposing Latios was hurt by poison!</small><br></div><div class="spacer battle-history"><br></div><h2 class="battle-history">Turn 12</h2><div class="spacer battle-history"><br></div><div class="battle-history">ElTioDeJohan withdrew Latios!<br></div><div class="battle-history">ElTioDeJohan sent out Landorus (<strong>Landorus-Therian</strong>)!<br></div><div class="battle-history"><small>Pointed stones dug into the opposing Landorus!</small><br></div><div class="battle-history"><small>[The opposing Landorus's Intimidate]</small><br></div><div class="battle-history"><small>Chansey's Attack fell!</small><br></div><div class="spacer battle-history"><br></div><div class="battle-history">Chansey, come back!<br></div><div class="battle-history">Go! <strong>Toxapex</strong>!<br></div><div class="battle-history"><small>Pointed stones dug into Toxapex!</small><br></div><div class="spacer battle-history"><br></div><div class="battle-history"><small>Toxapex restored a little HP using its Black Sludge!</small><br></div><div class="spacer battle-history"><br></div><h2 class="battle-history">Turn 13</h2><div class="spacer battle-history"><br></div><div class="battle-history">Toxapex, come back!<br></div><div class="battle-history">Go! Scizor (<strong>Scizor-Mega</strong>)!<br></div><div class="battle-history"><small>Pointed stones dug into Scizor!</small><br></div><div class="spacer battle-history"><br></div><div class="battle-history">The opposing Landorus used <strong>Earthquake</strong>!<br></div><div class="battle-history"><small>(Scizor lost <abbr title="−154/343">44.9%</abbr> of its health!)</small><br></div><div class="spacer battle-history"><br></div><h2 class="battle-history">Turn 14</h2><div class="spacer battle-history"><br></div><div class="battle-history">Scizor used <strong>Bullet Punch</strong>!<br></div><div class="battle-history"><small>(The opposing Landorus lost <abbr title="−133/370">35.9%</abbr> of its health!)</small><br></div><div class="spacer battle-history"><br></div><div class="battle-history">The opposing Landorus used <strong>Earthquake</strong>!<br></div><div class="battle-history"><small>(Scizor lost <abbr title="−97/343">28.3%</abbr> of its health!)</small><br></div><div class="spacer battle-history"><br></div><div class="battle-history">Scizor fainted!<br></div><div class="spacer battle-history"><br></div><div class="battle-history">Go! <strong>Zygarde</strong>!<br></div><div class="battle-history"><small>Pointed stones dug into Zygarde!</small><br></div><div class="battle-history"><small>[Zygarde's Aura Break]</small><br><small>Zygarde reversed all other Pokémon's auras!</small><br></div><div class="spacer battle-history"><br></div><h2 class="battle-history">Turn 15</h2><div class="spacer battle-history"><br></div><div class="battle-history">Zygarde used <strong>Substitute</strong>!<br></div><div class="battle-history"><small>Zygarde put in a substitute!</small><br></div><div class="battle-history"><small>(Zygarde lost <abbr title="−99/397">24.9%</abbr> of its health!)</small><br></div><div class="spacer battle-history"><br></div><div class="battle-history">The opposing Landorus used <strong>Earthquake</strong>!<br></div><div class="battle-history"><small>Zygarde's substitute faded!</small><br></div><div class="spacer battle-history"><br></div><div class="battle-history"><small>Zygarde restored a little HP using its Leftovers!</small><br></div><div class="spacer battle-history"><br></div><h2 class="battle-history">Turn 16</h2><div class="spacer battle-history"><br></div><div class="battle-history">Zygarde used <strong>Coil</strong>!<br></div><div class="battle-history"><small>Zygarde's Attack rose!</small><br></div><div class="battle-history"><small>Zygarde's Defense rose!</small><br></div><div class="battle-history"><small>Zygarde's accuracy rose!</small><br></div><div class="spacer battle-history"><br></div><div class="battle-history">The opposing Landorus used <strong>Earthquake</strong>!<br></div><div class="battle-history"><small>(Zygarde lost <abbr title="−117/397">29.5%</abbr> of its health!)</small><br></div><div class="spacer battle-history"><br></div><div class="battle-history"><small>Zygarde restored a little HP using its Leftovers!</small><br></div><div class="spacer battle-history"><br></div><h2 class="battle-history">Turn 17</h2><div class="spacer battle-history"><br></div><div class="battle-history">Zygarde used <strong>Substitute</strong>!<br></div><div class="battle-history"><small>Zygarde put in a substitute!</small><br></div><div class="battle-history"><small>(Zygarde lost <abbr title="−99/397">24.9%</abbr> of its health!)</small><br></div><div class="spacer battle-history"><br></div><div class="battle-history">The opposing Landorus used <strong>Earthquake</strong>!<br></div><div class="battle-history"><small>Zygarde's substitute faded!</small><br></div><div class="spacer battle-history"><br></div><div class="battle-history"><small>Zygarde restored a little HP using its Leftovers!</small><br></div><div class="spacer battle-history"><br></div><h2 class="battle-history">Turn 18</h2><div class="spacer battle-history"><br></div><div class="battle-history">Zygarde used <strong>Thousand Arrows</strong>!<br></div><div class="battle-history"><small>(The opposing Landorus lost <abbr title="−153/370">41.4%</abbr> of its health!)</small><br></div><div class="spacer battle-history"><br></div><div class="battle-history">The opposing Landorus fainted!<br></div><div class="spacer battle-history"><br></div><div class="battle-history"><small>Zygarde restored a little HP using its Leftovers!</small><br></div><div class="spacer battle-history"><br></div><div class="battle-history">ElTioDeJohan sent out Medicham (<strong>Medicham-Mega</strong>)!<br></div><div class="battle-history"><small>Pointed stones dug into the opposing Medicham!</small><br></div><div class="spacer battle-history"><br></div><h2 class="battle-history">Turn 19</h2><div class="spacer battle-history"><br></div><div class="battle-history">Zygarde, come back!<br></div><div class="battle-history">Go! <strong>Clefable</strong>!<br></div><div class="spacer battle-history"><br></div><div class="battle-history">The opposing Medicham used <strong>Ice Punch</strong>!<br></div><div class="battle-history"><small>(Clefable lost <abbr title="−136/394">34.5%</abbr> of its health!)</small><br></div><div class="spacer battle-history"><br></div><div class="battle-history"><small>Clefable restored a little HP using its Leftovers!</small><br></div><div class="spacer battle-history"><br></div><h2 class="battle-history">Turn 20</h2><div class="spacer battle-history"><br></div><div class="battle-history">The opposing Medicham used <strong>Zen Headbutt</strong>!<br></div><div class="battle-history"><small>(Clefable lost <abbr title="−205/394">52.0%</abbr> of its health!)</small><br></div><div class="spacer battle-history"><br></div><div class="battle-history">Clefable fainted!<br></div><div class="spacer battle-history"><br></div><div class="battle-history">Go! Hoopa (<strong>Hoopa-Unbound</strong>)!<br></div><div class="battle-history"><small>Pointed stones dug into Hoopa!</small><br></div><div class="spacer battle-history"><br></div><h2 class="battle-history">Turn 21</h2><div class="spacer battle-history"><br></div><div class="battle-history">ElTioDeJohan withdrew Medicham!<br></div><div class="battle-history">ElTioDeJohan sent out <strong>Magearna</strong>!<br></div><div class="battle-history"><small>Pointed stones dug into the opposing Magearna!</small><br></div><div class="spacer battle-history"><br></div><div class="battle-history">Hoopa used <strong>Fire Punch</strong>!<br></div><div class="battle-history"><small>It's super effective!</small><br></div><div class="battle-history"><small>(The opposing Magearna lost <abbr title="−212/364">58.2%</abbr> of its health!)</small><br></div><div class="spacer battle-history"><br></div><h2 class="battle-history">Turn 22</h2><div class="spacer battle-history"><br></div><div class="battle-history">Hoopa used <strong>Fire Punch</strong>!<br></div><div class="battle-history"><small>It's super effective!</small><br></div><div class="battle-history"><small>(The opposing Magearna lost <abbr title="−130/364">35.7%</abbr> of its health!)</small><br></div><div class="spacer battle-history"><br></div><div class="battle-history">The opposing Magearna fainted!<br></div><div class="spacer battle-history"><br></div><div class="battle-history">ElTioDeJohan sent out <strong>Volcarona</strong>!<br></div><div class="battle-history"><small>Pointed stones dug into the opposing Volcarona!</small><br></div><div class="spacer battle-history"><br></div><h2 class="battle-history">Turn 23</h2><div class="spacer battle-history"><br></div><div class="battle-history">Hoopa used <strong>Fire Punch</strong>!<br></div><div class="battle-history"><small>(The opposing Volcarona lost <abbr title="−60/311">19.3%</abbr> of its health!)</small><br></div><div class="spacer battle-history"><br></div><div class="battle-history">The opposing Volcarona fainted!<br></div><div class="spacer battle-history"><br></div><div class="battle-history">ElTioDeJohan sent out <strong>Latios</strong>!<br></div><div class="battle-history"><small>Pointed stones dug into the opposing Latios!</small><br></div><div class="spacer battle-history"><br></div><h2 class="battle-history">Turn 24</h2><div class="spacer battle-history"><br></div><div class="battle-history">Hoopa, come back!<br></div><div class="battle-history">Go! <strong>Chansey</strong>!<br></div><div class="battle-history"><small>Pointed stones dug into Chansey!</small><br></div><div class="spacer battle-history"><br></div><div class="battle-history">The opposing Latios used <strong>Trick</strong>!<br></div><div class="battle-history"><small>The opposing Latios switched items with its target!</small><br></div><div class="battle-history"><small>Chansey obtained one Eviolite.</small><br></div><div class="battle-history"><small>The opposing Latios obtained one Choice Scarf.</small><br></div><div class="spacer battle-history"><br></div><div class="battle-history"><small>The opposing Latios was hurt by poison!</small><br></div><div class="spacer battle-history"><br></div><h2 class="battle-history">Turn 25</h2><div class="spacer battle-history"><br></div><div class="battle-history">The opposing Latios used <strong>Trick</strong>!<br></div><div class="battle-history"><small>The opposing Latios switched items with its target!</small><br></div><div class="battle-history"><small>Chansey obtained one Choice Scarf.</small><br></div><div class="battle-history"><small>The opposing Latios obtained one Eviolite.</small><br></div><div class="spacer battle-history"><br></div><div class="battle-history">Chansey used <strong>Toxic</strong>!<br></div><div class="battle-history"><small>But it failed!</small><br></div><div class="spacer battle-history"><br></div><div class="battle-history"><small>The opposing Latios was hurt by poison!</small><br></div><div class="spacer battle-history"><br></div><h2 class="battle-history">Turn 26</h2><div class="chat message-error">Joalza tiene 135 segundos restantes.</div><div class="spacer battle-history"><br></div><div class="battle-history">ElTioDeJohan withdrew Latios!<br></div><div class="battle-history">ElTioDeJohan sent out Medicham (<strong>Medicham-Mega</strong>)!<br></div><div class="battle-history"><small>Pointed stones dug into the opposing Medicham!</small><br></div><div class="spacer battle-history"><br></div><div class="battle-history">Chansey, come back!<br></div><div class="battle-history">Go! <strong>Toxapex</strong>!<br></div><div class="battle-history"><small>Pointed stones dug into Toxapex!</small><br></div><div class="spacer battle-history"><br></div><div class="battle-history"><small>Toxapex restored a little HP using its Black Sludge!</small><br></div><div class="spacer battle-history"><br></div><h2 class="battle-history">Turn 27</h2><div class="spacer battle-history"><br></div><div class="battle-history">The opposing Medicham used <strong>Zen Headbutt</strong>!<br></div><div class="battle-history"><small>It's super effective!</small><br></div><div class="battle-history"><small>(Toxapex lost <abbr title="−240/304">78.9%</abbr> of its health!)</small><br></div><div class="spacer battle-history"><br></div><div class="battle-history">Toxapex used <strong>Scald</strong>!<br></div><div class="battle-history"><small>(The opposing Medicham lost <abbr title="−63/261">24.1%</abbr> of its health!)</small><br></div><div class="spacer battle-history"><br></div><div class="battle-history"><small>Toxapex restored a little HP using its Black Sludge!</small><br></div><div class="spacer battle-history"><br></div><h2 class="battle-history">Turn 28</h2><div class="spacer battle-history"><br></div><div class="battle-history">The opposing Medicham used <strong>Zen Headbutt</strong>!<br></div><div class="battle-history"><small>It's super effective!</small><br></div><div class="battle-history"><small>(Toxapex lost <abbr title="−64/304">21.1%</abbr> of its health!)</small><br></div><div class="spacer battle-history"><br></div><div class="battle-history">Toxapex fainted!<br></div><div class="spacer battle-history"><br></div><div class="battle-history">Go! Hoopa (<strong>Hoopa-Unbound</strong>)!<br></div><div class="battle-history"><small>Pointed stones dug into Hoopa!</small><br></div><div class="spacer battle-history"><br></div><h2 class="battle-history">Turn 29</h2><div class="spacer battle-history"><br></div><div class="battle-history">ElTioDeJohan withdrew Medicham!<br></div><div class="battle-history">ElTioDeJohan sent out <strong>Greninja</strong>!<br></div><div class="battle-history"><small>Pointed stones dug into the opposing Greninja!</small><br></div><div class="spacer battle-history"><br></div><div class="battle-history">Hoopa used <strong>Hyperspace Fury</strong>!<br></div><div class="battle-history"><small>It's not very effective...</small><br></div><div class="battle-history"><small>(The opposing Greninja lost <abbr title="−171/285">60%</abbr> of its health!)</small><br></div><div class="battle-history"><small>Hoopa's Defense fell!</small><br></div><div class="spacer battle-history"><br></div><h2 class="battle-history">Turn 30</h2><div class="spacer battle-history"><br></div><div class="battle-history">Hoopa, come back!<br></div><div class="battle-history">Go! <strong>Chansey</strong>!<br></div><div class="battle-history"><small>Pointed stones dug into Chansey!</small><br></div><div class="spacer battle-history"><br></div><div class="battle-history">The opposing Greninja used <strong>Water Shuriken</strong>!<br></div><div class="battle-history"><small>A critical hit!</small><br></div><div class="battle-history"><small>(Chansey lost <abbr title="−48/703">6.8%</abbr> of its health!)</small><br></div><div class="battle-history"><small>(Chansey lost <abbr title="−31/703">4.4%</abbr> of its health!)</small><br></div><div class="battle-history"><small>(Chansey lost <abbr title="−36/703">5.1%</abbr> of its health!)</small><br></div><div class="battle-history"><small>Hit 3 times!</small><br></div><div class="spacer battle-history"><br></div><h2 class="battle-history">Turn 31</h2><div class="spacer battle-history"><br></div><div class="battle-history">ElTioDeJohan withdrew Greninja!<br></div><div class="battle-history">ElTioDeJohan sent out Medicham (<strong>Medicham-Mega</strong>)!<br></div><div class="battle-history"><small>Pointed stones dug into the opposing Medicham!</small><br></div><div class="spacer battle-history"><br></div><div class="battle-history">Chansey used <strong>Seismic Toss</strong>!<br></div><div class="battle-history"><small>(The opposing Medicham lost <abbr title="−100/261">38.3%</abbr> of its health!)</small><br></div><div class="spacer battle-history"><br></div><h2 class="battle-history">Turn 32</h2><div class="spacer battle-history"><br></div><div class="battle-history">The opposing Medicham used <strong>Fake Out</strong>!<br></div><div class="battle-history"><small>(Chansey lost <abbr title="−153/703">21.8%</abbr> of its health!)</small><br></div><div class="spacer battle-history"><br></div><div class="battle-history">Chansey flinched and couldn't move!<br></div><div class="spacer battle-history"><br></div><h2 class="battle-history">Turn 33</h2><div class="spacer battle-history"><br></div><div class="battle-history">The opposing Medicham used <strong>Ice Punch</strong>!<br></div><div class="battle-history"><small>(Chansey lost <abbr title="−174/703">24.8%</abbr> of its health!)</small><br></div><div class="spacer battle-history"><br></div><div class="battle-history">Chansey fainted!<br></div><div class="spacer battle-history"><br></div><div class="battle-history">Go! <strong>Zygarde</strong>!<br></div><div class="battle-history"><small>Pointed stones dug into Zygarde!</small><br></div><div class="battle-history"><small>[Zygarde's Aura Break]</small><br><small>Zygarde reversed all other Pokémon's auras!</small><br></div><div class="spacer battle-history"><br></div><h2 class="battle-history">Turn 34</h2><div class="spacer battle-history"><br></div><div class="battle-history">ElTioDeJohan withdrew Medicham!<br></div><div class="battle-history">ElTioDeJohan sent out <strong>Greninja</strong>!<br></div><div class="battle-history"><small>Pointed stones dug into the opposing Greninja!</small><br></div><div class="spacer battle-history"><br></div><div class="battle-history">Zygarde used <strong>Extreme Speed</strong>!<br></div><div class="battle-history"><small>A critical hit!</small><br></div><div class="battle-history"><small>(The opposing Greninja lost <abbr title="−44/285">15.4%</abbr> of its health!)</small><br></div><div class="spacer battle-history"><br></div><div class="battle-history">The opposing Greninja fainted!<br></div><div class="spacer battle-history"><br></div><div class="battle-history"><small>Zygarde restored a little HP using its Leftovers!</small><br></div><div class="spacer battle-history"><br></div><div class="battle-history">ElTioDeJohan sent out <strong>Latios</strong>!<br></div><div class="battle-history"><small>Pointed stones dug into the opposing Latios!</small><br></div><div class="spacer battle-history"><br></div><h2 class="battle-history">Turn 35</h2><div class="spacer battle-history"><br></div><div class="battle-history">Zygarde used <strong>Extreme Speed</strong>!<br></div><div class="battle-history"><small>(The opposing Latios lost <abbr title="−95/301">31.6%</abbr> of its health!)</small><br></div><div class="spacer battle-history"><br></div><div class="battle-history">The opposing Latios used <strong>Psyshock</strong>!<br></div><div class="battle-history"><small>(Zygarde lost <abbr title="−112/397">28.2%</abbr> of its health!)</small><br></div><div class="spacer battle-history"><br></div><div class="battle-history"><small>Zygarde restored a little HP using its Leftovers!</small><br></div><div class="battle-history"><small>The opposing Latios was hurt by poison!</small><br></div><div class="spacer battle-history"><br></div><h2 class="battle-history">Turn 36</h2><div class="spacer battle-history"><br></div><div class="battle-history">Zygarde used <strong>Extreme Speed</strong>!<br></div><div class="battle-history"><small>(The opposing Latios lost <abbr title="−42/301">14.0%</abbr> of its health!)</small><br></div><div class="spacer battle-history"><br></div><div class="battle-history">The opposing Latios fainted!<br></div><div class="spacer battle-history"><br></div><div class="battle-history"><small>Zygarde restored a little HP using its Leftovers!</small><br></div><div class="chat chatmessage-eltiodejohan"><strong style="color:hsl(46,87%,34%)"><small>☆</small><span class="username" data-name="ElTioDeJohan">ElTioDeJohan</span>:</strong> <em>g</em></div><div class="chat chatmessage-joalza"><strong style="color:hsl(288,52%,48%)"><small>☆</small><span class="username" data-name="Joalza">Joalza</span>:</strong> <em>gg</em></div><div class="chat chatmessage-eltiodejohan"><strong style="color:hsl(46,87%,34%)"><small>☆</small><span class="username" data-name="ElTioDeJohan">ElTioDeJohan</span>:</strong> <em>g</em></div><div class="spacer battle-history"><br></div><div class="battle-history">ElTioDeJohan sent out Medicham (<strong>Medicham-Mega</strong>)!<br></div><div class="battle-history"><small>Pointed stones dug into the opposing Medicham!</small><br></div><div class="spacer battle-history"><br></div><h2 class="battle-history">Turn 37</h2><div class="spacer battle-history"><br></div><div class="battle-history">The opposing Medicham used <strong>Fake Out</strong>!<br></div><div class="battle-history"><small>A critical hit!</small><br></div><div class="battle-history"><small>(Zygarde lost <abbr title="−90/397">22.7%</abbr> of its health!)</small><br></div><div class="spacer battle-history"><br></div><div class="battle-history">Zygarde fainted!<br></div><div class="spacer battle-history"><br></div><div class="battle-history">Go! Hoopa (<strong>Hoopa-Unbound</strong>)!<br></div><div class="battle-history"><small>Pointed stones dug into Hoopa!</small><br></div><div class="spacer battle-history"><br></div><h2 class="battle-history">Turn 38</h2><div class="spacer battle-history"><br></div><div class="battle-history">Hoopa used <strong>Hyperspace Fury</strong>!<br></div><div class="battle-history"><small>(The opposing Medicham lost <abbr title="−34/261">13.0%</abbr> of its health!)</small><br></div><div class="battle-history"><small>Hoopa's Defense fell!</small><br></div><div class="spacer battle-history"><br></div><div class="battle-history">The opposing Medicham fainted!<br></div><div class="spacer battle-history"><br></div><div class="battle-history"><strong>Joalza</strong> won the battle!<br></div><div class="chat">Joalza ha ganado 8 PokeDolares.</div><div class="chat">Puntaje de Joalza: 1154 → <strong>1196</strong><br>(+42 por ganar)</div><div class="chat">Puntaje de ElTioDeJohan: 1317 → <strong>1281</strong><br>(-36 por perder)</div></div><div class="inner-preempt"></div></div></div>
</div>
<script>
let daily = Math.floor(Date.now()/1000/60/60/24);document.write('<script src="https://play.pokemonshowdown.com/js/replay-embed.js?version'+daily+'"></'+'script>');
</script>
