<!DOCTYPE html>
<meta charset="utf-8" />
<!-- version 1 -->
<title>OU replay: ElTioDeJohan vs. AdderJo</title>
<style>
html,body {font-family:Verdana, sans-serif;font-size:10pt;margin:0;padding:0;}body{padding:12px 0;} .battle-log {font-family:Verdana, sans-serif;font-size:10pt;} .battle-log-inline {border:1px solid #AAAAAA;background:#EEF2F5;color:black;max-width:640px;margin:0 auto 80px;padding-bottom:5px;} .battle-log .inner {padding:4px 8px 0px 8px;} .battle-log .inner-preempt {padding:0 8px 4px 8px;} .battle-log .inner-after {margin-top:0.5em;} .battle-log h2 {margin:0.5em -8px;padding:4px 8px;border:1px solid #AAAAAA;background:#E0E7EA;border-left:0;border-right:0;font-family:Verdana, sans-serif;font-size:13pt;} .battle-log .chat {vertical-align:middle;padding:3px 0 3px 0;font-size:8pt;} .battle-log .chat strong {color:#40576A;} .battle-log .chat em {padding:1px 4px 1px 3px;color:#000000;font-style:normal;} .chat.mine {background:rgba(0,0,0,0.05);margin-left:-8px;margin-right:-8px;padding-left:8px;padding-right:8px;} .spoiler {color:#BBBBBB;background:#BBBBBB;padding:0px 3px;} .spoiler:hover, .spoiler:active, .spoiler-shown {color:#000000;background:#E2E2E2;padding:0px 3px;} .spoiler a {color:#BBBBBB;} .spoiler:hover a, .spoiler:active a, .spoiler-shown a {color:#2288CC;} .chat code, .chat .spoiler:hover code, .chat .spoiler:active code, .chat .spoiler-shown code {border:1px solid #C0C0C0;background:#EEEEEE;color:black;padding:0 2px;} .chat .spoiler code {border:1px solid #CCCCCC;background:#CCCCCC;color:#CCCCCC;} .battle-log .rated {padding:3px 4px;} .battle-log .rated strong {color:white;background:#89A;padding:1px 4px;border-radius:4px;} .spacer {margin-top:0.5em;} .message-announce {background:#6688AA;color:white;padding:1px 4px 2px;} .message-announce a, .broadcast-green a, .broadcast-blue a, .broadcast-red a {color:#DDEEFF;} .broadcast-green {background-color:#559955;color:white;padding:2px 4px;} .broadcast-blue {background-color:#6688AA;color:white;padding:2px 4px;} .infobox {border:1px solid #6688AA;padding:2px 4px;} .infobox-limited {max-height:200px;overflow:auto;overflow-x:hidden;} .broadcast-red {background-color:#AA5544;color:white;padding:2px 4px;} .message-learn-canlearn {font-weight:bold;color:#228822;text-decoration:underline;} .message-learn-cannotlearn {font-weight:bold;color:#CC2222;text-decoration:underline;} .message-effect-weak {font-weight:bold;color:#CC2222;} .message-effect-resist {font-weight:bold;color:#6688AA;} .message-effect-immune {font-weight:bold;color:#666666;} .message-learn-list {margin-top:0;margin-bottom:0;} .message-throttle-notice, .message-error {color:#992222;} .message-overflow, .chat small.message-overflow {font-size:0pt;} .message-overflow::before {font-size:9pt;content:'...';} .subtle {color:#3A4A66;}
</style>
<div class="wrapper replay-wrapper" style="max-width:1180px;margin:0 auto">
<input type="hidden" name="replayid" value="destiny-ou-463353" />
<div class="battle"></div><div class="battle-log"></div><div class="replay-controls"></div><div class="replay-controls-2"></div>
<h1 style="font-weight:normal;text-align:center"><strong>OU</strong><br /><a href="http://pokemonshowdown.com/users/eltiodejohan" class="subtle" target="_blank">ElTioDeJohan</a> vs. <a href="http://pokemonshowdown.com/users/adderjo" class="subtle" target="_blank">AdderJo</a></h1>
<script type="text/plain" class="battle-log-data">|player|p1|ElTioDeJohan|eltiodejohan.gif?24d1248a
|teamsize|p1|6
|player|p2|AdderJo|1
|teamsize|p2|6
|teamsize|p1|6
|teamsize|p2|6
|gametype|singles
|gen|7
|tier|OU
|rated
|seed|33770,10223,23316,8047
|rule|Cláusula-Mod de Dormir: solo puedes dormir a uno de tus oponentes a la vez.
|rule|Cláusula de Especie: Hasta un Pokémon de cada especie
|rule|Cláusula de Golpe Fulminante: los movimientos fulminantes (OHKO) estan prohibidos
|rule|Cláusula de Veleta: la habilidad Veleta está prohibida
|rule|Cláusula de Movimientos Evasivos: los movimientos de Evasión están prohibidos.
|rule|Cláusula de Batallas Eternas: forzar batallas eternas está prohibido
|clearpoke
|poke|p1|Medicham, M|item
|poke|p1|Magearna|item
|poke|p1|Chansey, F|item
|poke|p1|Landorus-Therian, M|item
|poke|p1|Rotom-Wash|item
|poke|p1|Volcarona, M|item
|poke|p2|Beedrill, M|item
|poke|p2|Infernape, F|item
|poke|p2|Tapu Lele|item
|poke|p2|Greninja, M|item
|poke|p2|Chansey, F|item
|poke|p2|Landorus-Therian, M|item
|teampreview|undefined
|choice|*team 423156|*
|inactive|Reloj de batalla ENCENDIDO. El jugador inactivo será descalificado (solicitado por ElTioDeJohan).
|choice|*|*team 423156
|choice|team 4, 2, 3, 1, 5, 6|team 4, 2, 3, 1, 5, 6
|
|start
|switch|p1a: Landorus|Landorus-Therian, M|370\/370
|switch|p2a: Greninja|Greninja, M|285\/285
|-ability|p1a: Landorus|Intimidate|boost
|-unboost|p2a: Greninja|atk|1
|turn|1
|choice|*switch 5|*
|choice|*|*switch 2
|choice|switch 5|switch 2
|
|switch|p2a: Infernape|Infernape, F|293\/293
|switch|p1a: Rotom|Rotom-Wash|304\/304
|
|upkeep
|turn|2
|choice|*move 3|*
|choice|*|*switch 5
|choice|move voltswitch|switch 5
|
|switch|p2a: Chansey|Chansey, F|703\/703
|move|p1a: Rotom|Volt Switch|p2a: Chansey
|-damage|p2a: Chansey|643\/703
|inactive|ElTioDeJohan tiene 135 segundos restantes.
|choice|*switch 4|*
|choice|switch 4|
|
|switch|p1a: Medicham|Medicham, M|261\/261|[from]move: Volt Switch
|
|upkeep
|turn|3
|choice|*move 3 mega|*
|choice|*|*switch 3
|choice|move highjumpkick mega|switch 3
|
|switch|p2a: Tapu Lele|Tapu Lele|281\/281
|-fieldstart|move: Psychic Terrain|[from] ability: Psychic Surge|[of] p2a: Tapu Lele
|-mega|p1a: Medicham|Medicham|Medichamite
|detailschange|p1a: Medicham|Medicham-Mega, M
|move|p1a: Medicham|High Jump Kick|p2a: Tapu Lele
|-resisted|p2a: Tapu Lele
|-damage|p2a: Tapu Lele|155\/281
|
|upkeep
|turn|4
|choice|*|*move 1
|choice|*switch 3|*
|choice|switch 3|move psychic
|
|switch|p1a: Chansey|Chansey, F|703\/703
|move|p2a: Tapu Lele|Psychic|p1a: Chansey
|-damage|p1a: Chansey|556\/703
|
|upkeep
|turn|5
|choice|*|*switch 5
|choice|*move 1|*
|choice|move seismictoss|switch 5
|
|switch|p2a: Infernape|Infernape, F|293\/293
|move|p1a: Chansey|Seismic Toss|p2a: Infernape
|-damage|p2a: Infernape|193\/293
|
|upkeep
|turn|6
|choice|*move 2|*
|choice|*|*move 1
|choice|move softboiled|move closecombat
|
|move|p2a: Infernape|Close Combat|p1a: Chansey
|-supereffective|p1a: Chansey
|-damage|p1a: Chansey|0 fnt
|-unboost|p2a: Infernape|def|1
|-unboost|p2a: Infernape|spd|1
|-damage|p2a: Infernape|164\/293|[from] item: Life Orb
|faint|p1a: Chansey
|
|upkeep
|choice|*switch 6|*
|choice|switch 6|
|
|switch|p1a: Volcarona|Volcarona, M|311\/311
|turn|7
|choice|*move 4|*
|choice|*|*move 2
|choice|move quiverdance|move rockslide
|
|move|p2a: Infernape|Rock Slide|p1a: Volcarona
|-supereffective|p1a: Volcarona
|-damage|p1a: Volcarona|0 fnt
|-damage|p2a: Infernape|135\/293|[from] item: Life Orb
|faint|p1a: Volcarona
|
|-fieldend|move: Psychic Terrain
|upkeep
|choice|*switch 4|*
|choice|switch 4|
|
|switch|p1a: Rotom|Rotom-Wash|304\/304
|turn|8
|choice|*move 3|*
|choice|*|*move 1
|choice|move voltswitch|move closecombat
|
|move|p2a: Infernape|Close Combat|p1a: Rotom
|-damage|p1a: Rotom|80\/304
|-unboost|p2a: Infernape|def|1
|-unboost|p2a: Infernape|spd|1
|-damage|p2a: Infernape|106\/293|[from] item: Life Orb
|move|p1a: Rotom|Volt Switch|p2a: Infernape
|-crit|p2a: Infernape
|-damage|p2a: Infernape|0 fnt
|faint|p2a: Infernape
|inactive|ElTioDeJohan tiene 135 segundos restantes.
|choice|*switch 2|*
|choice|switch 2|
|
|switch|p1a: Magearna|Magearna|364\/364|[from]move: Volt Switch
|
|upkeep
|choice|*|*switch 2
|choice||switch 2
|
|switch|p2a: Greninja|Greninja, M|285\/285
|turn|9
|choice|*|*move 1 zmove
|choice|*move 1|*
|choice|move fleurcannon|move hydropump zmove
|
|-zpower|p2a: Greninja
|move|p2a: Greninja|Hydro Vortex|p1a: Magearna|[zeffect]
|-start|p2a: Greninja|typechange|Water|[from] Protean
|-damage|p1a: Magearna|199\/364
|move|p1a: Magearna|Fleur Cannon|p2a: Greninja
|-damage|p2a: Greninja|0 fnt
|-unboost|p1a: Magearna|spa|2
|faint|p2a: Greninja
|-ability|p1a: Magearna|Soul-Heart|boost
|-boost|p1a: Magearna|spa|1
|
|upkeep
|choice|*|*switch 6
|choice||switch 6
|
|switch|p2a: Landorus|Landorus-Therian, M|381\/381
|-ability|p2a: Landorus|Intimidate|boost
|-unboost|p1a: Magearna|atk|1
|turn|10
|choice|*switch 2|*
|choice|*|*move 1
|choice|switch 2|move stealthrock
|
|switch|p1a: Rotom|Rotom-Wash|80\/304
|move|p2a: Landorus|Stealth Rock|p1a: Rotom
|-sidestart|p1: ElTioDeJohan|move: Stealth Rock
|
|-heal|p1a: Rotom|99\/304|[from] item: Leftovers
|upkeep
|turn|11
|choice|*move 4|*
|choice|*|*switch 3
|choice|move painsplit|switch 3
|
|switch|p2a: Chansey|Chansey, F|643\/703
|move|p1a: Rotom|Pain Split|p2a: Chansey
|-sethp|p2a: Chansey|371\/703|p1a: Rotom|304\/304|[from] move: Pain Split
|
|upkeep
|turn|12
|choice|*|*move 2
|choice|*switch 5|*
|choice|switch 5|move thunderwave
|
|switch|p1a: Landorus|Landorus-Therian, M|370\/370
|-damage|p1a: Landorus|324\/370|[from] Stealth Rock
|-ability|p1a: Landorus|Intimidate|boost
|-unboost|p2a: Chansey|atk|1
|move|p2a: Chansey|Thunder Wave|p1a: Landorus
|-immune|p1a: Landorus|[msg]
|
|upkeep
|turn|13
|choice|*move 2|*
|choice|*|*move 4
|choice|move defog|move softboiled
|
|move|p1a: Landorus|Defog|p2a: Chansey
|-unboost|p2a: Chansey|evasion|1
|-sideend|p1: ElTioDeJohan|Stealth Rock|[from] move: Defog|[of] p1a: Landorus
|move|p2a: Chansey|Soft-Boiled|p2a: Chansey
|-heal|p2a: Chansey|703\/703
|
|upkeep
|turn|14
|choice|*|*switch 3
|choice|*move 1|*
|choice|move stealthrock|switch 3
|
|switch|p2a: Landorus|Landorus-Therian, M|381\/381
|-ability|p2a: Landorus|Intimidate|boost
|-unboost|p1a: Landorus|atk|1
|move|p1a: Landorus|Stealth Rock|p2a: Landorus
|-sidestart|p2: AdderJo|move: Stealth Rock
|
|upkeep
|turn|15
|choice|*switch 5|*
|choice|*|*move 2
|choice|switch 5|move defog
|
|switch|p1a: Rotom|Rotom-Wash|304\/304
|move|p2a: Landorus|Defog|p1a: Rotom
|-unboost|p1a: Rotom|evasion|1
|-sideend|p2: AdderJo|Stealth Rock|[from] move: Defog|[of] p2a: Landorus
|
|upkeep
|turn|16
|choice|*|*switch 3
|choice|*|*switch 3
|choice|*move 2|*
|choice|move hydropump|switch 3
|
|switch|p2a: Chansey|Chansey, F|703\/703
|move|p1a: Rotom|Hydro Pump|p2a: Chansey
|-damage|p2a: Chansey|622\/703
|
|upkeep
|turn|17
|choice|*move 4|*
|choice|*|*switch 3
|choice|move painsplit|switch 3
|
|switch|p2a: Landorus|Landorus-Therian, M|381\/381
|-ability|p2a: Landorus|Intimidate|boost
|-unboost|p1a: Rotom|atk|1
|move|p1a: Rotom|Pain Split|p2a: Landorus
|-sethp|p2a: Landorus|342\/381|p1a: Rotom|304\/304|[from] move: Pain Split
|
|-heal|p2a: Landorus|365\/381|[from] item: Leftovers
|upkeep
|turn|18
|choice|*|*switch 3
|choice|*move 2|*
|choice|move hydropump|switch 3
|
|switch|p2a: Chansey|Chansey, F|622\/703
|move|p1a: Rotom|Hydro Pump|p2a: Chansey
|-damage|p2a: Chansey|535\/703
|
|upkeep
|turn|19
|choice|*move 3|*
|choice|*|*move 3
|choice|move voltswitch|move seismictoss
|
|move|p1a: Rotom|Volt Switch|p2a: Chansey
|-damage|p2a: Chansey|477\/703
|choice|*switch 3|*
|choice|switch 3|
|
|switch|p1a: Medicham|Medicham-Mega, M|261\/261|[from]move: Volt Switch
|move|p2a: Chansey|Seismic Toss|p1a: Medicham
|-damage|p1a: Medicham|161\/261
|
|upkeep
|turn|20
|choice|*move 2|*
|choice|*|*switch 3
|choice|move icepunch|switch 3
|
|switch|p2a: Landorus|Landorus-Therian, M|365\/381
|-ability|p2a: Landorus|Intimidate|boost
|-unboost|p1a: Medicham|atk|1
|move|p1a: Medicham|Ice Punch|p2a: Landorus
|-supereffective|p2a: Landorus
|-damage|p2a: Landorus|57\/381
|
|-heal|p2a: Landorus|80\/381|[from] item: Leftovers
|upkeep
|turn|21
|choice|*switch 3|*
|choice|*|*move 1
|choice|switch 3|move stealthrock
|
|switch|p1a: Rotom|Rotom-Wash|304\/304
|move|p2a: Landorus|Stealth Rock|p1a: Rotom
|-sidestart|p1: ElTioDeJohan|move: Stealth Rock
|
|-heal|p2a: Landorus|103\/381|[from] item: Leftovers
|upkeep
|turn|22
|choice|*|*switch 3
|choice|*move 3|*
|choice|move voltswitch|switch 3
|
|switch|p2a: Chansey|Chansey, F|477\/703
|move|p1a: Rotom|Volt Switch|p2a: Chansey
|-damage|p2a: Chansey|423\/703
|choice|*switch 3|*
|choice|switch 3|
|
|switch|p1a: Medicham|Medicham-Mega, M|161\/261|[from]move: Volt Switch
|-damage|p1a: Medicham|145\/261|[from] Stealth Rock
|
|upkeep
|turn|23
|choice|*move 4|*
|choice|*|*switch 3
|choice|move zenheadbutt|switch 3
|
|switch|p2a: Landorus|Landorus-Therian, M|103\/381
|-ability|p2a: Landorus|Intimidate|boost
|-unboost|p1a: Medicham|atk|1
|move|p1a: Medicham|Zen Headbutt|p2a: Landorus
|-damage|p2a: Landorus|0 fnt
|faint|p2a: Landorus
|
|upkeep
|choice|*|*switch 4
|choice||switch 4
|
|switch|p2a: Beedrill|Beedrill, M|271\/271
|turn|24
|choice|*|*move 3 mega
|choice|*switch 5|*
|choice|switch 5|move knockoff mega
|
|switch|p1a: Landorus|Landorus-Therian, M|324\/370
|-damage|p1a: Landorus|278\/370|[from] Stealth Rock
|-ability|p1a: Landorus|Intimidate|boost
|-unboost|p2a: Beedrill|atk|1
|-mega|p2a: Beedrill|Beedrill|Beedrillite
|detailschange|p2a: Beedrill|Beedrill-Mega, M
|move|p2a: Beedrill|Knock Off|p1a: Landorus
|-damage|p1a: Landorus|188\/370
|-damage|p2a: Beedrill|226\/271|[from] item: Rocky Helmet|[of] p1a: Landorus
|-enditem|p1a: Landorus|Rocky Helmet|[from] move: Knock Off|[of] p2a: Beedrill
|
|upkeep
|turn|25
|choice|*|*move 1
|choice|*move 1|*
|choice|move stealthrock|move uturn
|
|move|p2a: Beedrill|U-turn|p1a: Landorus
|-resisted|p1a: Landorus
|-damage|p1a: Landorus|120\/370
|choice|*|*switch 5
|choice||switch 5
|
|switch|p2a: Tapu Lele|Tapu Lele|155\/281|[from]move: U-turn
|-fieldstart|move: Psychic Terrain|[from] ability: Psychic Surge|[of] p2a: Tapu Lele
|move|p1a: Landorus|Stealth Rock|p2a: Tapu Lele
|-sidestart|p2: AdderJo|move: Stealth Rock
|
|upkeep
|turn|26
|choice|*move 3|*
|choice|*|*move 1
|choice|move earthquake|move psychic
|
|move|p2a: Tapu Lele|Psychic|p1a: Landorus
|-damage|p1a: Landorus|0 fnt
|faint|p1a: Landorus
|
|upkeep
|choice|*switch 2|*
|choice|switch 2|
|
|switch|p1a: Magearna|Magearna|199\/364
|-damage|p1a: Magearna|177\/364|[from] Stealth Rock
|turn|27
|choice|*move 2|*
|choice|*|*switch 3
|choice|move flashcannon|switch 3
|
|switch|p2a: Chansey|Chansey, F|423\/703
|-damage|p2a: Chansey|336\/703|[from] Stealth Rock
|move|p1a: Magearna|Flash Cannon|p2a: Chansey
|-damage|p2a: Chansey|231\/703
|
|upkeep
|turn|28
|choice|*|*move 2
|choice|*|*move 3
|choice|*move 1|*
|choice|move fleurcannon|move seismictoss
|
|move|p1a: Magearna|Fleur Cannon|p2a: Chansey
|-damage|p2a: Chansey|75\/703
|-unboost|p1a: Magearna|spa|2
|move|p2a: Chansey|Seismic Toss|p1a: Magearna
|-damage|p1a: Magearna|77\/364
|
|upkeep
|turn|29
|choice|*move 1|*
|choice|*|*move 4
|choice|move fleurcannon|move softboiled
|
|move|p1a: Magearna|Fleur Cannon|p2a: Chansey
|-damage|p2a: Chansey|0 fnt
|-unboost|p1a: Magearna|spa|2
|faint|p2a: Chansey
|-ability|p1a: Magearna|Soul-Heart|boost
|-boost|p1a: Magearna|spa|1
|
|-fieldend|move: Psychic Terrain
|upkeep
|choice|*|*switch 5
|choice||switch 5
|
|switch|p2a: Beedrill|Beedrill-Mega, M|226\/271
|-damage|p2a: Beedrill|159\/271|[from] Stealth Rock
|turn|30
|choice|*|*move 4
|choice|*switch 3|*
|choice|switch 3|move drillrun
|
|switch|p1a: Rotom|Rotom-Wash|304\/304
|-damage|p1a: Rotom|266\/304|[from] Stealth Rock
|move|p2a: Beedrill|Drill Run|p1a: Rotom
|-immune|p1a: Rotom|[msg]|[from] ability: Levitate
|
|-heal|p1a: Rotom|285\/304|[from] item: Leftovers
|upkeep
|turn|31
|choice|*|*move 2
|choice|*move 1|*
|choice|move willowisp|move poisonjab
|
|move|p2a: Beedrill|Poison Jab|p1a: Rotom
|-damage|p1a: Rotom|99\/304
|move|p1a: Rotom|Will-O-Wisp|p2a: Beedrill
|-status|p2a: Beedrill|brn
|
|-heal|p1a: Rotom|118\/304|[from] item: Leftovers
|-damage|p2a: Beedrill|143\/271 brn|[from] brn
|upkeep
|turn|32
|choice|*move 3|*
|choice|*|*move 2
|choice|move voltswitch|move poisonjab
|
|move|p2a: Beedrill|Poison Jab|p1a: Rotom
|-damage|p1a: Rotom|25\/304
|move|p1a: Rotom|Volt Switch|p2a: Beedrill
|-damage|p2a: Beedrill|32\/271 brn
|choice|*switch 5|*
|choice|switch 5|
|
|switch|p1a: Medicham|Medicham-Mega, M|145\/261|[from]move: Volt Switch
|-damage|p1a: Medicham|129\/261|[from] Stealth Rock
|
|-damage|p2a: Beedrill|16\/271 brn|[from] brn
|upkeep
|turn|33
|choice|*move 1|*
|choice|*|*move 1
|choice|move fakeout|move uturn
|
|move|p1a: Medicham|Fake Out|p2a: Beedrill
|-damage|p2a: Beedrill|0 fnt
|faint|p2a: Beedrill
|
|upkeep
|choice|*|*switch 3
|choice||switch 3
|
|switch|p2a: Tapu Lele|Tapu Lele|155\/281
|-damage|p2a: Tapu Lele|120\/281|[from] Stealth Rock
|-fieldstart|move: Psychic Terrain|[from] ability: Psychic Surge|[of] p2a: Tapu Lele
|turn|34
|choice|*|*move 2
|choice|*move 2|*
|inactive|AdderJo tiene 135 segundos restantes.
|inactive|AdderJo tiene 120 segundos restantes.
|choice|*|*move 1
|choice|move icepunch|move psychic
|
|move|p2a: Tapu Lele|Psychic|p1a: Medicham
|-damage|p1a: Medicham|0 fnt
|faint|p1a: Medicham
|
|upkeep
|choice|*switch 3|*
|choice|switch 3|
|
|switch|p1a: Magearna|Magearna|77\/364
|-damage|p1a: Magearna|55\/364|[from] Stealth Rock
|turn|35
|choice|*move 2|*
|c|☆ElTioDeJohan|gg
|choice|*|*move 1
|choice|move flashcannon|move psychic
|
|move|p2a: Tapu Lele|Psychic|p1a: Magearna
|-resisted|p1a: Magearna
|-damage|p1a: Magearna|0 fnt
|faint|p1a: Magearna
|
|upkeep
|choice|*switch 5|*
|choice|switch 5|
|
|switch|p1a: Rotom|Rotom-Wash|25\/304
|-damage|p1a: Rotom|0 fnt|[from] Stealth Rock
|faint|p1a: Rotom
|
|win|AdderJo
AdderJo ha ganado 8 PokeDolares.
|raw|Puntaje de ElTioDeJohan: 1387 &rarr; <strong>1368<\/strong><br \/>(-19 por perder)
|raw|Puntaje de AdderJo: 1408 &rarr; <strong>1427<\/strong><br \/>(+19 por ganar)
</script>
</div>
<div class="battle-log battle-log-inline"><div class="inner"><div class="battle-options"></div><div class="inner"><div class=""><small>Format:</small> <br><strong>OU</strong></div><div class="rated"><strong>Rated battle</strong></div><div class=""><small><em>Cláusula-Mod de Dormir:</em> solo puedes dormir a uno de tus oponentes a la vez.</small></div><div class=""><small><em>Cláusula de Especie:</em> Hasta un Pokémon de cada especie</small></div><div class=""><small><em>Cláusula de Golpe Fulminante:</em> los movimientos fulminantes (OHKO) estan prohibidos</small></div><div class=""><small><em>Cláusula de Veleta:</em> la habilidad Veleta está prohibida</small></div><div class=""><small><em>Cláusula de Movimientos Evasivos:</em> los movimientos de Evasión están prohibidos.</small></div><div class=""><small><em>Cláusula de Batallas Eternas:</em> forzar batallas eternas está prohibido</small></div><div class="chat battle-history"><strong>ElTioDeJohan's team:</strong> <em style="color:#445566;display:block;">Medicham / Magearna / Chansey / Landorus-Therian / Rotom-Wash / Volcarona</em></div><div class="chat battle-history"><strong>AdderJo's team:</strong> <em style="color:#445566;display:block;">Beedrill / Infernape / Tapu Lele / Greninja / Chansey / Landorus-Therian</em></div><div class="chat message-error">Reloj de batalla ENCENDIDO. El jugador inactivo será descalificado (solicitado por ElTioDeJohan).</div><div class="spacer battle-history"><br></div><div class="battle-history">Battle started between ElTioDeJohan and AdderJo!<br></div><div class="spacer battle-history"><br></div><div class="battle-history">Go! Landorus (<strong>Landorus-Therian</strong>)!<br></div><div class="spacer battle-history"><br></div><div class="battle-history">AdderJo sent out <strong>Greninja</strong>!<br></div><div class="battle-history"><small>[Landorus's Intimidate]</small><br></div><div class="battle-history"><small>The opposing Greninja's Attack fell!</small><br></div><div class="spacer battle-history"><br></div><h2 class="battle-history">Turn 1</h2><div class="spacer battle-history"><br></div><div class="battle-history">AdderJo withdrew Greninja!<br></div><div class="battle-history">AdderJo sent out <strong>Infernape</strong>!<br></div><div class="spacer battle-history"><br></div><div class="battle-history">Landorus, come back!<br></div><div class="battle-history">Go! Rotom (<strong>Rotom-Wash</strong>)!<br></div><div class="spacer battle-history"><br></div><h2 class="battle-history">Turn 2</h2><div class="spacer battle-history"><br></div><div class="battle-history">AdderJo withdrew Infernape!<br></div><div class="battle-history">AdderJo sent out <strong>Chansey</strong>!<br></div><div class="spacer battle-history"><br></div><div class="battle-history">Rotom used <strong>Volt Switch</strong>!<br></div><div class="battle-history"><small>(The opposing Chansey lost <abbr title="−60/703">8.5%</abbr> of its health!)</small><br></div><div class="chat message-error">ElTioDeJohan tiene 135 segundos restantes.</div><div class="spacer battle-history"><br></div><div class="battle-history">Rotom went back to ElTioDeJohan!<br></div><div class="battle-history">Go! <strong>Medicham</strong>!<br></div><div class="spacer battle-history"><br></div><h2 class="battle-history">Turn 3</h2><div class="spacer battle-history"><br></div><div class="battle-history">AdderJo withdrew Chansey!<br></div><div class="battle-history">AdderJo sent out <strong>Tapu Lele</strong>!<br></div><div class="battle-history"><small>[The opposing Tapu Lele's Psychic Surge]</small><br><small>The battlefield got weird!</small><br></div><div class="spacer battle-history"><br></div><div class="battle-history"><small>Medicham's Medichamite is reacting to the Key Stone!</small><br>Medicham has Mega Evolved into Mega Medicham!<br></div><div class="spacer battle-history"><br></div><div class="battle-history">Medicham used <strong>High Jump Kick</strong>!<br></div><div class="battle-history"><small>It's not very effective...</small><br></div><div class="battle-history"><small>(The opposing Tapu Lele lost <abbr title="−126/281">44.8%</abbr> of its health!)</small><br></div><div class="spacer battle-history"><br></div><h2 class="battle-history">Turn 4</h2><div class="spacer battle-history"><br></div><div class="battle-history">Medicham, come back!<br></div><div class="battle-history">Go! <strong>Chansey</strong>!<br></div><div class="spacer battle-history"><br></div><div class="battle-history">The opposing Tapu Lele used <strong>Psychic</strong>!<br></div><div class="battle-history"><small>(Chansey lost <abbr title="−147/703">20.9%</abbr> of its health!)</small><br></div><div class="spacer battle-history"><br></div><h2 class="battle-history">Turn 5</h2><div class="spacer battle-history"><br></div><div class="battle-history">AdderJo withdrew Tapu Lele!<br></div><div class="battle-history">AdderJo sent out <strong>Infernape</strong>!<br></div><div class="spacer battle-history"><br></div><div class="battle-history">Chansey used <strong>Seismic Toss</strong>!<br></div><div class="battle-history"><small>(The opposing Infernape lost <abbr title="−100/293">34.1%</abbr> of its health!)</small><br></div><div class="spacer battle-history"><br></div><h2 class="battle-history">Turn 6</h2><div class="spacer battle-history"><br></div><div class="battle-history">The opposing Infernape used <strong>Close Combat</strong>!<br></div><div class="battle-history"><small>It's super effective!</small><br></div><div class="battle-history"><small>(Chansey lost <abbr title="−556/703">79.1%</abbr> of its health!)</small><br></div><div class="battle-history"><small>The opposing Infernape's Defense fell!</small><br></div><div class="battle-history"><small>The opposing Infernape's Special Defense fell!</small><br></div><div class="battle-history"><small>The opposing Infernape lost some of its HP!</small><br></div><div class="spacer battle-history"><br></div><div class="battle-history">Chansey fainted!<br></div><div class="spacer battle-history"><br></div><div class="battle-history">Go! <strong>Volcarona</strong>!<br></div><div class="spacer battle-history"><br></div><h2 class="battle-history">Turn 7</h2><div class="spacer battle-history"><br></div><div class="battle-history">The opposing Infernape used <strong>Rock Slide</strong>!<br></div><div class="battle-history"><small>It's super effective!</small><br></div><div class="battle-history"><small>(Volcarona lost <abbr title="−311/311">100%</abbr> of its health!)</small><br></div><div class="battle-history"><small>The opposing Infernape lost some of its HP!</small><br></div><div class="spacer battle-history"><br></div><div class="battle-history">Volcarona fainted!<br></div><div class="spacer battle-history"><br></div><div class="battle-history"><small>The weirdness disappeared from the battlefield!</small><br></div><div class="spacer battle-history"><br></div><div class="battle-history">Go! Rotom (<strong>Rotom-Wash</strong>)!<br></div><div class="spacer battle-history"><br></div><h2 class="battle-history">Turn 8</h2><div class="spacer battle-history"><br></div><div class="battle-history">The opposing Infernape used <strong>Close Combat</strong>!<br></div><div class="battle-history"><small>(Rotom lost <abbr title="−224/304">73.7%</abbr> of its health!)</small><br></div><div class="battle-history"><small>The opposing Infernape's Defense fell!</small><br></div><div class="battle-history"><small>The opposing Infernape's Special Defense fell!</small><br></div><div class="battle-history"><small>The opposing Infernape lost some of its HP!</small><br></div><div class="spacer battle-history"><br></div><div class="battle-history">Rotom used <strong>Volt Switch</strong>!<br></div><div class="battle-history"><small>A critical hit!</small><br></div><div class="battle-history"><small>(The opposing Infernape lost <abbr title="−106/293">36.2%</abbr> of its health!)</small><br></div><div class="spacer battle-history"><br></div><div class="battle-history">The opposing Infernape fainted!<br></div><div class="chat message-error">ElTioDeJohan tiene 135 segundos restantes.</div><div class="spacer battle-history"><br></div><div class="battle-history">Rotom went back to ElTioDeJohan!<br></div><div class="battle-history">Go! <strong>Magearna</strong>!<br></div><div class="spacer battle-history"><br></div><div class="battle-history">AdderJo sent out <strong>Greninja</strong>!<br></div><div class="spacer battle-history"><br></div><h2 class="battle-history">Turn 9</h2><div class="spacer battle-history"><br></div><div class="battle-history"><small>The opposing Greninja surrounded itself with its Z-Power!</small><br></div><div class="spacer battle-history"><br></div><div class="battle-history">The opposing Greninja used <strong>Hydro Vortex</strong>!<br></div><div class="spacer battle-history"><br></div><div class="battle-history"><small>[The opposing Greninja's Protean]</small><br><small>The opposing Greninja transformed into the Water type!</small><br></div><div class="battle-history"><small>(Magearna lost <abbr title="−165/364">45.3%</abbr> of its health!)</small><br></div><div class="spacer battle-history"><br></div><div class="battle-history">Magearna used <strong>Fleur Cannon</strong>!<br></div><div class="battle-history"><small>(The opposing Greninja lost <abbr title="−285/285">100%</abbr> of its health!)</small><br></div><div class="battle-history"><small>Magearna's Special Attack fell harshly!</small><br></div><div class="spacer battle-history"><br></div><div class="battle-history">The opposing Greninja fainted!<br></div><div class="battle-history"><small>[Magearna's Soul-Heart]</small><br></div><div class="battle-history"><small>Magearna's Special Attack rose!</small><br></div><div class="spacer battle-history"><br></div><div class="battle-history">AdderJo sent out Landorus (<strong>Landorus-Therian</strong>)!<br></div><div class="battle-history"><small>[The opposing Landorus's Intimidate]</small><br></div><div class="battle-history"><small>Magearna's Attack fell!</small><br></div><div class="spacer battle-history"><br></div><h2 class="battle-history">Turn 10</h2><div class="spacer battle-history"><br></div><div class="battle-history">Magearna, come back!<br></div><div class="battle-history">Go! Rotom (<strong>Rotom-Wash</strong>)!<br></div><div class="spacer battle-history"><br></div><div class="battle-history">The opposing Landorus used <strong>Stealth Rock</strong>!<br></div><div class="battle-history"><small>Pointed stones float in the air around your team!</small><br></div><div class="spacer battle-history"><br></div><div class="battle-history"><small>Rotom restored a little HP using its Leftovers!</small><br></div><div class="spacer battle-history"><br></div><h2 class="battle-history">Turn 11</h2><div class="spacer battle-history"><br></div><div class="battle-history">AdderJo withdrew Landorus!<br></div><div class="battle-history">AdderJo sent out <strong>Chansey</strong>!<br></div><div class="spacer battle-history"><br></div><div class="battle-history">Rotom used <strong>Pain Split</strong>!<br></div><div class="battle-history"><small>The battlers shared their pain!</small><br></div><div class="spacer battle-history"><br></div><h2 class="battle-history">Turn 12</h2><div class="spacer battle-history"><br></div><div class="battle-history">Rotom, come back!<br></div><div class="battle-history">Go! Landorus (<strong>Landorus-Therian</strong>)!<br></div><div class="battle-history"><small>Pointed stones dug into Landorus!</small><br></div><div class="battle-history"><small>[Landorus's Intimidate]</small><br></div><div class="battle-history"><small>The opposing Chansey's Attack fell!</small><br></div><div class="spacer battle-history"><br></div><div class="battle-history">The opposing Chansey used <strong>Thunder Wave</strong>!<br></div><div class="battle-history"><small>It doesn't affect Landorus...</small><br></div><div class="spacer battle-history"><br></div><h2 class="battle-history">Turn 13</h2><div class="spacer battle-history"><br></div><div class="battle-history">Landorus used <strong>Defog</strong>!<br></div><div class="battle-history"><small>The opposing Chansey's evasiveness fell!</small><br></div><div class="battle-history"><small>The pointed stones disappeared from around your team!</small><br></div><div class="spacer battle-history"><br></div><div class="battle-history">The opposing Chansey used <strong>Soft-Boiled</strong>!<br></div><div class="battle-history"><small>The opposing Chansey restored its HP.</small><br></div><div class="spacer battle-history"><br></div><h2 class="battle-history">Turn 14</h2><div class="spacer battle-history"><br></div><div class="battle-history">AdderJo withdrew Chansey!<br></div><div class="battle-history">AdderJo sent out Landorus (<strong>Landorus-Therian</strong>)!<br></div><div class="battle-history"><small>[The opposing Landorus's Intimidate]</small><br></div><div class="battle-history"><small>Landorus's Attack fell!</small><br></div><div class="spacer battle-history"><br></div><div class="battle-history">Landorus used <strong>Stealth Rock</strong>!<br></div><div class="battle-history"><small>Pointed stones float in the air around the opposing team!</small><br></div><div class="spacer battle-history"><br></div><h2 class="battle-history">Turn 15</h2><div class="spacer battle-history"><br></div><div class="battle-history">Landorus, come back!<br></div><div class="battle-history">Go! Rotom (<strong>Rotom-Wash</strong>)!<br></div><div class="spacer battle-history"><br></div><div class="battle-history">The opposing Landorus used <strong>Defog</strong>!<br></div><div class="battle-history"><small>Rotom's evasiveness fell!</small><br></div><div class="battle-history"><small>The pointed stones disappeared from around the opposing team!</small><br></div><div class="spacer battle-history"><br></div><h2 class="battle-history">Turn 16</h2><div class="spacer battle-history"><br></div><div class="battle-history">AdderJo withdrew Landorus!<br></div><div class="battle-history">AdderJo sent out <strong>Chansey</strong>!<br></div><div class="spacer battle-history"><br></div><div class="battle-history">Rotom used <strong>Hydro Pump</strong>!<br></div><div class="battle-history"><small>(The opposing Chansey lost <abbr title="−81/703">11.5%</abbr> of its health!)</small><br></div><div class="spacer battle-history"><br></div><h2 class="battle-history">Turn 17</h2><div class="spacer battle-history"><br></div><div class="battle-history">AdderJo withdrew Chansey!<br></div><div class="battle-history">AdderJo sent out Landorus (<strong>Landorus-Therian</strong>)!<br></div><div class="battle-history"><small>[The opposing Landorus's Intimidate]</small><br></div><div class="battle-history"><small>Rotom's Attack fell!</small><br></div><div class="spacer battle-history"><br></div><div class="battle-history">Rotom used <strong>Pain Split</strong>!<br></div><div class="battle-history"><small>The battlers shared their pain!</small><br></div><div class="spacer battle-history"><br></div><div class="battle-history"><small>The opposing Landorus restored a little HP using its Leftovers!</small><br></div><div class="spacer battle-history"><br></div><h2 class="battle-history">Turn 18</h2><div class="spacer battle-history"><br></div><div class="battle-history">AdderJo withdrew Landorus!<br></div><div class="battle-history">AdderJo sent out <strong>Chansey</strong>!<br></div><div class="spacer battle-history"><br></div><div class="battle-history">Rotom used <strong>Hydro Pump</strong>!<br></div><div class="battle-history"><small>(The opposing Chansey lost <abbr title="−87/703">12.4%</abbr> of its health!)</small><br></div><div class="spacer battle-history"><br></div><h2 class="battle-history">Turn 19</h2><div class="spacer battle-history"><br></div><div class="battle-history">Rotom used <strong>Volt Switch</strong>!<br></div><div class="battle-history"><small>(The opposing Chansey lost <abbr title="−58/703">8.3%</abbr> of its health!)</small><br></div><div class="spacer battle-history"><br></div><div class="battle-history">Rotom went back to ElTioDeJohan!<br></div><div class="battle-history">Go! Medicham (<strong>Medicham-Mega</strong>)!<br></div><div class="spacer battle-history"><br></div><div class="battle-history">The opposing Chansey used <strong>Seismic Toss</strong>!<br></div><div class="battle-history"><small>(Medicham lost <abbr title="−100/261">38.3%</abbr> of its health!)</small><br></div><div class="spacer battle-history"><br></div><h2 class="battle-history">Turn 20</h2><div class="spacer battle-history"><br></div><div class="battle-history">AdderJo withdrew Chansey!<br></div><div class="battle-history">AdderJo sent out Landorus (<strong>Landorus-Therian</strong>)!<br></div><div class="battle-history"><small>[The opposing Landorus's Intimidate]</small><br></div><div class="battle-history"><small>Medicham's Attack fell!</small><br></div><div class="spacer battle-history"><br></div><div class="battle-history">Medicham used <strong>Ice Punch</strong>!<br></div><div class="battle-history"><small>It's super effective!</small><br></div><div class="battle-history"><small>(The opposing Landorus lost <abbr title="−308/381">80.8%</abbr> of its health!)</small><br></div><div class="spacer battle-history"><br></div><div class="battle-history"><small>The opposing Landorus restored a little HP using its Leftovers!</small><br></div><div class="spacer battle-history"><br></div><h2 class="battle-history">Turn 21</h2><div class="spacer battle-history"><br></div><div class="battle-history">Medicham, come back!<br></div><div class="battle-history">Go! Rotom (<strong>Rotom-Wash</strong>)!<br></div><div class="spacer battle-history"><br></div><div class="battle-history">The opposing Landorus used <strong>Stealth Rock</strong>!<br></div><div class="battle-history"><small>Pointed stones float in the air around your team!</small><br></div><div class="spacer battle-history"><br></div><div class="battle-history"><small>The opposing Landorus restored a little HP using its Leftovers!</small><br></div><div class="spacer battle-history"><br></div><h2 class="battle-history">Turn 22</h2><div class="spacer battle-history"><br></div><div class="battle-history">AdderJo withdrew Landorus!<br></div><div class="battle-history">AdderJo sent out <strong>Chansey</strong>!<br></div><div class="spacer battle-history"><br></div><div class="battle-history">Rotom used <strong>Volt Switch</strong>!<br></div><div class="battle-history"><small>(The opposing Chansey lost <abbr title="−54/703">7.7%</abbr> of its health!)</small><br></div><div class="spacer battle-history"><br></div><div class="battle-history">Rotom went back to ElTioDeJohan!<br></div><div class="battle-history">Go! Medicham (<strong>Medicham-Mega</strong>)!<br></div><div class="battle-history"><small>Pointed stones dug into Medicham!</small><br></div><div class="spacer battle-history"><br></div><h2 class="battle-history">Turn 23</h2><div class="spacer battle-history"><br></div><div class="battle-history">AdderJo withdrew Chansey!<br></div><div class="battle-history">AdderJo sent out Landorus (<strong>Landorus-Therian</strong>)!<br></div><div class="battle-history"><small>[The opposing Landorus's Intimidate]</small><br></div><div class="battle-history"><small>Medicham's Attack fell!</small><br></div><div class="spacer battle-history"><br></div><div class="battle-history">Medicham used <strong>Zen Headbutt</strong>!<br></div><div class="battle-history"><small>(The opposing Landorus lost <abbr title="−103/381">27.0%</abbr> of its health!)</small><br></div><div class="spacer battle-history"><br></div><div class="battle-history">The opposing Landorus fainted!<br></div><div class="spacer battle-history"><br></div><div class="battle-history">AdderJo sent out <strong>Beedrill</strong>!<br></div><div class="spacer battle-history"><br></div><h2 class="battle-history">Turn 24</h2><div class="spacer battle-history"><br></div><div class="battle-history">Medicham, come back!<br></div><div class="battle-history">Go! Landorus (<strong>Landorus-Therian</strong>)!<br></div><div class="battle-history"><small>Pointed stones dug into Landorus!</small><br></div><div class="battle-history"><small>[Landorus's Intimidate]</small><br></div><div class="battle-history"><small>The opposing Beedrill's Attack fell!</small><br></div><div class="spacer battle-history"><br></div><div class="battle-history"><small>The opposing Beedrill's Beedrillite is reacting to the Key Stone!</small><br>The opposing Beedrill has Mega Evolved into Mega Beedrill!<br></div><div class="spacer battle-history"><br></div><div class="battle-history">The opposing Beedrill used <strong>Knock Off</strong>!<br></div><div class="battle-history"><small>(Landorus lost <abbr title="−90/370">24.3%</abbr> of its health!)</small><br></div><div class="battle-history"><small>The opposing Beedrill was hurt by the Rocky Helmet!</small><br></div><div class="battle-history"><small>The opposing Beedrill knocked off Landorus's Rocky Helmet!</small><br></div><div class="spacer battle-history"><br></div><h2 class="battle-history">Turn 25</h2><div class="spacer battle-history"><br></div><div class="battle-history">The opposing Beedrill used <strong>U-turn</strong>!<br></div><div class="battle-history"><small>It's not very effective...</small><br></div><div class="battle-history"><small>(Landorus lost <abbr title="−68/370">18.4%</abbr> of its health!)</small><br></div><div class="spacer battle-history"><br></div><div class="battle-history">The opposing Beedrill went back to AdderJo!<br></div><div class="battle-history">AdderJo sent out <strong>Tapu Lele</strong>!<br></div><div class="battle-history"><small>[The opposing Tapu Lele's Psychic Surge]</small><br><small>The battlefield got weird!</small><br></div><div class="spacer battle-history"><br></div><div class="battle-history">Landorus used <strong>Stealth Rock</strong>!<br></div><div class="battle-history"><small>Pointed stones float in the air around the opposing team!</small><br></div><div class="spacer battle-history"><br></div><h2 class="battle-history">Turn 26</h2><div class="spacer battle-history"><br></div><div class="battle-history">The opposing Tapu Lele used <strong>Psychic</strong>!<br></div><div class="battle-history"><small>(Landorus lost <abbr title="−120/370">32.4%</abbr> of its health!)</small><br></div><div class="spacer battle-history"><br></div><div class="battle-history">Landorus fainted!<br></div><div class="spacer battle-history"><br></div><div class="battle-history">Go! <strong>Magearna</strong>!<br></div><div class="battle-history"><small>Pointed stones dug into Magearna!</small><br></div><div class="spacer battle-history"><br></div><h2 class="battle-history">Turn 27</h2><div class="spacer battle-history"><br></div><div class="battle-history">AdderJo withdrew Tapu Lele!<br></div><div class="battle-history">AdderJo sent out <strong>Chansey</strong>!<br></div><div class="battle-history"><small>Pointed stones dug into the opposing Chansey!</small><br></div><div class="spacer battle-history"><br></div><div class="battle-history">Magearna used <strong>Flash Cannon</strong>!<br></div><div class="battle-history"><small>(The opposing Chansey lost <abbr title="−105/703">14.9%</abbr> of its health!)</small><br></div><div class="spacer battle-history"><br></div><h2 class="battle-history">Turn 28</h2><div class="spacer battle-history"><br></div><div class="battle-history">Magearna used <strong>Fleur Cannon</strong>!<br></div><div class="battle-history"><small>(The opposing Chansey lost <abbr title="−156/703">22.2%</abbr> of its health!)</small><br></div><div class="battle-history"><small>Magearna's Special Attack fell harshly!</small><br></div><div class="spacer battle-history"><br></div><div class="battle-history">The opposing Chansey used <strong>Seismic Toss</strong>!<br></div><div class="battle-history"><small>(Magearna lost <abbr title="−100/364">27.5%</abbr> of its health!)</small><br></div><div class="spacer battle-history"><br></div><h2 class="battle-history">Turn 29</h2><div class="spacer battle-history"><br></div><div class="battle-history">Magearna used <strong>Fleur Cannon</strong>!<br></div><div class="battle-history"><small>(The opposing Chansey lost <abbr title="−75/703">10.7%</abbr> of its health!)</small><br></div><div class="battle-history"><small>Magearna's Special Attack fell harshly!</small><br></div><div class="spacer battle-history"><br></div><div class="battle-history">The opposing Chansey fainted!<br></div><div class="battle-history"><small>[Magearna's Soul-Heart]</small><br></div><div class="battle-history"><small>Magearna's Special Attack rose!</small><br></div><div class="spacer battle-history"><br></div><div class="battle-history"><small>The weirdness disappeared from the battlefield!</small><br></div><div class="spacer battle-history"><br></div><div class="battle-history">AdderJo sent out Beedrill (<strong>Beedrill-Mega</strong>)!<br></div><div class="battle-history"><small>Pointed stones dug into the opposing Beedrill!</small><br></div><div class="spacer battle-history"><br></div><h2 class="battle-history">Turn 30</h2><div class="spacer battle-history"><br></div><div class="battle-history">Magearna, come back!<br></div><div class="battle-history">Go! Rotom (<strong>Rotom-Wash</strong>)!<br></div><div class="battle-history"><small>Pointed stones dug into Rotom!</small><br></div><div class="spacer battle-history"><br></div><div class="battle-history">The opposing Beedrill used <strong>Drill Run</strong>!<br></div><div class="battle-history"><small>[Rotom's Levitate]</small><br><small>It doesn't affect Rotom...</small><br></div><div class="spacer battle-history"><br></div><div class="battle-history"><small>Rotom restored a little HP using its Leftovers!</small><br></div><div class="spacer battle-history"><br></div><h2 class="battle-history">Turn 31</h2><div class="spacer battle-history"><br></div><div class="battle-history">The opposing Beedrill used <strong>Poison Jab</strong>!<br></div><div class="battle-history"><small>(Rotom lost <abbr title="−186/304">61.2%</abbr> of its health!)</small><br></div><div class="spacer battle-history"><br></div><div class="battle-history">Rotom used <strong>Will-O-Wisp</strong>!<br></div><div class="battle-history"><small>The opposing Beedrill was burned!</small><br></div><div class="spacer battle-history"><br></div><div class="battle-history"><small>Rotom restored a little HP using its Leftovers!</small><br></div><div class="battle-history"><small>The opposing Beedrill was hurt by its burn!</small><br></div><div class="spacer battle-history"><br></div><h2 class="battle-history">Turn 32</h2><div class="spacer battle-history"><br></div><div class="battle-history">The opposing Beedrill used <strong>Poison Jab</strong>!<br></div><div class="battle-history"><small>(Rotom lost <abbr title="−93/304">30.6%</abbr> of its health!)</small><br></div><div class="spacer battle-history"><br></div><div class="battle-history">Rotom used <strong>Volt Switch</strong>!<br></div><div class="battle-history"><small>(The opposing Beedrill lost <abbr title="−111/271">41.0%</abbr> of its health!)</small><br></div><div class="spacer battle-history"><br></div><div class="battle-history">Rotom went back to ElTioDeJohan!<br></div><div class="battle-history">Go! Medicham (<strong>Medicham-Mega</strong>)!<br></div><div class="battle-history"><small>Pointed stones dug into Medicham!</small><br></div><div class="spacer battle-history"><br></div><div class="battle-history"><small>The opposing Beedrill was hurt by its burn!</small><br></div><div class="spacer battle-history"><br></div><h2 class="battle-history">Turn 33</h2><div class="spacer battle-history"><br></div><div class="battle-history">Medicham used <strong>Fake Out</strong>!<br></div><div class="battle-history"><small>(The opposing Beedrill lost <abbr title="−16/271">5.9%</abbr> of its health!)</small><br></div><div class="spacer battle-history"><br></div><div class="battle-history">The opposing Beedrill fainted!<br></div><div class="spacer battle-history"><br></div><div class="battle-history">AdderJo sent out <strong>Tapu Lele</strong>!<br></div><div class="battle-history"><small>Pointed stones dug into the opposing Tapu Lele!</small><br></div><div class="battle-history"><small>[The opposing Tapu Lele's Psychic Surge]</small><br><small>The battlefield got weird!</small><br></div><div class="spacer battle-history"><br></div><h2 class="battle-history">Turn 34</h2><div class="chat message-error">AdderJo tiene 135 segundos restantes.</div><div class="chat message-error">AdderJo tiene 120 segundos restantes.</div><div class="spacer battle-history"><br></div><div class="battle-history">The opposing Tapu Lele used <strong>Psychic</strong>!<br></div><div class="battle-history"><small>(Medicham lost <abbr title="−129/261">49.4%</abbr> of its health!)</small><br></div><div class="spacer battle-history"><br></div><div class="battle-history">Medicham fainted!<br></div><div class="spacer battle-history"><br></div><div class="battle-history">Go! <strong>Magearna</strong>!<br></div><div class="battle-history"><small>Pointed stones dug into Magearna!</small><br></div><div class="spacer battle-history"><br></div><h2 class="battle-history">Turn 35</h2><div class="chat chatmessage-eltiodejohan"><strong style="color:hsl(46,87%,34%)"><small>☆</small><span class="username" data-name="ElTioDeJohan">ElTioDeJohan</span>:</strong> <em>gg</em></div><div class="spacer battle-history"><br></div><div class="battle-history">The opposing Tapu Lele used <strong>Psychic</strong>!<br></div><div class="battle-history"><small>It's not very effective...</small><br></div><div class="battle-history"><small>(Magearna lost <abbr title="−55/364">15.1%</abbr> of its health!)</small><br></div><div class="spacer battle-history"><br></div><div class="battle-history">Magearna fainted!<br></div><div class="spacer battle-history"><br></div><div class="battle-history">Go! Rotom (<strong>Rotom-Wash</strong>)!<br></div><div class="battle-history"><small>Pointed stones dug into Rotom!</small><br></div><div class="spacer battle-history"><br></div><div class="battle-history">Rotom fainted!<br></div><div class="spacer battle-history"><br></div><div class="battle-history"><strong>AdderJo</strong> won the battle!<br></div><div class="chat">AdderJo ha ganado 8 PokeDolares.</div><div class="chat">Puntaje de ElTioDeJohan: 1387 → <strong>1368</strong><br>(-19 por perder)</div><div class="chat">Puntaje de AdderJo: 1408 → <strong>1427</strong><br>(+19 por ganar)</div></div><div class="inner-preempt"></div></div></div>
</div>
<script>
let daily = Math.floor(Date.now()/1000/60/60/24);document.write('<script src="https://play.pokemonshowdown.com/js/replay-embed.js?version'+daily+'"></'+'script>');
</script>
