<!DOCTYPE html>
<meta charset="utf-8" />
<!-- version 1 -->
<title>OU replay: Poken Soldier vs. xxxjossxxx</title>
<style>
html,body {font-family:Verdana, sans-serif;font-size:10pt;margin:0;padding:0;}body{padding:12px 0;} .battle-log {font-family:Verdana, sans-serif;font-size:10pt;} .battle-log-inline {border:1px solid #AAAAAA;background:#EEF2F5;color:black;max-width:640px;margin:0 auto 80px;padding-bottom:5px;} .battle-log .inner {padding:4px 8px 0px 8px;} .battle-log .inner-preempt {padding:0 8px 4px 8px;} .battle-log .inner-after {margin-top:0.5em;} .battle-log h2 {margin:0.5em -8px;padding:4px 8px;border:1px solid #AAAAAA;background:#E0E7EA;border-left:0;border-right:0;font-family:Verdana, sans-serif;font-size:13pt;} .battle-log .chat {vertical-align:middle;padding:3px 0 3px 0;font-size:8pt;} .battle-log .chat strong {color:#40576A;} .battle-log .chat em {padding:1px 4px 1px 3px;color:#000000;font-style:normal;} .chat.mine {background:rgba(0,0,0,0.05);margin-left:-8px;margin-right:-8px;padding-left:8px;padding-right:8px;} .spoiler {color:#BBBBBB;background:#BBBBBB;padding:0px 3px;} .spoiler:hover, .spoiler:active, .spoiler-shown {color:#000000;background:#E2E2E2;padding:0px 3px;} .spoiler a {color:#BBBBBB;} .spoiler:hover a, .spoiler:active a, .spoiler-shown a {color:#2288CC;} .chat code, .chat .spoiler:hover code, .chat .spoiler:active code, .chat .spoiler-shown code {border:1px solid #C0C0C0;background:#EEEEEE;color:black;padding:0 2px;} .chat .spoiler code {border:1px solid #CCCCCC;background:#CCCCCC;color:#CCCCCC;} .battle-log .rated {padding:3px 4px;} .battle-log .rated strong {color:white;background:#89A;padding:1px 4px;border-radius:4px;} .spacer {margin-top:0.5em;} .message-announce {background:#6688AA;color:white;padding:1px 4px 2px;} .message-announce a, .broadcast-green a, .broadcast-blue a, .broadcast-red a {color:#DDEEFF;} .broadcast-green {background-color:#559955;color:white;padding:2px 4px;} .broadcast-blue {background-color:#6688AA;color:white;padding:2px 4px;} .infobox {border:1px solid #6688AA;padding:2px 4px;} .infobox-limited {max-height:200px;overflow:auto;overflow-x:hidden;} .broadcast-red {background-color:#AA5544;color:white;padding:2px 4px;} .message-learn-canlearn {font-weight:bold;color:#228822;text-decoration:underline;} .message-learn-cannotlearn {font-weight:bold;color:#CC2222;text-decoration:underline;} .message-effect-weak {font-weight:bold;color:#CC2222;} .message-effect-resist {font-weight:bold;color:#6688AA;} .message-effect-immune {font-weight:bold;color:#666666;} .message-learn-list {margin-top:0;margin-bottom:0;} .message-throttle-notice, .message-error {color:#992222;} .message-overflow, .chat small.message-overflow {font-size:0pt;} .message-overflow::before {font-size:9pt;content:'...';} .subtle {color:#3A4A66;}
</style>
<div class="wrapper replay-wrapper" style="max-width:1180px;margin:0 auto">
<input type="hidden" name="replayid" value="destiny-ou-538854" />
<div class="battle"></div><div class="battle-log"></div><div class="replay-controls"></div><div class="replay-controls-2"></div>
<h1 style="font-weight:normal;text-align:center"><strong>OU</strong><br /><a href="http://pokemonshowdown.com/users/pokensoldier" class="subtle" target="_blank">Poken Soldier</a> vs. <a href="http://pokemonshowdown.com/users/xxxjossxxx" class="subtle" target="_blank">xxxjossxxx</a></h1>
<script type="text/plain" class="battle-log-data">|player|p1|Poken Soldier|1028
|teamsize|p1|6
|player|p2|xxxjossxxx|267
|teamsize|p2|6
|teamsize|p1|6
|teamsize|p2|6
|gametype|singles
|gen|7
|tier|OU
|rated
|seed|18941,48453,24824,8619
|rule|Cláusula-Mod de Dormir: solo puedes dormir a uno de tus oponentes a la vez.
|rule|Cláusula de Especie: Hasta un Pokémon de cada especie
|rule|Cláusula de Golpe Fulminante: los movimientos fulminantes (OHKO) estan prohibidos
|rule|Cláusula de Veleta: la habilidad Veleta está prohibida
|rule|Cláusula de Movimientos Evasivos: los movimientos de Evasión están prohibidos.
|rule|Cláusula de Batallas Eternas: forzar batallas eternas está prohibido
|clearpoke
|poke|p1|Quagsire, M|item
|poke|p1|Roserade, F|item
|poke|p1|Latias, F|item
|poke|p1|Primarina, F|item
|poke|p1|Drapion, M|item
|poke|p1|Doublade, M|item
|poke|p2|Raichu, M|item
|poke|p2|Gyarados, F|item
|poke|p2|Tapu Lele|item
|poke|p2|Serperior, M|item
|poke|p2|Rapidash, F|item
|poke|p2|Weavile, F|item
|teampreview|undefined
|choice|*|*team 523416
|inactive|Reloj de batalla ENCENDIDO. El jugador inactivo será descalificado (solicitado por xxxjossxxx).
|choice|*team 523416|*
|choice|team 5, 2, 3, 4, 1, 6|team 5, 2, 3, 4, 1, 6
|
|start
|switch|p1a: Drapion|Drapion, M|281\/281
|switch|p2a: Rapidash|Rapidash, F|271\/271
|turn|1
|choice|*|*move 2
|choice|*move 1|*
|choice|move toxicspikes|move highhorsepower
|
|move|p2a: Rapidash|High Horsepower|p1a: Drapion
|-supereffective|p1a: Drapion
|-damage|p1a: Drapion|115\/281
|-damage|p2a: Rapidash|244\/271|[from] item: Life Orb
|move|p1a: Drapion|Toxic Spikes|p2a: Rapidash
|-sidestart|p2: xxxjossxxx|move: Toxic Spikes
|
|upkeep
|turn|2
|choice|*|*move 2
|choice|*|*move 3
|choice|*switch 3|*
|choice|switch 3|move megahorn
|
|switch|p1a: Latias|Latias, F|301\/301
|move|p2a: Rapidash|Megahorn|p1a: Latias
|-supereffective|p1a: Latias
|-damage|p1a: Latias|0 fnt
|-damage|p2a: Rapidash|217\/271|[from] item: Life Orb
|faint|p1a: Latias
|
|upkeep
|inactive|Poken Soldier tiene 135 segundos restantes.
|c|☆Poken Soldier|No puede ser
|choice|*switch 5|*
|choice|switch 5|
|
|switch|p1a: Quagsire|Quagsire, M|394\/394
|turn|3
|choice|*|*switch 3
|choice|*switch 3|*
|choice|switch 3|switch 3
|
|switch|p2a: Tapu Lele|Tapu Lele|281\/281
|-status|p2a: Tapu Lele|psn
|-fieldstart|move: Psychic Terrain|[from] ability: Psychic Surge|[of] p2a: Tapu Lele
|switch|p1a: Drapion|Drapion, M|115\/281
|
|-damage|p2a: Tapu Lele|246\/281 psn|[from] psn
|upkeep
|turn|4
|choice|*|*move 2
|choice|*move 3|*
|choice|move knockoff|move moonblast
|
|move|p2a: Tapu Lele|Moonblast|p1a: Drapion
|-damage|p1a: Drapion|0 fnt
|faint|p1a: Drapion
|
|-damage|p2a: Tapu Lele|211\/281 psn|[from] psn
|upkeep
|choice|*switch 4|*
|choice|switch 4|
|
|switch|p1a: Primarina|Primarina, F|301\/301
|turn|5
|inactive|Poken Soldier tiene 135 segundos restantes.
|inactive|xxxjossxxx tiene 135 segundos restantes.
|choice|*move 4|*
|inactive|xxxjossxxx tiene 135 segundos restantes.
|choice|*|*switch 4
|choice|move shadowball|switch 4
|
|switch|p2a: Serperior|Serperior, M|291\/291
|-status|p2a: Serperior|psn
|move|p1a: Primarina|Shadow Ball|p2a: Serperior
|-damage|p2a: Serperior|198\/291 psn
|
|-heal|p2a: Serperior|216\/291 psn|[from] item: Leftovers
|-damage|p2a: Serperior|180\/291 psn|[from] psn
|upkeep
|turn|6
|choice|*|*move 1
|choice|*switch 2|*
|choice|switch 2|move glare
|
|switch|p1a: Roserade|Roserade, F|261\/261
|move|p2a: Serperior|Glare|p1a: Roserade
|-status|p1a: Roserade|par
|
|-heal|p2a: Serperior|198\/291 psn|[from] item: Leftovers
|-damage|p2a: Serperior|162\/291 psn|[from] psn
|upkeep
|turn|7
|choice|*|*move 2
|choice|*move 1|*
|choice|move sludgebomb|move substitute
|
|move|p2a: Serperior|Substitute|p2a: Serperior
|-start|p2a: Serperior|Substitute
|-damage|p2a: Serperior|90\/291 psn
|move|p1a: Roserade|Sludge Bomb|p2a: Serperior
|-supereffective|p2a: Serperior
|-end|p2a: Serperior|Substitute
|
|-heal|p2a: Serperior|108\/291 psn|[from] item: Leftovers
|-damage|p2a: Serperior|72\/291 psn|[from] psn
|-fieldend|move: Psychic Terrain
|upkeep
|turn|8
|choice|*move 1|*
|choice|*|*move 3
|choice|move sludgebomb|move leafstorm
|
|move|p2a: Serperior|Leaf Storm|p1a: Roserade|[miss]
|-miss|p2a: Serperior|p1a: Roserade
|move|p1a: Roserade|Sludge Bomb|p2a: Serperior
|-supereffective|p2a: Serperior
|-damage|p2a: Serperior|0 fnt
|faint|p2a: Serperior
|
|upkeep
|choice|*|*switch 2
|choice||switch 2
|
|switch|p2a: Gyarados|Gyarados, F|331\/331
|turn|9
|choice|*|*move 2
|inactive|Poken Soldier tiene 135 segundos restantes.
|choice|*switch 3|*
|choice|switch 3|move dragondance
|
|-curestatus|p1a: Roserade|par|[from] ability: Natural Cure
|switch|p1a: Quagsire|Quagsire, M|394\/394
|move|p2a: Gyarados|Dragon Dance|p2a: Gyarados
|-boost|p2a: Gyarados|atk|1
|-boost|p2a: Gyarados|spe|1
|
|upkeep
|turn|10
|choice|*|*move 1 zmove
|choice|*move 2|*
|choice|move earthquake|move bounce zmove
|
|-zpower|p2a: Gyarados
|move|p2a: Gyarados|Supersonic Skystrike|p1a: Quagsire|[zeffect]
|-damage|p1a: Quagsire|112\/394
|move|p1a: Quagsire|Earthquake|p2a: Gyarados
|-immune|p2a: Gyarados|[msg]
|
|-heal|p1a: Quagsire|136\/394|[from] item: Leftovers
|upkeep
|turn|11
|choice|*move 4|*
|choice|*|*move 3
|choice|move protect|move icefang
|
|move|p1a: Quagsire|Protect|p1a: Quagsire
|-singleturn|p1a: Quagsire|Protect
|move|p2a: Gyarados|Ice Fang|p1a: Quagsire
|-activate|p1a: Quagsire|move: Protect
|
|-heal|p1a: Quagsire|160\/394|[from] item: Leftovers
|upkeep
|turn|12
|choice|*move 3|*
|choice|*|*move 2
|choice|move recover|move dragondance
|
|move|p2a: Gyarados|Dragon Dance|p2a: Gyarados
|-boost|p2a: Gyarados|atk|1
|-boost|p2a: Gyarados|spe|1
|move|p1a: Quagsire|Recover|p1a: Quagsire
|-heal|p1a: Quagsire|357\/394
|
|-heal|p1a: Quagsire|381\/394|[from] item: Leftovers
|upkeep
|turn|13
|choice|*|*move 3
|choice|*move 1|*
|choice|move aquatail|move icefang
|
|move|p2a: Gyarados|Ice Fang|p1a: Quagsire
|-damage|p1a: Quagsire|315\/394
|move|p1a: Quagsire|Aqua Tail|p2a: Gyarados
|-resisted|p2a: Gyarados
|-damage|p2a: Gyarados|268\/331
|
|-heal|p1a: Quagsire|339\/394|[from] item: Leftovers
|upkeep
|turn|14
|choice|*|*move 3
|choice|*move 1|*
|choice|move aquatail|move icefang
|
|move|p2a: Gyarados|Ice Fang|p1a: Quagsire
|-damage|p1a: Quagsire|263\/394
|move|p1a: Quagsire|Aqua Tail|p2a: Gyarados
|-resisted|p2a: Gyarados
|-damage|p2a: Gyarados|208\/331
|
|-heal|p1a: Quagsire|287\/394|[from] item: Leftovers
|upkeep
|turn|15
|choice|*|*move 3
|choice|*move 1|*
|choice|move aquatail|move icefang
|
|move|p2a: Gyarados|Ice Fang|p1a: Quagsire
|-damage|p1a: Quagsire|218\/394
|move|p1a: Quagsire|Aqua Tail|p2a: Gyarados
|-resisted|p2a: Gyarados
|-damage|p2a: Gyarados|150\/331
|
|-heal|p1a: Quagsire|242\/394|[from] item: Leftovers
|upkeep
|turn|16
|choice|*move 3|*
|choice|*|*move 3
|choice|move recover|move icefang
|
|move|p2a: Gyarados|Ice Fang|p1a: Quagsire
|-damage|p1a: Quagsire|166\/394
|move|p1a: Quagsire|Recover|p1a: Quagsire
|-heal|p1a: Quagsire|363\/394
|
|-heal|p1a: Quagsire|387\/394|[from] item: Leftovers
|upkeep
|turn|17
|choice|*|*move 3
|choice|*move 1|*
|choice|move aquatail|move icefang
|
|move|p2a: Gyarados|Ice Fang|p1a: Quagsire
|-damage|p1a: Quagsire|321\/394
|move|p1a: Quagsire|Aqua Tail|p2a: Gyarados
|-resisted|p2a: Gyarados
|-damage|p2a: Gyarados|90\/331
|
|-heal|p1a: Quagsire|345\/394|[from] item: Leftovers
|upkeep
|turn|18
|choice|*|*move 3
|choice|*move 1|*
|choice|move aquatail|move icefang
|
|move|p2a: Gyarados|Ice Fang|p1a: Quagsire
|-damage|p1a: Quagsire|272\/394
|cant|p1a: Quagsire|flinch
|
|-heal|p1a: Quagsire|296\/394|[from] item: Leftovers
|upkeep
|turn|19
|choice|*move 1|*
|choice|*|*move 3
|choice|move aquatail|move icefang
|
|move|p2a: Gyarados|Ice Fang|p1a: Quagsire
|-damage|p1a: Quagsire|223\/394
|move|p1a: Quagsire|Aqua Tail|p2a: Gyarados
|-resisted|p2a: Gyarados
|-crit|p2a: Gyarados
|-damage|p2a: Gyarados|2\/331
|
|-heal|p1a: Quagsire|247\/394|[from] item: Leftovers
|upkeep
|turn|20
|choice|*move 3|*
|choice|*|*move 3
|choice|move recover|move icefang
|
|move|p2a: Gyarados|Ice Fang|p1a: Quagsire
|-damage|p1a: Quagsire|180\/394
|move|p1a: Quagsire|Recover|p1a: Quagsire
|-heal|p1a: Quagsire|377\/394
|
|-heal|p1a: Quagsire|394\/394|[from] item: Leftovers
|upkeep
|turn|21
|choice|*|*move 3
|choice|*move 1|*
|choice|move aquatail|move icefang
|
|move|p2a: Gyarados|Ice Fang|p1a: Quagsire
|-damage|p1a: Quagsire|319\/394
|move|p1a: Quagsire|Aqua Tail|p2a: Gyarados
|-resisted|p2a: Gyarados
|-damage|p2a: Gyarados|0 fnt
|faint|p2a: Gyarados
|
|-heal|p1a: Quagsire|343\/394|[from] item: Leftovers
|upkeep
|choice|*|*switch 4
|choice||switch 4
|
|switch|p2a: Tapu Lele|Tapu Lele|211\/281 psn
|-fieldstart|move: Psychic Terrain|[from] ability: Psychic Surge|[of] p2a: Tapu Lele
|turn|22
|choice|*|*move 4
|choice|*move 4|*
|choice|move protect|move energyball
|
|move|p1a: Quagsire|Protect|p1a: Quagsire
|-singleturn|p1a: Quagsire|Protect
|move|p2a: Tapu Lele|Energy Ball|p1a: Quagsire
|-activate|p1a: Quagsire|move: Protect
|
|-heal|p1a: Quagsire|367\/394|[from] item: Leftovers
|-damage|p2a: Tapu Lele|176\/281 psn|[from] psn
|upkeep
|turn|23
|choice|*|*switch 6
|choice|*switch 3|*
|choice|switch 3|switch 6
|
|switch|p2a: Weavile|Weavile, F|281\/281
|-status|p2a: Weavile|psn
|-ability|p2a: Weavile|Pressure
|switch|p1a: Roserade|Roserade, F|261\/261
|
|-damage|p2a: Weavile|246\/281 psn|[from] psn
|upkeep
|turn|24
|choice|*switch 3|*
|choice|*|*move 2
|choice|switch 3|move knockoff
|
|switch|p1a: Quagsire|Quagsire, M|367\/394
|move|p2a: Weavile|Knock Off|p1a: Quagsire
|-damage|p1a: Quagsire|132\/394
|-enditem|p1a: Quagsire|Leftovers|[from] move: Knock Off|[of] p2a: Weavile
|
|-damage|p2a: Weavile|211\/281 psn|[from] psn
|upkeep
|turn|25
|choice|*move 4|*
|choice|*|*move 2
|inactive|Poken Soldier tiene 135 segundos restantes.
|c|☆Poken Soldier|Alaaa
|choice|*move 2|*
|choice|move earthquake|move knockoff
|
|move|p2a: Weavile|Knock Off|p1a: Quagsire
|-damage|p1a: Quagsire|0 fnt
|faint|p1a: Quagsire
|
|-damage|p2a: Weavile|176\/281 psn|[from] psn
|upkeep
|choice|*switch 6|*
|choice|switch 6|
|
|switch|p1a: Doublade|Doublade, M|259\/259
|turn|26
|choice|*|*move 2
|choice|*move 2|*
|choice|move sacredsword|move knockoff
|
|move|p2a: Weavile|Knock Off|p1a: Doublade
|-supereffective|p1a: Doublade
|-damage|p1a: Doublade|85\/259
|-enditem|p1a: Doublade|Eviolite|[from] move: Knock Off|[of] p2a: Weavile
|move|p1a: Doublade|Sacred Sword|p2a: Weavile
|-supereffective|p2a: Weavile
|-damage|p2a: Weavile|0 fnt
|faint|p2a: Weavile
|
|-fieldend|move: Psychic Terrain
|upkeep
|choice|*|*switch 3
|choice||switch 3
|
|switch|p2a: Rapidash|Rapidash, F|217\/271
|-status|p2a: Rapidash|psn
|turn|27
|choice|*|*move 4
|choice|*move 1|*
|choice|move shadowsneak|move wildcharge
|
|move|p1a: Doublade|Shadow Sneak|p2a: Rapidash
|-damage|p2a: Rapidash|132\/271 psn
|move|p2a: Rapidash|Wild Charge|p1a: Doublade
|-damage|p1a: Doublade|21\/259
|-damage|p2a: Rapidash|116\/271 psn|[from] recoil
|-damage|p2a: Rapidash|89\/271 psn|[from] item: Life Orb
|
|-damage|p2a: Rapidash|56\/271 psn|[from] psn
|upkeep
|turn|28
|choice|*|*switch 6
|c|☆Poken Soldier|No debiste hacer ese ataque
|choice|*move 1|*
|choice|move shadowsneak|switch 6
|
|switch|p2a: Tapu Lele|Tapu Lele|176\/281 psn
|-fieldstart|move: Psychic Terrain|[from] ability: Psychic Surge|[of] p2a: Tapu Lele
|move|p1a: Doublade|Shadow Sneak|p2a: Tapu Lele
|-activate|p2a: Tapu Lele|move: Psychic Terrain
|
|-damage|p2a: Tapu Lele|141\/281 psn|[from] psn
|upkeep
|turn|29
|choice|*|*move 3
|inactive|Poken Soldier tiene 135 segundos restantes.
|choice|*switch 2|*
|choice|switch 2|move shadowball
|
|switch|p1a: Primarina|Primarina, F|301\/301
|move|p2a: Tapu Lele|Shadow Ball|p1a: Primarina
|-damage|p1a: Primarina|256\/301
|-unboost|p1a: Primarina|spd|1
|
|-damage|p2a: Tapu Lele|106\/281 psn|[from] psn
|upkeep
|turn|30
|choice|*|*switch 6
|choice|*switch 3|*
|choice|switch 3|switch 6
|
|switch|p2a: Rapidash|Rapidash, F|56\/271 psn
|switch|p1a: Roserade|Roserade, F|261\/261
|
|-damage|p2a: Rapidash|23\/271 psn|[from] psn
|upkeep
|turn|31
|choice|*|*move 1
|choice|*switch 2|*
|choice|switch 2|move flareblitz
|
|switch|p1a: Doublade|Doublade, M|21\/259
|move|p2a: Rapidash|Flare Blitz|p1a: Doublade
|-supereffective|p1a: Doublade
|-damage|p1a: Doublade|0 fnt
|-damage|p2a: Rapidash|16\/271 psn|[from] recoil
|-damage|p2a: Rapidash|0 fnt|[from] item: Life Orb
|faint|p1a: Doublade
|faint|p2a: Rapidash
|
|upkeep
|choice|*|*switch 5
|choice|*switch 3|*
|choice|switch 3|switch 5
|
|switch|p2a: Raichu|Raichu, M|261\/261
|switch|p1a: Primarina|Primarina, F|256\/301
|-status|p2a: Raichu|psn
|turn|32
|choice|*switch 2|*
|choice|*|*move 1
|choice|switch 2|move thunderbolt
|
|switch|p1a: Roserade|Roserade, F|261\/261
|move|p2a: Raichu|Thunderbolt|p1a: Roserade
|-resisted|p1a: Roserade
|-damage|p1a: Roserade|189\/261
|
|-damage|p2a: Raichu|229\/261 psn|[from] psn
|-fieldend|move: Psychic Terrain
|upkeep
|turn|33
|choice|*|*move 1
|choice|*move 2|*
|choice|move gigadrain|move thunderbolt
|
|move|p2a: Raichu|Thunderbolt|p1a: Roserade
|-resisted|p1a: Roserade
|-damage|p1a: Roserade|122\/261
|move|p1a: Roserade|Giga Drain|p2a: Raichu
|-damage|p2a: Raichu|9\/261 psn
|-heal|p1a: Roserade|232\/261|[from] drain|[of] p2a: Raichu
|
|-damage|p2a: Raichu|0 fnt|[from] psn
|upkeep
|faint|p2a: Raichu
|choice|*|*switch 6
|choice||switch 6
|
|switch|p2a: Tapu Lele|Tapu Lele|106\/281 psn
|-fieldstart|move: Psychic Terrain|[from] ability: Psychic Surge|[of] p2a: Tapu Lele
|turn|34
|choice|*|*move 1
|choice|*move 2|*
|choice|move gigadrain|move psyshock
|
|move|p2a: Tapu Lele|Psyshock|p1a: Roserade
|-supereffective|p1a: Roserade
|-damage|p1a: Roserade|0 fnt
|faint|p1a: Roserade
|
|-damage|p2a: Tapu Lele|71\/281 psn|[from] psn
|upkeep
|choice|*switch 2|*
|choice|switch 2|
|
|switch|p1a: Primarina|Primarina, F|256\/301
|turn|35
|choice|*|*move 1
|choice|*move 4|*
|choice|move shadowball|move psyshock
|
|move|p2a: Tapu Lele|Psyshock|p1a: Primarina
|-damage|p1a: Primarina|0 fnt
|faint|p1a: Primarina
|
|win|xxxjossxxx
xxxjossxxx ha ganado 6.75 PokeDolares.
|raw|Puntaje de Poken Soldier: 1213 &rarr; <strong>1189<\/strong><br \/>(-24 por perder)
|raw|Puntaje de xxxjossxxx: 1225 &rarr; <strong>1249<\/strong><br \/>(+24 por ganar)
</script>
</div>
<div class="battle-log battle-log-inline"><div class="inner"><div class="battle-options"></div><div class="inner"><div class=""><small>Format:</small> <br><strong>OU</strong></div><div class="rated"><strong>Rated battle</strong></div><div class=""><small><em>Cláusula-Mod de Dormir:</em> solo puedes dormir a uno de tus oponentes a la vez.</small></div><div class=""><small><em>Cláusula de Especie:</em> Hasta un Pokémon de cada especie</small></div><div class=""><small><em>Cláusula de Golpe Fulminante:</em> los movimientos fulminantes (OHKO) estan prohibidos</small></div><div class=""><small><em>Cláusula de Veleta:</em> la habilidad Veleta está prohibida</small></div><div class=""><small><em>Cláusula de Movimientos Evasivos:</em> los movimientos de Evasión están prohibidos.</small></div><div class=""><small><em>Cláusula de Batallas Eternas:</em> forzar batallas eternas está prohibido</small></div><div class="chat battle-history"><strong>Poken Soldier's team:</strong> <em style="color:#445566;display:block;">Quagsire / Roserade / Latias / Primarina / Drapion / Doublade</em></div><div class="chat battle-history"><strong>xxxjossxxx's team:</strong> <em style="color:#445566;display:block;">Raichu / Gyarados / Tapu Lele / Serperior / Rapidash / Weavile</em></div><div class="chat message-error">Reloj de batalla ENCENDIDO. El jugador inactivo será descalificado (solicitado por xxxjossxxx).</div><div class="spacer battle-history"><br></div><div class="battle-history">Battle started between Poken Soldier and xxxjossxxx!<br></div><div class="spacer battle-history"><br></div><div class="battle-history">Go! <strong>Drapion</strong>!<br></div><div class="spacer battle-history"><br></div><div class="battle-history">xxxjossxxx sent out <strong>Rapidash</strong>!<br></div><div class="spacer battle-history"><br></div><h2 class="battle-history">Turn 1</h2><div class="spacer battle-history"><br></div><div class="battle-history">The opposing Rapidash used <strong>High Horsepower</strong>!<br></div><div class="battle-history"><small>It's super effective!</small><br></div><div class="battle-history"><small>(Drapion lost <abbr title="−166/281">59.1%</abbr> of its health!)</small><br></div><div class="battle-history"><small>The opposing Rapidash lost some of its HP!</small><br></div><div class="spacer battle-history"><br></div><div class="battle-history">Drapion used <strong>Toxic Spikes</strong>!<br></div><div class="battle-history"><small>Poison spikes were scattered on the ground all around the opposing team!</small><br></div><div class="spacer battle-history"><br></div><h2 class="battle-history">Turn 2</h2><div class="spacer battle-history"><br></div><div class="battle-history">Drapion, come back!<br></div><div class="battle-history">Go! <strong>Latias</strong>!<br></div><div class="spacer battle-history"><br></div><div class="battle-history">The opposing Rapidash used <strong>Megahorn</strong>!<br></div><div class="battle-history"><small>It's super effective!</small><br></div><div class="battle-history"><small>(Latias lost <abbr title="−301/301">100%</abbr> of its health!)</small><br></div><div class="battle-history"><small>The opposing Rapidash lost some of its HP!</small><br></div><div class="spacer battle-history"><br></div><div class="battle-history">Latias fainted!<br></div><div class="chat message-error">Poken Soldier tiene 135 segundos restantes.</div><div class="chat chatmessage-pokensoldier"><strong style="color:hsl(78,62%,39.083907077651894%)"><small>☆</small><span class="username" data-name="Poken Soldier">Poken Soldier</span>:</strong> <em>No puede ser</em></div><div class="spacer battle-history"><br></div><div class="battle-history">Go! <strong>Quagsire</strong>!<br></div><div class="spacer battle-history"><br></div><h2 class="battle-history">Turn 3</h2><div class="spacer battle-history"><br></div><div class="battle-history">xxxjossxxx withdrew Rapidash!<br></div><div class="battle-history">xxxjossxxx sent out <strong>Tapu Lele</strong>!<br></div><div class="battle-history"><small>The opposing Tapu Lele was poisoned!</small><br></div><div class="battle-history"><small>[The opposing Tapu Lele's Psychic Surge]</small><br><small>The battlefield got weird!</small><br></div><div class="spacer battle-history"><br></div><div class="battle-history">Quagsire, come back!<br></div><div class="battle-history">Go! <strong>Drapion</strong>!<br></div><div class="spacer battle-history"><br></div><div class="battle-history"><small>The opposing Tapu Lele was hurt by poison!</small><br></div><div class="spacer battle-history"><br></div><h2 class="battle-history">Turn 4</h2><div class="spacer battle-history"><br></div><div class="battle-history">The opposing Tapu Lele used <strong>Moonblast</strong>!<br></div><div class="battle-history"><small>(Drapion lost <abbr title="−115/281">40.9%</abbr> of its health!)</small><br></div><div class="spacer battle-history"><br></div><div class="battle-history">Drapion fainted!<br></div><div class="spacer battle-history"><br></div><div class="battle-history"><small>The opposing Tapu Lele was hurt by poison!</small><br></div><div class="spacer battle-history"><br></div><div class="battle-history">Go! <strong>Primarina</strong>!<br></div><div class="spacer battle-history"><br></div><h2 class="battle-history">Turn 5</h2><div class="chat message-error">Poken Soldier tiene 135 segundos restantes.</div><div class="chat message-error">xxxjossxxx tiene 135 segundos restantes.</div><div class="chat message-error">xxxjossxxx tiene 135 segundos restantes.</div><div class="spacer battle-history"><br></div><div class="battle-history">xxxjossxxx withdrew Tapu Lele!<br></div><div class="battle-history">xxxjossxxx sent out <strong>Serperior</strong>!<br></div><div class="battle-history"><small>The opposing Serperior was poisoned!</small><br></div><div class="spacer battle-history"><br></div><div class="battle-history">Primarina used <strong>Shadow Ball</strong>!<br></div><div class="battle-history"><small>(The opposing Serperior lost <abbr title="−93/291">32.0%</abbr> of its health!)</small><br></div><div class="spacer battle-history"><br></div><div class="battle-history"><small>The opposing Serperior restored a little HP using its Leftovers!</small><br></div><div class="battle-history"><small>The opposing Serperior was hurt by poison!</small><br></div><div class="spacer battle-history"><br></div><h2 class="battle-history">Turn 6</h2><div class="spacer battle-history"><br></div><div class="battle-history">Primarina, come back!<br></div><div class="battle-history">Go! <strong>Roserade</strong>!<br></div><div class="spacer battle-history"><br></div><div class="battle-history">The opposing Serperior used <strong>Glare</strong>!<br></div><div class="battle-history"><small>Roserade is paralyzed! It may be unable to move!</small><br></div><div class="spacer battle-history"><br></div><div class="battle-history"><small>The opposing Serperior restored a little HP using its Leftovers!</small><br></div><div class="battle-history"><small>The opposing Serperior was hurt by poison!</small><br></div><div class="spacer battle-history"><br></div><h2 class="battle-history">Turn 7</h2><div class="spacer battle-history"><br></div><div class="battle-history">The opposing Serperior used <strong>Substitute</strong>!<br></div><div class="battle-history"><small>The opposing Serperior put in a substitute!</small><br></div><div class="battle-history"><small>(The opposing Serperior lost <abbr title="−72/291">24.7%</abbr> of its health!)</small><br></div><div class="spacer battle-history"><br></div><div class="battle-history">Roserade used <strong>Sludge Bomb</strong>!<br></div><div class="battle-history"><small>It's super effective!</small><br></div><div class="battle-history"><small>The opposing Serperior's substitute faded!</small><br></div><div class="spacer battle-history"><br></div><div class="battle-history"><small>The opposing Serperior restored a little HP using its Leftovers!</small><br></div><div class="battle-history"><small>The opposing Serperior was hurt by poison!</small><br></div><div class="battle-history"><small>The weirdness disappeared from the battlefield!</small><br></div><div class="spacer battle-history"><br></div><h2 class="battle-history">Turn 8</h2><div class="spacer battle-history"><br></div><div class="battle-history">The opposing Serperior used <strong>Leaf Storm</strong>!<br></div><div class="battle-history"><small>Roserade avoided the attack!</small><br></div><div class="spacer battle-history"><br></div><div class="battle-history">Roserade used <strong>Sludge Bomb</strong>!<br></div><div class="battle-history"><small>It's super effective!</small><br></div><div class="battle-history"><small>(The opposing Serperior lost <abbr title="−72/291">24.7%</abbr> of its health!)</small><br></div><div class="spacer battle-history"><br></div><div class="battle-history">The opposing Serperior fainted!<br></div><div class="spacer battle-history"><br></div><div class="battle-history">xxxjossxxx sent out <strong>Gyarados</strong>!<br></div><div class="spacer battle-history"><br></div><h2 class="battle-history">Turn 9</h2><div class="chat message-error">Poken Soldier tiene 135 segundos restantes.</div><div class="spacer battle-history"><br></div><div class="battle-history"><small>(Roserade is cured by its Natural Cure!)</small><br></div><div class="battle-history">Roserade, come back!<br></div><div class="battle-history">Go! <strong>Quagsire</strong>!<br></div><div class="spacer battle-history"><br></div><div class="battle-history">The opposing Gyarados used <strong>Dragon Dance</strong>!<br></div><div class="battle-history"><small>The opposing Gyarados's Attack rose!</small><br></div><div class="battle-history"><small>The opposing Gyarados's Speed rose!</small><br></div><div class="spacer battle-history"><br></div><h2 class="battle-history">Turn 10</h2><div class="spacer battle-history"><br></div><div class="battle-history"><small>The opposing Gyarados surrounded itself with its Z-Power!</small><br></div><div class="spacer battle-history"><br></div><div class="battle-history">The opposing Gyarados used <strong>Supersonic Skystrike</strong>!<br></div><div class="battle-history"><small>(Quagsire lost <abbr title="−282/394">71.6%</abbr> of its health!)</small><br></div><div class="spacer battle-history"><br></div><div class="battle-history">Quagsire used <strong>Earthquake</strong>!<br></div><div class="battle-history"><small>It doesn't affect the opposing Gyarados...</small><br></div><div class="spacer battle-history"><br></div><div class="battle-history"><small>Quagsire restored a little HP using its Leftovers!</small><br></div><div class="spacer battle-history"><br></div><h2 class="battle-history">Turn 11</h2><div class="spacer battle-history"><br></div><div class="battle-history">Quagsire used <strong>Protect</strong>!<br></div><div class="battle-history"><small>Quagsire protected itself!</small><br></div><div class="spacer battle-history"><br></div><div class="battle-history">The opposing Gyarados used <strong>Ice Fang</strong>!<br></div><div class="battle-history"><small>Quagsire protected itself!</small><br></div><div class="spacer battle-history"><br></div><div class="battle-history"><small>Quagsire restored a little HP using its Leftovers!</small><br></div><div class="spacer battle-history"><br></div><h2 class="battle-history">Turn 12</h2><div class="spacer battle-history"><br></div><div class="battle-history">The opposing Gyarados used <strong>Dragon Dance</strong>!<br></div><div class="battle-history"><small>The opposing Gyarados's Attack rose!</small><br></div><div class="battle-history"><small>The opposing Gyarados's Speed rose!</small><br></div><div class="spacer battle-history"><br></div><div class="battle-history">Quagsire used <strong>Recover</strong>!<br></div><div class="battle-history"><small>Quagsire restored its HP.</small><br></div><div class="spacer battle-history"><br></div><div class="battle-history"><small>Quagsire restored a little HP using its Leftovers!</small><br></div><div class="spacer battle-history"><br></div><h2 class="battle-history">Turn 13</h2><div class="spacer battle-history"><br></div><div class="battle-history">The opposing Gyarados used <strong>Ice Fang</strong>!<br></div><div class="battle-history"><small>(Quagsire lost <abbr title="−66/394">16.8%</abbr> of its health!)</small><br></div><div class="spacer battle-history"><br></div><div class="battle-history">Quagsire used <strong>Aqua Tail</strong>!<br></div><div class="battle-history"><small>It's not very effective...</small><br></div><div class="battle-history"><small>(The opposing Gyarados lost <abbr title="−63/331">19.0%</abbr> of its health!)</small><br></div><div class="spacer battle-history"><br></div><div class="battle-history"><small>Quagsire restored a little HP using its Leftovers!</small><br></div><div class="spacer battle-history"><br></div><h2 class="battle-history">Turn 14</h2><div class="spacer battle-history"><br></div><div class="battle-history">The opposing Gyarados used <strong>Ice Fang</strong>!<br></div><div class="battle-history"><small>(Quagsire lost <abbr title="−76/394">19.3%</abbr> of its health!)</small><br></div><div class="spacer battle-history"><br></div><div class="battle-history">Quagsire used <strong>Aqua Tail</strong>!<br></div><div class="battle-history"><small>It's not very effective...</small><br></div><div class="battle-history"><small>(The opposing Gyarados lost <abbr title="−60/331">18.1%</abbr> of its health!)</small><br></div><div class="spacer battle-history"><br></div><div class="battle-history"><small>Quagsire restored a little HP using its Leftovers!</small><br></div><div class="spacer battle-history"><br></div><h2 class="battle-history">Turn 15</h2><div class="spacer battle-history"><br></div><div class="battle-history">The opposing Gyarados used <strong>Ice Fang</strong>!<br></div><div class="battle-history"><small>(Quagsire lost <abbr title="−69/394">17.5%</abbr> of its health!)</small><br></div><div class="spacer battle-history"><br></div><div class="battle-history">Quagsire used <strong>Aqua Tail</strong>!<br></div><div class="battle-history"><small>It's not very effective...</small><br></div><div class="battle-history"><small>(The opposing Gyarados lost <abbr title="−58/331">17.5%</abbr> of its health!)</small><br></div><div class="spacer battle-history"><br></div><div class="battle-history"><small>Quagsire restored a little HP using its Leftovers!</small><br></div><div class="spacer battle-history"><br></div><h2 class="battle-history">Turn 16</h2><div class="spacer battle-history"><br></div><div class="battle-history">The opposing Gyarados used <strong>Ice Fang</strong>!<br></div><div class="battle-history"><small>(Quagsire lost <abbr title="−76/394">19.3%</abbr> of its health!)</small><br></div><div class="spacer battle-history"><br></div><div class="battle-history">Quagsire used <strong>Recover</strong>!<br></div><div class="battle-history"><small>Quagsire restored its HP.</small><br></div><div class="spacer battle-history"><br></div><div class="battle-history"><small>Quagsire restored a little HP using its Leftovers!</small><br></div><div class="spacer battle-history"><br></div><h2 class="battle-history">Turn 17</h2><div class="spacer battle-history"><br></div><div class="battle-history">The opposing Gyarados used <strong>Ice Fang</strong>!<br></div><div class="battle-history"><small>(Quagsire lost <abbr title="−66/394">16.8%</abbr> of its health!)</small><br></div><div class="spacer battle-history"><br></div><div class="battle-history">Quagsire used <strong>Aqua Tail</strong>!<br></div><div class="battle-history"><small>It's not very effective...</small><br></div><div class="battle-history"><small>(The opposing Gyarados lost <abbr title="−60/331">18.1%</abbr> of its health!)</small><br></div><div class="spacer battle-history"><br></div><div class="battle-history"><small>Quagsire restored a little HP using its Leftovers!</small><br></div><div class="spacer battle-history"><br></div><h2 class="battle-history">Turn 18</h2><div class="spacer battle-history"><br></div><div class="battle-history">The opposing Gyarados used <strong>Ice Fang</strong>!<br></div><div class="battle-history"><small>(Quagsire lost <abbr title="−73/394">18.5%</abbr> of its health!)</small><br></div><div class="spacer battle-history"><br></div><div class="battle-history">Quagsire flinched and couldn't move!<br></div><div class="spacer battle-history"><br></div><div class="battle-history"><small>Quagsire restored a little HP using its Leftovers!</small><br></div><div class="spacer battle-history"><br></div><h2 class="battle-history">Turn 19</h2><div class="spacer battle-history"><br></div><div class="battle-history">The opposing Gyarados used <strong>Ice Fang</strong>!<br></div><div class="battle-history"><small>(Quagsire lost <abbr title="−73/394">18.5%</abbr> of its health!)</small><br></div><div class="spacer battle-history"><br></div><div class="battle-history">Quagsire used <strong>Aqua Tail</strong>!<br></div><div class="battle-history"><small>It's not very effective...</small><br></div><div class="battle-history"><small>A critical hit!</small><br></div><div class="battle-history"><small>(The opposing Gyarados lost <abbr title="−88/331">26.6%</abbr> of its health!)</small><br></div><div class="spacer battle-history"><br></div><div class="battle-history"><small>Quagsire restored a little HP using its Leftovers!</small><br></div><div class="spacer battle-history"><br></div><h2 class="battle-history">Turn 20</h2><div class="spacer battle-history"><br></div><div class="battle-history">The opposing Gyarados used <strong>Ice Fang</strong>!<br></div><div class="battle-history"><small>(Quagsire lost <abbr title="−67/394">17.0%</abbr> of its health!)</small><br></div><div class="spacer battle-history"><br></div><div class="battle-history">Quagsire used <strong>Recover</strong>!<br></div><div class="battle-history"><small>Quagsire restored its HP.</small><br></div><div class="spacer battle-history"><br></div><div class="battle-history"><small>Quagsire restored a little HP using its Leftovers!</small><br></div><div class="spacer battle-history"><br></div><h2 class="battle-history">Turn 21</h2><div class="spacer battle-history"><br></div><div class="battle-history">The opposing Gyarados used <strong>Ice Fang</strong>!<br></div><div class="battle-history"><small>(Quagsire lost <abbr title="−75/394">19.0%</abbr> of its health!)</small><br></div><div class="spacer battle-history"><br></div><div class="battle-history">Quagsire used <strong>Aqua Tail</strong>!<br></div><div class="battle-history"><small>It's not very effective...</small><br></div><div class="battle-history"><small>(The opposing Gyarados lost <abbr title="−2/331">0.6%</abbr> of its health!)</small><br></div><div class="spacer battle-history"><br></div><div class="battle-history">The opposing Gyarados fainted!<br></div><div class="spacer battle-history"><br></div><div class="battle-history"><small>Quagsire restored a little HP using its Leftovers!</small><br></div><div class="spacer battle-history"><br></div><div class="battle-history">xxxjossxxx sent out <strong>Tapu Lele</strong>!<br></div><div class="battle-history"><small>[The opposing Tapu Lele's Psychic Surge]</small><br><small>The battlefield got weird!</small><br></div><div class="spacer battle-history"><br></div><h2 class="battle-history">Turn 22</h2><div class="spacer battle-history"><br></div><div class="battle-history">Quagsire used <strong>Protect</strong>!<br></div><div class="battle-history"><small>Quagsire protected itself!</small><br></div><div class="spacer battle-history"><br></div><div class="battle-history">The opposing Tapu Lele used <strong>Energy Ball</strong>!<br></div><div class="battle-history"><small>Quagsire protected itself!</small><br></div><div class="spacer battle-history"><br></div><div class="battle-history"><small>Quagsire restored a little HP using its Leftovers!</small><br></div><div class="battle-history"><small>The opposing Tapu Lele was hurt by poison!</small><br></div><div class="spacer battle-history"><br></div><h2 class="battle-history">Turn 23</h2><div class="spacer battle-history"><br></div><div class="battle-history">xxxjossxxx withdrew Tapu Lele!<br></div><div class="battle-history">xxxjossxxx sent out <strong>Weavile</strong>!<br></div><div class="battle-history"><small>The opposing Weavile was poisoned!</small><br></div><div class="battle-history"><small>[The opposing Weavile's Pressure]</small><br><small>The opposing Weavile is exerting its pressure!</small><br></div><div class="spacer battle-history"><br></div><div class="battle-history">Quagsire, come back!<br></div><div class="battle-history">Go! <strong>Roserade</strong>!<br></div><div class="spacer battle-history"><br></div><div class="battle-history"><small>The opposing Weavile was hurt by poison!</small><br></div><div class="spacer battle-history"><br></div><h2 class="battle-history">Turn 24</h2><div class="spacer battle-history"><br></div><div class="battle-history">Roserade, come back!<br></div><div class="battle-history">Go! <strong>Quagsire</strong>!<br></div><div class="spacer battle-history"><br></div><div class="battle-history">The opposing Weavile used <strong>Knock Off</strong>!<br></div><div class="battle-history"><small>(Quagsire lost <abbr title="−235/394">59.6%</abbr> of its health!)</small><br></div><div class="battle-history"><small>The opposing Weavile knocked off Quagsire's Leftovers!</small><br></div><div class="spacer battle-history"><br></div><div class="battle-history"><small>The opposing Weavile was hurt by poison!</small><br></div><div class="spacer battle-history"><br></div><h2 class="battle-history">Turn 25</h2><div class="chat message-error">Poken Soldier tiene 135 segundos restantes.</div><div class="chat chatmessage-pokensoldier"><strong style="color:hsl(78,62%,39.083907077651894%)"><small>☆</small><span class="username" data-name="Poken Soldier">Poken Soldier</span>:</strong> <em>Alaaa</em></div><div class="spacer battle-history"><br></div><div class="battle-history">The opposing Weavile used <strong>Knock Off</strong>!<br></div><div class="battle-history"><small>(Quagsire lost <abbr title="−132/394">33.5%</abbr> of its health!)</small><br></div><div class="spacer battle-history"><br></div><div class="battle-history">Quagsire fainted!<br></div><div class="spacer battle-history"><br></div><div class="battle-history"><small>The opposing Weavile was hurt by poison!</small><br></div><div class="spacer battle-history"><br></div><div class="battle-history">Go! <strong>Doublade</strong>!<br></div><div class="spacer battle-history"><br></div><h2 class="battle-history">Turn 26</h2><div class="spacer battle-history"><br></div><div class="battle-history">The opposing Weavile used <strong>Knock Off</strong>!<br></div><div class="battle-history"><small>It's super effective!</small><br></div><div class="battle-history"><small>(Doublade lost <abbr title="−174/259">67.2%</abbr> of its health!)</small><br></div><div class="battle-history"><small>The opposing Weavile knocked off Doublade's Eviolite!</small><br></div><div class="spacer battle-history"><br></div><div class="battle-history">Doublade used <strong>Sacred Sword</strong>!<br></div><div class="battle-history"><small>It's super effective!</small><br></div><div class="battle-history"><small>(The opposing Weavile lost <abbr title="−176/281">62.6%</abbr> of its health!)</small><br></div><div class="spacer battle-history"><br></div><div class="battle-history">The opposing Weavile fainted!<br></div><div class="spacer battle-history"><br></div><div class="battle-history"><small>The weirdness disappeared from the battlefield!</small><br></div><div class="spacer battle-history"><br></div><div class="battle-history">xxxjossxxx sent out <strong>Rapidash</strong>!<br></div><div class="battle-history"><small>The opposing Rapidash was poisoned!</small><br></div><div class="spacer battle-history"><br></div><h2 class="battle-history">Turn 27</h2><div class="spacer battle-history"><br></div><div class="battle-history">Doublade used <strong>Shadow Sneak</strong>!<br></div><div class="battle-history"><small>(The opposing Rapidash lost <abbr title="−85/271">31.4%</abbr> of its health!)</small><br></div><div class="spacer battle-history"><br></div><div class="battle-history">The opposing Rapidash used <strong>Wild Charge</strong>!<br></div><div class="battle-history"><small>(Doublade lost <abbr title="−64/259">24.7%</abbr> of its health!)</small><br></div><div class="battle-history"><small>The opposing Rapidash is damaged by the recoil!</small><br></div><div class="battle-history"><small>The opposing Rapidash lost some of its HP!</small><br></div><div class="spacer battle-history"><br></div><div class="battle-history"><small>The opposing Rapidash was hurt by poison!</small><br></div><div class="spacer battle-history"><br></div><h2 class="battle-history">Turn 28</h2><div class="chat chatmessage-pokensoldier"><strong style="color:hsl(78,62%,39.083907077651894%)"><small>☆</small><span class="username" data-name="Poken Soldier">Poken Soldier</span>:</strong> <em>No debiste hacer ese ataque</em></div><div class="spacer battle-history"><br></div><div class="battle-history">xxxjossxxx withdrew Rapidash!<br></div><div class="battle-history">xxxjossxxx sent out <strong>Tapu Lele</strong>!<br></div><div class="battle-history"><small>[The opposing Tapu Lele's Psychic Surge]</small><br><small>The battlefield got weird!</small><br></div><div class="spacer battle-history"><br></div><div class="battle-history">Doublade used <strong>Shadow Sneak</strong>!<br></div><div class="battle-history"><small>The opposing Tapu Lele surrounds itself with psychic terrain!</small><br></div><div class="spacer battle-history"><br></div><div class="battle-history"><small>The opposing Tapu Lele was hurt by poison!</small><br></div><div class="spacer battle-history"><br></div><h2 class="battle-history">Turn 29</h2><div class="chat message-error">Poken Soldier tiene 135 segundos restantes.</div><div class="spacer battle-history"><br></div><div class="battle-history">Doublade, come back!<br></div><div class="battle-history">Go! <strong>Primarina</strong>!<br></div><div class="spacer battle-history"><br></div><div class="battle-history">The opposing Tapu Lele used <strong>Shadow Ball</strong>!<br></div><div class="battle-history"><small>(Primarina lost <abbr title="−45/301">15.0%</abbr> of its health!)</small><br></div><div class="battle-history"><small>Primarina's Special Defense fell!</small><br></div><div class="spacer battle-history"><br></div><div class="battle-history"><small>The opposing Tapu Lele was hurt by poison!</small><br></div><div class="spacer battle-history"><br></div><h2 class="battle-history">Turn 30</h2><div class="spacer battle-history"><br></div><div class="battle-history">xxxjossxxx withdrew Tapu Lele!<br></div><div class="battle-history">xxxjossxxx sent out <strong>Rapidash</strong>!<br></div><div class="spacer battle-history"><br></div><div class="battle-history">Primarina, come back!<br></div><div class="battle-history">Go! <strong>Roserade</strong>!<br></div><div class="spacer battle-history"><br></div><div class="battle-history"><small>The opposing Rapidash was hurt by poison!</small><br></div><div class="spacer battle-history"><br></div><h2 class="battle-history">Turn 31</h2><div class="spacer battle-history"><br></div><div class="battle-history">Roserade, come back!<br></div><div class="battle-history">Go! <strong>Doublade</strong>!<br></div><div class="spacer battle-history"><br></div><div class="battle-history">The opposing Rapidash used <strong>Flare Blitz</strong>!<br></div><div class="battle-history"><small>It's super effective!</small><br></div><div class="battle-history"><small>(Doublade lost <abbr title="−21/259">8.1%</abbr> of its health!)</small><br></div><div class="battle-history"><small>The opposing Rapidash is damaged by the recoil!</small><br></div><div class="battle-history"><small>The opposing Rapidash lost some of its HP!</small><br></div><div class="spacer battle-history"><br></div><div class="battle-history">Doublade fainted!<br></div><div class="battle-history">The opposing Rapidash fainted!<br></div><div class="spacer battle-history"><br></div><div class="battle-history">xxxjossxxx sent out <strong>Raichu</strong>!<br></div><div class="spacer battle-history"><br></div><div class="battle-history">Go! <strong>Primarina</strong>!<br></div><div class="battle-history"><small>The opposing Raichu was poisoned!</small><br></div><div class="spacer battle-history"><br></div><h2 class="battle-history">Turn 32</h2><div class="spacer battle-history"><br></div><div class="battle-history">Primarina, come back!<br></div><div class="battle-history">Go! <strong>Roserade</strong>!<br></div><div class="spacer battle-history"><br></div><div class="battle-history">The opposing Raichu used <strong>Thunderbolt</strong>!<br></div><div class="battle-history"><small>It's not very effective...</small><br></div><div class="battle-history"><small>(Roserade lost <abbr title="−72/261">27.6%</abbr> of its health!)</small><br></div><div class="spacer battle-history"><br></div><div class="battle-history"><small>The opposing Raichu was hurt by poison!</small><br></div><div class="battle-history"><small>The weirdness disappeared from the battlefield!</small><br></div><div class="spacer battle-history"><br></div><h2 class="battle-history">Turn 33</h2><div class="spacer battle-history"><br></div><div class="battle-history">The opposing Raichu used <strong>Thunderbolt</strong>!<br></div><div class="battle-history"><small>It's not very effective...</small><br></div><div class="battle-history"><small>(Roserade lost <abbr title="−67/261">25.7%</abbr> of its health!)</small><br></div><div class="spacer battle-history"><br></div><div class="battle-history">Roserade used <strong>Giga Drain</strong>!<br></div><div class="battle-history"><small>(The opposing Raichu lost <abbr title="−220/261">84.3%</abbr> of its health!)</small><br></div><div class="battle-history"><small>The opposing Raichu had its energy drained!</small><br></div><div class="spacer battle-history"><br></div><div class="battle-history"><small>The opposing Raichu was hurt by poison!</small><br></div><div class="spacer battle-history"><br></div><div class="battle-history">The opposing Raichu fainted!<br></div><div class="spacer battle-history"><br></div><div class="battle-history">xxxjossxxx sent out <strong>Tapu Lele</strong>!<br></div><div class="battle-history"><small>[The opposing Tapu Lele's Psychic Surge]</small><br><small>The battlefield got weird!</small><br></div><div class="spacer battle-history"><br></div><h2 class="battle-history">Turn 34</h2><div class="spacer battle-history"><br></div><div class="battle-history">The opposing Tapu Lele used <strong>Psyshock</strong>!<br></div><div class="battle-history"><small>It's super effective!</small><br></div><div class="battle-history"><small>(Roserade lost <abbr title="−232/261">88.9%</abbr> of its health!)</small><br></div><div class="spacer battle-history"><br></div><div class="battle-history">Roserade fainted!<br></div><div class="spacer battle-history"><br></div><div class="battle-history"><small>The opposing Tapu Lele was hurt by poison!</small><br></div><div class="spacer battle-history"><br></div><div class="battle-history">Go! <strong>Primarina</strong>!<br></div><div class="spacer battle-history"><br></div><h2 class="battle-history">Turn 35</h2><div class="spacer battle-history"><br></div><div class="battle-history">The opposing Tapu Lele used <strong>Psyshock</strong>!<br></div><div class="battle-history"><small>(Primarina lost <abbr title="−256/301">85.0%</abbr> of its health!)</small><br></div><div class="spacer battle-history"><br></div><div class="battle-history">Primarina fainted!<br></div><div class="spacer battle-history"><br></div><div class="battle-history"><strong>xxxjossxxx</strong> won the battle!<br></div><div class="chat">xxxjossxxx ha ganado 6.75 PokeDolares.</div><div class="chat">Puntaje de Poken Soldier: 1213 → <strong>1189</strong><br>(-24 por perder)</div><div class="chat">Puntaje de xxxjossxxx: 1225 → <strong>1249</strong><br>(+24 por ganar)</div></div><div class="inner-preempt"></div></div></div>
</div>
<script>
let daily = Math.floor(Date.now()/1000/60/60/24);document.write('<script src="https://play.pokemonshowdown.com/js/replay-embed.js?version'+daily+'"></'+'script>');
</script>
