<!DOCTYPE html>
<meta charset="utf-8" />
<!-- version 1 -->
<title>OU replay: A Lunatic's Lament vs. Shiina Kagari</title>
<style>
html,body {font-family:Verdana, sans-serif;font-size:10pt;margin:0;padding:0;}body{padding:12px 0;} .battle-log {font-family:Verdana, sans-serif;font-size:10pt;} .battle-log-inline {border:1px solid #AAAAAA;background:#EEF2F5;color:black;max-width:640px;margin:0 auto 80px;padding-bottom:5px;} .battle-log .inner {padding:4px 8px 0px 8px;} .battle-log .inner-preempt {padding:0 8px 4px 8px;} .battle-log .inner-after {margin-top:0.5em;} .battle-log h2 {margin:0.5em -8px;padding:4px 8px;border:1px solid #AAAAAA;background:#E0E7EA;border-left:0;border-right:0;font-family:Verdana, sans-serif;font-size:13pt;} .battle-log .chat {vertical-align:middle;padding:3px 0 3px 0;font-size:8pt;} .battle-log .chat strong {color:#40576A;} .battle-log .chat em {padding:1px 4px 1px 3px;color:#000000;font-style:normal;} .chat.mine {background:rgba(0,0,0,0.05);margin-left:-8px;margin-right:-8px;padding-left:8px;padding-right:8px;} .spoiler {color:#BBBBBB;background:#BBBBBB;padding:0px 3px;} .spoiler:hover, .spoiler:active, .spoiler-shown {color:#000000;background:#E2E2E2;padding:0px 3px;} .spoiler a {color:#BBBBBB;} .spoiler:hover a, .spoiler:active a, .spoiler-shown a {color:#2288CC;} .chat code, .chat .spoiler:hover code, .chat .spoiler:active code, .chat .spoiler-shown code {border:1px solid #C0C0C0;background:#EEEEEE;color:black;padding:0 2px;} .chat .spoiler code {border:1px solid #CCCCCC;background:#CCCCCC;color:#CCCCCC;} .battle-log .rated {padding:3px 4px;} .battle-log .rated strong {color:white;background:#89A;padding:1px 4px;border-radius:4px;} .spacer {margin-top:0.5em;} .message-announce {background:#6688AA;color:white;padding:1px 4px 2px;} .message-announce a, .broadcast-green a, .broadcast-blue a, .broadcast-red a {color:#DDEEFF;} .broadcast-green {background-color:#559955;color:white;padding:2px 4px;} .broadcast-blue {background-color:#6688AA;color:white;padding:2px 4px;} .infobox {border:1px solid #6688AA;padding:2px 4px;} .infobox-limited {max-height:200px;overflow:auto;overflow-x:hidden;} .broadcast-red {background-color:#AA5544;color:white;padding:2px 4px;} .message-learn-canlearn {font-weight:bold;color:#228822;text-decoration:underline;} .message-learn-cannotlearn {font-weight:bold;color:#CC2222;text-decoration:underline;} .message-effect-weak {font-weight:bold;color:#CC2222;} .message-effect-resist {font-weight:bold;color:#6688AA;} .message-effect-immune {font-weight:bold;color:#666666;} .message-learn-list {margin-top:0;margin-bottom:0;} .message-throttle-notice, .message-error {color:#992222;} .message-overflow, .chat small.message-overflow {font-size:0pt;} .message-overflow::before {font-size:9pt;content:'...';} .subtle {color:#3A4A66;}
</style>
<div class="wrapper replay-wrapper" style="max-width:1180px;margin:0 auto">
<input type="hidden" name="replayid" value="destiny-ou-421010" />
<div class="battle"></div><div class="battle-log"></div><div class="replay-controls"></div><div class="replay-controls-2"></div>
<h1 style="font-weight:normal;text-align:center"><strong>OU</strong><br /><a href="http://pokemonshowdown.com/users/alunaticslament" class="subtle" target="_blank">A Lunatic's Lament</a> vs. <a href="http://pokemonshowdown.com/users/shiinakagari" class="subtle" target="_blank">Shiina Kagari</a></h1>
<script type="text/plain" class="battle-log-data">|player|p1|A Lunatic's Lament|alunaticslament-4.gif?b6e90e3e
|teamsize|p1|6
|player|p2|Shiina Kagari|6
|teamsize|p2|6
|teamsize|p1|6
|teamsize|p2|6
|gametype|singles
|gen|7
|tier|OU
|seed|62414,30967,14472,51203
|rule|Cláusula-Mod de Dormir: solo puedes dormir a uno de tus oponentes a la vez.
|rule|Cláusula de Especie: Hasta un Pokémon de cada especie
|rule|Cláusula de Golpe Fulminante: los movimientos fulminantes (OHKO) estan prohibidos
|rule|Cláusula de Veleta: la habilidad Veleta está prohibida
|rule|Cláusula de Movimientos Evasivos: los movimientos de Evasión están prohibidos.
|rule|Cláusula de Batallas Eternas: forzar batallas eternas está prohibido
|clearpoke
|poke|p1|Dusclops, F|item
|poke|p1|Tangela, F|item
|poke|p1|Gligar, M|item
|poke|p1|Chansey, F|item
|poke|p1|Alomomola, F|item
|poke|p1|Weavile, M|item
|poke|p2|Mawile, F|item
|poke|p2|Mew|item
|poke|p2|Landorus-Therian, M|item
|poke|p2|Keldeo-Resolute|item
|poke|p2|Magnezone|item
|poke|p2|Latios, M|item
|teampreview|undefined
|choice|*team 623451|*
|c|☆Shiina Kagari|q
|choice|*|*team 123456
|choice|team 6, 2, 3, 4, 5, 1|team 1, 2, 3, 4, 5, 6
|
|start
|switch|p1a: Weavile|Weavile, M|281\/281
|switch|p2a: Mawile|Mawile, F|264\/264
|-ability|p1a: Weavile|Pressure
|turn|1
|choice|*switch 3|*
|choice|*|*move 4 mega
|choice|switch 3|move stealthrock mega
|
|switch|p1a: Gligar|Gligar, M|334\/334
|-mega|p2a: Mawile|Mawile|Mawilite
|detailschange|p2a: Mawile|Mawile-Mega, F
|move|p2a: Mawile|Stealth Rock|p1a: Gligar
|-sidestart|p1: A Lunatic's Lament|move: Stealth Rock
|
|upkeep
|turn|2
|choice|*move 1|*
|player|p2|
|c|☆A Lunatic's Lament|Fear
|player|p2|Shiina Kagari|6
|choice|*|*switch 4
|choice|move earthquake|switch 4
|
|switch|p2a: Keldeo|Keldeo-Resolute|323\/323
|move|p1a: Gligar|Earthquake|p2a: Keldeo
|-damage|p2a: Keldeo|202\/323
|
|upkeep
|turn|3
|choice|*|*move 1
|choice|*switch 5|*
|choice|switch 5|move scald
|
|switch|p1a: Alomomola|Alomomola, F|481\/481
|-damage|p1a: Alomomola|421\/481|[from] Stealth Rock
|move|p2a: Keldeo|Scald|p1a: Alomomola
|-resisted|p1a: Alomomola
|-damage|p1a: Alomomola|332\/481
|-status|p1a: Alomomola|brn
|
|-heal|p1a: Alomomola|362\/481 brn|[from] item: Leftovers
|-damage|p1a: Alomomola|332\/481 brn|[from] brn
|upkeep
|turn|4
|choice|*switch 6|*
|choice|*|*switch 4
|choice|switch 6|switch 4
|
|switch|p2a: Mawile|Mawile-Mega, F|264\/264
|switch|p1a: Dusclops|Dusclops, F|284\/284
|-damage|p1a: Dusclops|249\/284|[from] Stealth Rock
|-ability|p1a: Dusclops|Pressure
|
|upkeep
|turn|5
|choice|*move 2|*
|choice|*|*switch 4
|choice|move willowisp|switch 4
|
|switch|p2a: Keldeo|Keldeo-Resolute|202\/323
|move|p1a: Dusclops|Will-O-Wisp|p2a: Keldeo
|-status|p2a: Keldeo|brn
|
|-damage|p2a: Keldeo|182\/323 brn|[from] brn
|upkeep
|turn|6
|choice|*|*move 1
|choice|*move 1|*
|choice|move nightshade|move scald
|
|move|p2a: Keldeo|Scald|p1a: Dusclops
|-damage|p1a: Dusclops|189\/284
|move|p1a: Dusclops|Night Shade|p2a: Keldeo
|-damage|p2a: Keldeo|82\/323 brn
|
|-damage|p2a: Keldeo|62\/323 brn|[from] brn
|upkeep
|turn|7
|c|☆A Lunatic's Lament|0
|choice|*|*move 1
|choice|*move 2|*
|choice|move willowisp|move scald
|
|move|p2a: Keldeo|Scald|p1a: Dusclops
|-damage|p1a: Dusclops|132\/284
|move|p1a: Dusclops|Will-O-Wisp|p2a: Keldeo
|-fail|p2a: Keldeo|brn
|
|-damage|p2a: Keldeo|42\/323 brn|[from] brn
|upkeep
|turn|8
|choice|*move 4|*
|c|☆Shiina Kagari|0
|choice|*|*move 1
|choice|move rest|move scald
|
|move|p2a: Keldeo|Scald|p1a: Dusclops
|-damage|p1a: Dusclops|78\/284
|move|p1a: Dusclops|Rest|p1a: Dusclops
|-status|p1a: Dusclops|slp
|-heal|p1a: Dusclops|284\/284 slp|[silent]
|-status|p1a: Dusclops|slp|[from] move: Rest
|
|-damage|p2a: Keldeo|22\/323 brn|[from] brn
|upkeep
|turn|9
|choice|*move 4|*
|choice|*|*switch 2
|choice|*|*switch 2
|choice|*switch 4|*
|choice|switch 4|switch 2
|
|switch|p2a: Mew|Mew|341\/341
|switch|p1a: Chansey|Chansey, F|703\/703
|-damage|p1a: Chansey|616\/703|[from] Stealth Rock
|
|upkeep
|turn|10
|choice|*move 4|*
|choice|*|*move 3
|choice|move healbell|move nastyplot
|
|move|p2a: Mew|Nasty Plot|p2a: Mew
|-boost|p2a: Mew|spa|2
|move|p1a: Chansey|Heal Bell|p1a: Chansey
|-activate|p1a: Chansey|move: Heal Bell
|-curestatus|p1: Dusclops|slp|[msg]
|-curestatus|p1: Alomomola|brn|[msg]
|
|upkeep
|turn|11
|choice|*|*move 3
|choice|*move 1|*
|choice|move seismictoss|move nastyplot
|
|move|p2a: Mew|Nasty Plot|p2a: Mew
|-boost|p2a: Mew|spa|2
|move|p1a: Chansey|Seismic Toss|p2a: Mew
|-damage|p2a: Mew|241\/341
|
|upkeep
|turn|12
|choice|*|*move 4
|choice|*move 1|*
|choice|move seismictoss|move rockpolish
|
|move|p2a: Mew|Rock Polish|p2a: Mew
|-boost|p2a: Mew|spe|2
|move|p1a: Chansey|Seismic Toss|p2a: Mew
|-damage|p2a: Mew|141\/341
|
|upkeep
|turn|13
|choice|*move 1|*
|choice|*|*move 2
|choice|move seismictoss|move focusblast
|
|move|p2a: Mew|Focus Blast|p1a: Chansey
|-supereffective|p1a: Chansey
|-damage|p1a: Chansey|142\/703
|move|p1a: Chansey|Seismic Toss|p2a: Mew
|-damage|p2a: Mew|41\/341
|
|upkeep
|turn|14
|choice|*|*move 1
|choice|*switch 3|*
|choice|switch 3|move psychic
|
|switch|p1a: Weavile|Weavile, M|281\/281
|-damage|p1a: Weavile|211\/281|[from] Stealth Rock
|-ability|p1a: Weavile|Pressure
|move|p2a: Mew|Psychic|p1a: Weavile
|-immune|p1a: Weavile|[msg]
|
|upkeep
|turn|15
|choice|*move 3|*
|choice|*|*move 2
|choice|move iceshard|move focusblast
|
|move|p1a: Weavile|Ice Shard|p2a: Mew
|-damage|p2a: Mew|0 fnt
|faint|p2a: Mew
|
|upkeep
|c|☆A Lunatic's Lament|
|c|☆Shiina Kagari|alv
|choice|*|*switch 4
|choice||switch 4
|
|switch|p2a: Mawile|Mawile-Mega, F|264\/264
|turn|16
|choice|*|*move 1
|choice|*switch 5|*
|choice|switch 5|move playrough
|
|switch|p1a: Gligar|Gligar, M|334\/334
|-damage|p1a: Gligar|293\/334|[from] Stealth Rock
|move|p2a: Mawile|Play Rough|p1a: Gligar
|-damage|p1a: Gligar|143\/334
|
|upkeep
|turn|17
|choice|*move 4|*
|choice|*|*move 1
|choice|move roost|move playrough
|
|move|p1a: Gligar|Roost|p1a: Gligar
|-heal|p1a: Gligar|310\/334
|move|p2a: Mawile|Play Rough|p1a: Gligar
|-damage|p1a: Gligar|169\/334
|
|upkeep
|turn|18
|choice|*|*switch 6
|choice|*move 1|*
|choice|move earthquake|switch 6
|
|switch|p2a: Latios|Latios, M|301\/301
|move|p1a: Gligar|Earthquake|p2a: Latios
|-immune|p2a: Latios|[msg]|[from] ability: Levitate
|
|upkeep
|turn|19
|choice|*switch 5|*
|choice|*|*switch 2
|choice|switch 5|switch 2
|
|switch|p2a: Keldeo|Keldeo-Resolute|22\/323 brn
|switch|p1a: Weavile|Weavile, M|211\/281
|-damage|p1a: Weavile|141\/281|[from] Stealth Rock
|-ability|p1a: Weavile|Pressure
|
|-damage|p2a: Keldeo|2\/323 brn|[from] brn
|upkeep
|turn|20
|choice|*move 3|*
|choice|*|*switch 6
|choice|move iceshard|switch 6
|
|switch|p2a: Mawile|Mawile-Mega, F|264\/264
|move|p1a: Weavile|Ice Shard|p2a: Mawile
|-resisted|p2a: Mawile
|-damage|p2a: Mawile|225\/264
|
|upkeep
|turn|21
|choice|*switch 3|*
|c|☆Shiina Kagari|ads
|choice|*|*move 1
|choice|*switch 2|*
|choice|switch 2|move playrough
|
|switch|p1a: Tangela|Tangela, F|334\/334
|-damage|p1a: Tangela|293\/334|[from] Stealth Rock
|move|p2a: Mawile|Play Rough|p1a: Tangela
|-damage|p1a: Tangela|172\/334
|
|upkeep
|turn|22
|c|☆A Lunatic's Lament|00000000000000000
|choice|*move 3|*
|choice|*|*move 1
|choice|move sleeppowder|move playrough
|
|move|p2a: Mawile|Play Rough|p1a: Tangela
|-damage|p1a: Tangela|30\/334
|move|p1a: Tangela|Sleep Powder|p2a: Mawile|[miss]
|-miss|p1a: Tangela|p2a: Mawile
|
|upkeep
|turn|23
|c|☆A Lunatic's Lament|No jodas e.a
|choice|*|*move 1
|choice|*switch 3|*
|choice|switch 3|move playrough
|
|switch|p1a: Chansey|Chansey, F|142\/703
|-damage|p1a: Chansey|55\/703|[from] Stealth Rock
|move|p2a: Mawile|Play Rough|p1a: Chansey
|-damage|p1a: Chansey|0 fnt
|faint|p1a: Chansey
|
|upkeep
|choice|*switch 5|*
|choice|switch 5|
|
|switch|p1a: Gligar|Gligar, M|169\/334
|-damage|p1a: Gligar|128\/334|[from] Stealth Rock
|turn|24
|choice|*move 4|*
|choice|*|*switch 3
|choice|move roost|switch 3
|
|switch|p2a: Landorus|Landorus-Therian, M|382\/382
|-ability|p2a: Landorus|Intimidate|boost
|-unboost|p1a: Gligar|atk|1
|move|p1a: Gligar|Roost|p1a: Gligar
|-heal|p1a: Gligar|295\/334
|
|upkeep
|turn|25
|choice|*|*move 3
|choice|*move 2|*
|choice|move toxic|move hiddenpower
|
|move|p2a: Landorus|Hidden Power|p1a: Gligar
|-supereffective|p1a: Gligar
|-damage|p1a: Gligar|119\/334
|move|p1a: Gligar|Toxic|p2a: Landorus
|-status|p2a: Landorus|tox
|
|-damage|p2a: Landorus|359\/382 tox|[from] psn
|upkeep
|turn|26
|choice|*switch 4|*
|choice|*|*move 4
|choice|switch 4|move uturn
|
|switch|p1a: Dusclops|Dusclops, F|284\/284
|-damage|p1a: Dusclops|249\/284|[from] Stealth Rock
|-ability|p1a: Dusclops|Pressure
|move|p2a: Landorus|U-turn|p1a: Dusclops
|-resisted|p1a: Dusclops
|-damage|p1a: Dusclops|231\/284
|choice|*|*switch 2
|choice||switch 2
|
|switch|p2a: Latios|Latios, M|301\/301|[from]move: U-turn
|
|upkeep
|turn|27
|choice|*|*move 2
|choice|*switch 2|*
|choice|switch 2|move psyshock
|
|switch|p1a: Weavile|Weavile, M|141\/281
|-damage|p1a: Weavile|71\/281|[from] Stealth Rock
|-ability|p1a: Weavile|Pressure
|move|p2a: Latios|Psyshock|p1a: Weavile
|-immune|p1a: Weavile|[msg]
|
|upkeep
|turn|28
|choice|*move 4|*
|choice|*|*switch 6
|choice|move pursuit|switch 6
|
|-activate|p2a: Latios|move: Pursuit
|move|p1a: Weavile|Pursuit|p2a: Latios|[from]Pursuit
|-supereffective|p2a: Latios
|-damage|p2a: Latios|0 fnt
|faint|p2a: Latios
|
|upkeep
|choice|*|*switch 3
|choice||switch 3
|
|switch|p2a: Mawile|Mawile-Mega, F|225\/264
|turn|29
|choice|*|*move 1
|choice|*move 4|*
|choice|move pursuit|move playrough
|
|move|p1a: Weavile|Pursuit|p2a: Mawile
|-resisted|p2a: Mawile
|-damage|p2a: Mawile|180\/264
|move|p2a: Mawile|Play Rough|p1a: Weavile
|-supereffective|p1a: Weavile
|-damage|p1a: Weavile|0 fnt
|faint|p1a: Weavile
|
|upkeep
|choice|*switch 4|*
|choice|switch 4|
|
|switch|p1a: Gligar|Gligar, M|119\/334
|-damage|p1a: Gligar|78\/334|[from] Stealth Rock
|turn|30
|choice|*move 4|*
|choice|*|*move 1
|choice|move roost|move playrough
|
|move|p1a: Gligar|Roost|p1a: Gligar
|-heal|p1a: Gligar|245\/334
|move|p2a: Mawile|Play Rough|p1a: Gligar
|-damage|p1a: Gligar|103\/334
|
|upkeep
|turn|31
|choice|*move 4|*
|choice|*|*switch 2
|choice|move roost|switch 2
|
|switch|p2a: Landorus|Landorus-Therian, M|359\/382 tox
|-ability|p2a: Landorus|Intimidate|boost
|-unboost|p1a: Gligar|atk|1
|move|p1a: Gligar|Roost|p1a: Gligar
|-heal|p1a: Gligar|270\/334
|
|-damage|p2a: Landorus|336\/382 tox|[from] psn
|upkeep
|turn|32
|choice|*|*move 3
|choice|*move 4|*
|choice|move roost|move hiddenpower
|
|move|p2a: Landorus|Hidden Power|p1a: Gligar
|-supereffective|p1a: Gligar
|-damage|p1a: Gligar|114\/334
|move|p1a: Gligar|Roost|p1a: Gligar
|-heal|p1a: Gligar|281\/334
|
|-damage|p2a: Landorus|290\/382 tox|[from] psn
|upkeep
|turn|33
|choice|*move 4|*
|choice|*|*move 3
|choice|move roost|move hiddenpower
|
|move|p2a: Landorus|Hidden Power|p1a: Gligar
|-supereffective|p1a: Gligar
|-damage|p1a: Gligar|121\/334
|move|p1a: Gligar|Roost|p1a: Gligar
|-heal|p1a: Gligar|288\/334
|
|-damage|p2a: Landorus|221\/382 tox|[from] psn
|upkeep
|turn|34
|choice|*move 3|*
|choice|*|*switch 2
|choice|move defog|switch 2
|
|switch|p2a: Mawile|Mawile-Mega, F|180\/264
|move|p1a: Gligar|Defog|p2a: Mawile
|-unboost|p2a: Mawile|evasion|1
|-sideend|p1: A Lunatic's Lament|Stealth Rock|[from] move: Defog|[of] p1a: Gligar
|
|upkeep
|turn|35
|choice|*move 1|*
|choice|*|*switch 5
|choice|move earthquake|switch 5
|
|switch|p2a: Magnezone|Magnezone|281\/281
|move|p1a: Gligar|Earthquake|p2a: Magnezone
|-supereffective|p2a: Magnezone
|-damage|p2a: Magnezone|73\/281
|
|upkeep
|turn|36
|choice|*|*move 2
|choice|*move 4|*
|choice|move roost|move flashcannon
|
|move|p2a: Magnezone|Flash Cannon|p1a: Gligar
|-damage|p1a: Gligar|155\/334
|move|p1a: Gligar|Roost|p1a: Gligar
|-heal|p1a: Gligar|322\/334
|
|upkeep
|turn|37
|choice|*switch 2|*
|choice|*|*move 2
|choice|switch 2|move flashcannon
|
|switch|p1a: Dusclops|Dusclops, F|231\/284
|-ability|p1a: Dusclops|Pressure
|move|p2a: Magnezone|Flash Cannon|p1a: Dusclops
|-crit|p1a: Dusclops
|-damage|p1a: Dusclops|141\/284
|
|upkeep
|turn|38
|choice|*move 4|*
|choice|*|*move 2
|choice|move rest|move flashcannon
|
|move|p2a: Magnezone|Flash Cannon|p1a: Dusclops
|-damage|p1a: Dusclops|87\/284
|move|p1a: Dusclops|Rest|p1a: Dusclops
|-status|p1a: Dusclops|slp
|-heal|p1a: Dusclops|284\/284 slp|[silent]
|-status|p1a: Dusclops|slp|[from] move: Rest
|
|upkeep
|turn|39
|choice|*|*move 2
|choice|*switch 2|*
|choice|switch 2|move flashcannon
|
|switch|p1a: Gligar|Gligar, M|322\/334
|move|p2a: Magnezone|Flash Cannon|p1a: Gligar
|-damage|p1a: Gligar|198\/334
|
|upkeep
|turn|40
|choice|*move 4|*
|choice|*|*move 2
|choice|move roost|move flashcannon
|
|move|p2a: Magnezone|Flash Cannon|p1a: Gligar
|-damage|p1a: Gligar|71\/334
|move|p1a: Gligar|Roost|p1a: Gligar
|-heal|p1a: Gligar|238\/334
|
|upkeep
|turn|41
|choice|*switch 6|*
|choice|*|*move 2
|choice|switch 6|move flashcannon
|
|switch|p1a: Alomomola|Alomomola, F|481\/481
|move|p2a: Magnezone|Flash Cannon|p1a: Alomomola
|-resisted|p1a: Alomomola
|-damage|p1a: Alomomola|385\/481
|
|-heal|p1a: Alomomola|415\/481|[from] item: Leftovers
|upkeep
|turn|42
|choice|*move 3|*
|choice|*|*move 2
|choice|move wish|move flashcannon
|
|move|p2a: Magnezone|Flash Cannon|p1a: Alomomola
|-resisted|p1a: Alomomola
|-damage|p1a: Alomomola|321\/481
|move|p1a: Alomomola|Wish|p1a: Alomomola
|
|-heal|p1a: Alomomola|351\/481|[from] item: Leftovers
|upkeep
|turn|43
|choice|*|*switch 5
|choice|*switch 6|*
|choice|switch 6|switch 5
|
|switch|p2a: Mawile|Mawile-Mega, F|180\/264
|switch|p1a: Gligar|Gligar, M|238\/334
|
|-heal|p1a: Gligar|334\/334|[from] move: Wish|[wisher] Alomomola
|upkeep
|turn|44
|choice|*move 1|*
|choice|*|*move 1
|choice|move earthquake|move playrough
|
|move|p1a: Gligar|Earthquake|p2a: Mawile
|-supereffective|p2a: Mawile
|-damage|p2a: Mawile|22\/264
|move|p2a: Mawile|Play Rough|p1a: Gligar
|-damage|p1a: Gligar|181\/334
|-unboost|p1a: Gligar|atk|1
|
|upkeep
|turn|45
|choice|*|*move 2
|choice|*move 1|*
|choice|move earthquake|move suckerpunch
|
|move|p2a: Mawile|Sucker Punch|p1a: Gligar
|-damage|p1a: Gligar|108\/334
|move|p1a: Gligar|Earthquake|p2a: Mawile
|-supereffective|p2a: Mawile
|-damage|p2a: Mawile|0 fnt
|faint|p2a: Mawile
|
|upkeep
|choice|*|*switch 6
|choice||switch 6
|
|switch|p2a: Keldeo|Keldeo-Resolute|2\/323 brn
|turn|46
|c|☆A Lunatic's Lament|Gg unu
|choice|*|*move 2
|choice|*switch 6|*
|choice|switch 6|move secretsword
|
|switch|p1a: Alomomola|Alomomola, F|481\/481
|move|p2a: Keldeo|Secret Sword|p1a: Alomomola
|-damage|p1a: Alomomola|361\/481
|
|-heal|p1a: Alomomola|391\/481|[from] item: Leftovers
|-damage|p2a: Keldeo|0 fnt|[from] brn
|upkeep
|faint|p2a: Keldeo
|choice|*|*switch 5
|choice||switch 5
|
|switch|p2a: Magnezone|Magnezone|73\/281
|turn|47
|choice|*|*move 1
|choice|*|*move 2
|choice|*switch 2|*
|choice|switch 2|move flashcannon
|
|switch|p1a: Dusclops|Dusclops, F|284\/284 slp
|-ability|p1a: Dusclops|Pressure
|move|p2a: Magnezone|Flash Cannon|p1a: Dusclops
|-damage|p1a: Dusclops|226\/284 slp
|
|upkeep
|turn|48
|choice|*move 4|*
|c|☆Shiina Kagari|maldito gligar
|choice|*|*move 2
|choice|move rest|move flashcannon
|
|move|p2a: Magnezone|Flash Cannon|p1a: Dusclops
|-damage|p1a: Dusclops|169\/284 slp
|cant|p1a: Dusclops|slp
|
|upkeep
|turn|49
|c|☆A Lunatic's Lament|OP
|choice|*|*move 2
|choice|*move 4|*
|choice|move rest|move flashcannon
|
|move|p2a: Magnezone|Flash Cannon|p1a: Dusclops
|-damage|p1a: Dusclops|111\/284 slp
|cant|p1a: Dusclops|slp
|
|upkeep
|turn|50
|choice|*move 4|*
|choice|*|*move 2
|choice|move rest|move flashcannon
|
|move|p2a: Magnezone|Flash Cannon|p1a: Dusclops
|-damage|p1a: Dusclops|56\/284 slp
|-curestatus|p1a: Dusclops|slp|[msg]
|move|p1a: Dusclops|Rest|p1a: Dusclops
|-status|p1a: Dusclops|slp
|-heal|p1a: Dusclops|284\/284 slp|[silent]
|-status|p1a: Dusclops|slp|[from] move: Rest
|
|upkeep
|turn|51
|choice|*|*switch 2
|-message|Shiina Kagari se rindió.
|
|win|A Lunatic's Lament
</script>
</div>
<div class="battle-log battle-log-inline"><div class="inner"><div class="battle-options"></div><div class="inner"><div class=""><small>Format:</small> <br><strong>OU</strong></div><div class=""><small><em>Cláusula-Mod de Dormir:</em> solo puedes dormir a uno de tus oponentes a la vez.</small></div><div class=""><small><em>Cláusula de Especie:</em> Hasta un Pokémon de cada especie</small></div><div class=""><small><em>Cláusula de Golpe Fulminante:</em> los movimientos fulminantes (OHKO) estan prohibidos</small></div><div class=""><small><em>Cláusula de Veleta:</em> la habilidad Veleta está prohibida</small></div><div class=""><small><em>Cláusula de Movimientos Evasivos:</em> los movimientos de Evasión están prohibidos.</small></div><div class=""><small><em>Cláusula de Batallas Eternas:</em> forzar batallas eternas está prohibido</small></div><div class="chat battle-history"><strong>A Lunatic's Lament's team:</strong> <em style="color:#445566;display:block;">Dusclops / Tangela / Gligar / Chansey / Alomomola / Weavile</em></div><div class="chat battle-history"><strong>Shiina Kagari's team:</strong> <em style="color:#445566;display:block;">Mawile / Mew / Landorus-Therian / Keldeo-Resolute / Magnezone / Latios</em></div><div class="chat chatmessage-shiinakagari"><strong style="color:hsl(4,44%,50.39549125809493%)"><small>☆</small><span class="username" data-name="Shiina Kagari">Shiina Kagari</span>:</strong> <em>q</em></div><div class="spacer battle-history"><br></div><div class="battle-history">Battle started between A Lunatic's Lament and Shiina Kagari!<br></div><div class="spacer battle-history"><br></div><div class="battle-history">Go! <strong>Weavile</strong>!<br></div><div class="spacer battle-history"><br></div><div class="battle-history">Shiina Kagari sent out <strong>Mawile</strong>!<br></div><div class="battle-history"><small>[Weavile's Pressure]</small><br><small>Weavile is exerting its pressure!</small><br></div><div class="spacer battle-history"><br></div><h2 class="battle-history">Turn 1</h2><div class="spacer battle-history"><br></div><div class="battle-history">Weavile, come back!<br></div><div class="battle-history">Go! <strong>Gligar</strong>!<br></div><div class="spacer battle-history"><br></div><div class="battle-history"><small>The opposing Mawile's Mawilite is reacting to the Key Stone!</small><br>The opposing Mawile has Mega Evolved into Mega Mawile!<br></div><div class="spacer battle-history"><br></div><div class="battle-history">The opposing Mawile used <strong>Stealth Rock</strong>!<br></div><div class="battle-history"><small>Pointed stones float in the air around your team!</small><br></div><div class="spacer battle-history"><br></div><h2 class="battle-history">Turn 2</h2><div class="chat chatmessage-alunaticslament"><strong style="color:hsl(83,75%,36.53438543588625%)"><small>☆</small><span class="username" data-name="A Lunatic's Lament">A Lunatic's Lament</span>:</strong> <em>Fear</em></div><div class="spacer battle-history"><br></div><div class="battle-history">Shiina Kagari withdrew Mawile!<br></div><div class="battle-history">Shiina Kagari sent out Keldeo (<strong>Keldeo-Resolute</strong>)!<br></div><div class="spacer battle-history"><br></div><div class="battle-history">Gligar used <strong>Earthquake</strong>!<br></div><div class="battle-history"><small>(The opposing Keldeo lost <abbr title="−121/323">37.5%</abbr> of its health!)</small><br></div><div class="spacer battle-history"><br></div><h2 class="battle-history">Turn 3</h2><div class="spacer battle-history"><br></div><div class="battle-history">Gligar, come back!<br></div><div class="battle-history">Go! <strong>Alomomola</strong>!<br></div><div class="battle-history"><small>Pointed stones dug into Alomomola!</small><br></div><div class="spacer battle-history"><br></div><div class="battle-history">The opposing Keldeo used <strong>Scald</strong>!<br></div><div class="battle-history"><small>It's not very effective...</small><br></div><div class="battle-history"><small>(Alomomola lost <abbr title="−89/481">18.5%</abbr> of its health!)</small><br></div><div class="battle-history"><small>Alomomola was burned!</small><br></div><div class="spacer battle-history"><br></div><div class="battle-history"><small>Alomomola restored a little HP using its Leftovers!</small><br></div><div class="battle-history"><small>Alomomola was hurt by its burn!</small><br></div><div class="spacer battle-history"><br></div><h2 class="battle-history">Turn 4</h2><div class="spacer battle-history"><br></div><div class="battle-history">Shiina Kagari withdrew Keldeo!<br></div><div class="battle-history">Shiina Kagari sent out Mawile (<strong>Mawile-Mega</strong>)!<br></div><div class="spacer battle-history"><br></div><div class="battle-history">Alomomola, come back!<br></div><div class="battle-history">Go! <strong>Dusclops</strong>!<br></div><div class="battle-history"><small>Pointed stones dug into Dusclops!</small><br></div><div class="battle-history"><small>[Dusclops's Pressure]</small><br><small>Dusclops is exerting its pressure!</small><br></div><div class="spacer battle-history"><br></div><h2 class="battle-history">Turn 5</h2><div class="spacer battle-history"><br></div><div class="battle-history">Shiina Kagari withdrew Mawile!<br></div><div class="battle-history">Shiina Kagari sent out Keldeo (<strong>Keldeo-Resolute</strong>)!<br></div><div class="spacer battle-history"><br></div><div class="battle-history">Dusclops used <strong>Will-O-Wisp</strong>!<br></div><div class="battle-history"><small>The opposing Keldeo was burned!</small><br></div><div class="spacer battle-history"><br></div><div class="battle-history"><small>The opposing Keldeo was hurt by its burn!</small><br></div><div class="spacer battle-history"><br></div><h2 class="battle-history">Turn 6</h2><div class="spacer battle-history"><br></div><div class="battle-history">The opposing Keldeo used <strong>Scald</strong>!<br></div><div class="battle-history"><small>(Dusclops lost <abbr title="−60/284">21.1%</abbr> of its health!)</small><br></div><div class="spacer battle-history"><br></div><div class="battle-history">Dusclops used <strong>Night Shade</strong>!<br></div><div class="battle-history"><small>(The opposing Keldeo lost <abbr title="−100/323">31.0%</abbr> of its health!)</small><br></div><div class="spacer battle-history"><br></div><div class="battle-history"><small>The opposing Keldeo was hurt by its burn!</small><br></div><div class="spacer battle-history"><br></div><h2 class="battle-history">Turn 7</h2><div class="chat chatmessage-alunaticslament"><strong style="color:hsl(83,75%,36.53438543588625%)"><small>☆</small><span class="username" data-name="A Lunatic's Lament">A Lunatic's Lament</span>:</strong> <em>0</em></div><div class="spacer battle-history"><br></div><div class="battle-history">The opposing Keldeo used <strong>Scald</strong>!<br></div><div class="battle-history"><small>(Dusclops lost <abbr title="−57/284">20.1%</abbr> of its health!)</small><br></div><div class="spacer battle-history"><br></div><div class="battle-history">Dusclops used <strong>Will-O-Wisp</strong>!<br></div><div class="battle-history"><small>The opposing Keldeo already has a burn.</small><br></div><div class="spacer battle-history"><br></div><div class="battle-history"><small>The opposing Keldeo was hurt by its burn!</small><br></div><div class="spacer battle-history"><br></div><h2 class="battle-history">Turn 8</h2><div class="chat chatmessage-shiinakagari"><strong style="color:hsl(4,44%,50.39549125809493%)"><small>☆</small><span class="username" data-name="Shiina Kagari">Shiina Kagari</span>:</strong> <em>0</em></div><div class="spacer battle-history"><br></div><div class="battle-history">The opposing Keldeo used <strong>Scald</strong>!<br></div><div class="battle-history"><small>(Dusclops lost <abbr title="−54/284">19.0%</abbr> of its health!)</small><br></div><div class="spacer battle-history"><br></div><div class="battle-history">Dusclops used <strong>Rest</strong>!<br></div><div class="battle-history"><small>Dusclops fell asleep!</small><br></div><div class="battle-history"><small>Dusclops slept and became healthy!</small><br></div><div class="spacer battle-history"><br></div><div class="battle-history"><small>The opposing Keldeo was hurt by its burn!</small><br></div><div class="spacer battle-history"><br></div><h2 class="battle-history">Turn 9</h2><div class="spacer battle-history"><br></div><div class="battle-history">Shiina Kagari withdrew Keldeo!<br></div><div class="battle-history">Shiina Kagari sent out <strong>Mew</strong>!<br></div><div class="spacer battle-history"><br></div><div class="battle-history">Dusclops, come back!<br></div><div class="battle-history">Go! <strong>Chansey</strong>!<br></div><div class="battle-history"><small>Pointed stones dug into Chansey!</small><br></div><div class="spacer battle-history"><br></div><h2 class="battle-history">Turn 10</h2><div class="spacer battle-history"><br></div><div class="battle-history">The opposing Mew used <strong>Nasty Plot</strong>!<br></div><div class="battle-history"><small>The opposing Mew's Special Attack rose sharply!</small><br></div><div class="spacer battle-history"><br></div><div class="battle-history">Chansey used <strong>Heal Bell</strong>!<br></div><div class="battle-history"><small>A bell chimed!</small><br></div><div class="battle-history"><small>Dusclops woke up!</small><br></div><div class="battle-history"><small>Alomomola's burn was healed.</small><br></div><div class="spacer battle-history"><br></div><h2 class="battle-history">Turn 11</h2><div class="spacer battle-history"><br></div><div class="battle-history">The opposing Mew used <strong>Nasty Plot</strong>!<br></div><div class="battle-history"><small>The opposing Mew's Special Attack rose sharply!</small><br></div><div class="spacer battle-history"><br></div><div class="battle-history">Chansey used <strong>Seismic Toss</strong>!<br></div><div class="battle-history"><small>(The opposing Mew lost <abbr title="−100/341">29.3%</abbr> of its health!)</small><br></div><div class="spacer battle-history"><br></div><h2 class="battle-history">Turn 12</h2><div class="spacer battle-history"><br></div><div class="battle-history">The opposing Mew used <strong>Rock Polish</strong>!<br></div><div class="battle-history"><small>The opposing Mew's Speed rose sharply!</small><br></div><div class="spacer battle-history"><br></div><div class="battle-history">Chansey used <strong>Seismic Toss</strong>!<br></div><div class="battle-history"><small>(The opposing Mew lost <abbr title="−100/341">29.3%</abbr> of its health!)</small><br></div><div class="spacer battle-history"><br></div><h2 class="battle-history">Turn 13</h2><div class="spacer battle-history"><br></div><div class="battle-history">The opposing Mew used <strong>Focus Blast</strong>!<br></div><div class="battle-history"><small>It's super effective!</small><br></div><div class="battle-history"><small>(Chansey lost <abbr title="−474/703">67.4%</abbr> of its health!)</small><br></div><div class="spacer battle-history"><br></div><div class="battle-history">Chansey used <strong>Seismic Toss</strong>!<br></div><div class="battle-history"><small>(The opposing Mew lost <abbr title="−100/341">29.3%</abbr> of its health!)</small><br></div><div class="spacer battle-history"><br></div><h2 class="battle-history">Turn 14</h2><div class="spacer battle-history"><br></div><div class="battle-history">Chansey, come back!<br></div><div class="battle-history">Go! <strong>Weavile</strong>!<br></div><div class="battle-history"><small>Pointed stones dug into Weavile!</small><br></div><div class="battle-history"><small>[Weavile's Pressure]</small><br><small>Weavile is exerting its pressure!</small><br></div><div class="spacer battle-history"><br></div><div class="battle-history">The opposing Mew used <strong>Psychic</strong>!<br></div><div class="battle-history"><small>It doesn't affect Weavile...</small><br></div><div class="spacer battle-history"><br></div><h2 class="battle-history">Turn 15</h2><div class="spacer battle-history"><br></div><div class="battle-history">Weavile used <strong>Ice Shard</strong>!<br></div><div class="battle-history"><small>(The opposing Mew lost <abbr title="−41/341">12.0%</abbr> of its health!)</small><br></div><div class="spacer battle-history"><br></div><div class="battle-history">The opposing Mew fainted!<br></div><div class="chat chatmessage-alunaticslament"><strong style="color:hsl(83,75%,36.53438543588625%)"><small>☆</small><span class="username" data-name="A Lunatic's Lament">A Lunatic's Lament</span>:</strong> <em></em></div><div class="chat chatmessage-shiinakagari"><strong style="color:hsl(4,44%,50.39549125809493%)"><small>☆</small><span class="username" data-name="Shiina Kagari">Shiina Kagari</span>:</strong> <em>alv</em></div><div class="spacer battle-history"><br></div><div class="battle-history">Shiina Kagari sent out Mawile (<strong>Mawile-Mega</strong>)!<br></div><div class="spacer battle-history"><br></div><h2 class="battle-history">Turn 16</h2><div class="spacer battle-history"><br></div><div class="battle-history">Weavile, come back!<br></div><div class="battle-history">Go! <strong>Gligar</strong>!<br></div><div class="battle-history"><small>Pointed stones dug into Gligar!</small><br></div><div class="spacer battle-history"><br></div><div class="battle-history">The opposing Mawile used <strong>Play Rough</strong>!<br></div><div class="battle-history"><small>(Gligar lost <abbr title="−150/334">44.9%</abbr> of its health!)</small><br></div><div class="spacer battle-history"><br></div><h2 class="battle-history">Turn 17</h2><div class="spacer battle-history"><br></div><div class="battle-history">Gligar used <strong>Roost</strong>!<br></div><div class="battle-history"><small>Gligar restored its HP.</small><br></div><div class="spacer battle-history"><br></div><div class="battle-history">The opposing Mawile used <strong>Play Rough</strong>!<br></div><div class="battle-history"><small>(Gligar lost <abbr title="−141/334">42.2%</abbr> of its health!)</small><br></div><div class="spacer battle-history"><br></div><h2 class="battle-history">Turn 18</h2><div class="spacer battle-history"><br></div><div class="battle-history">Shiina Kagari withdrew Mawile!<br></div><div class="battle-history">Shiina Kagari sent out <strong>Latios</strong>!<br></div><div class="spacer battle-history"><br></div><div class="battle-history">Gligar used <strong>Earthquake</strong>!<br></div><div class="battle-history"><small>[The opposing Latios's Levitate]</small><br><small>It doesn't affect the opposing Latios...</small><br></div><div class="spacer battle-history"><br></div><h2 class="battle-history">Turn 19</h2><div class="spacer battle-history"><br></div><div class="battle-history">Shiina Kagari withdrew Latios!<br></div><div class="battle-history">Shiina Kagari sent out Keldeo (<strong>Keldeo-Resolute</strong>)!<br></div><div class="spacer battle-history"><br></div><div class="battle-history">Gligar, come back!<br></div><div class="battle-history">Go! <strong>Weavile</strong>!<br></div><div class="battle-history"><small>Pointed stones dug into Weavile!</small><br></div><div class="battle-history"><small>[Weavile's Pressure]</small><br><small>Weavile is exerting its pressure!</small><br></div><div class="spacer battle-history"><br></div><div class="battle-history"><small>The opposing Keldeo was hurt by its burn!</small><br></div><div class="spacer battle-history"><br></div><h2 class="battle-history">Turn 20</h2><div class="spacer battle-history"><br></div><div class="battle-history">Shiina Kagari withdrew Keldeo!<br></div><div class="battle-history">Shiina Kagari sent out Mawile (<strong>Mawile-Mega</strong>)!<br></div><div class="spacer battle-history"><br></div><div class="battle-history">Weavile used <strong>Ice Shard</strong>!<br></div><div class="battle-history"><small>It's not very effective...</small><br></div><div class="battle-history"><small>(The opposing Mawile lost <abbr title="−39/264">14.8%</abbr> of its health!)</small><br></div><div class="spacer battle-history"><br></div><h2 class="battle-history">Turn 21</h2><div class="chat chatmessage-shiinakagari"><strong style="color:hsl(4,44%,50.39549125809493%)"><small>☆</small><span class="username" data-name="Shiina Kagari">Shiina Kagari</span>:</strong> <em>ads</em></div><div class="spacer battle-history"><br></div><div class="battle-history">Weavile, come back!<br></div><div class="battle-history">Go! <strong>Tangela</strong>!<br></div><div class="battle-history"><small>Pointed stones dug into Tangela!</small><br></div><div class="spacer battle-history"><br></div><div class="battle-history">The opposing Mawile used <strong>Play Rough</strong>!<br></div><div class="battle-history"><small>(Tangela lost <abbr title="−121/334">36.2%</abbr> of its health!)</small><br></div><div class="spacer battle-history"><br></div><h2 class="battle-history">Turn 22</h2><div class="chat chatmessage-alunaticslament"><strong style="color:hsl(83,75%,36.53438543588625%)"><small>☆</small><span class="username" data-name="A Lunatic's Lament">A Lunatic's Lament</span>:</strong> <em>00000000000000000</em></div><div class="spacer battle-history"><br></div><div class="battle-history">The opposing Mawile used <strong>Play Rough</strong>!<br></div><div class="battle-history"><small>(Tangela lost <abbr title="−142/334">42.5%</abbr> of its health!)</small><br></div><div class="spacer battle-history"><br></div><div class="battle-history">Tangela used <strong>Sleep Powder</strong>!<br></div><div class="battle-history"><small>The opposing Mawile avoided the attack!</small><br></div><div class="spacer battle-history"><br></div><h2 class="battle-history">Turn 23</h2><div class="chat chatmessage-alunaticslament"><strong style="color:hsl(83,75%,36.53438543588625%)"><small>☆</small><span class="username" data-name="A Lunatic's Lament">A Lunatic's Lament</span>:</strong> <em>No jodas e.a</em></div><div class="spacer battle-history"><br></div><div class="battle-history">Tangela, come back!<br></div><div class="battle-history">Go! <strong>Chansey</strong>!<br></div><div class="battle-history"><small>Pointed stones dug into Chansey!</small><br></div><div class="spacer battle-history"><br></div><div class="battle-history">The opposing Mawile used <strong>Play Rough</strong>!<br></div><div class="battle-history"><small>(Chansey lost <abbr title="−55/703">7.8%</abbr> of its health!)</small><br></div><div class="spacer battle-history"><br></div><div class="battle-history">Chansey fainted!<br></div><div class="spacer battle-history"><br></div><div class="battle-history">Go! <strong>Gligar</strong>!<br></div><div class="battle-history"><small>Pointed stones dug into Gligar!</small><br></div><div class="spacer battle-history"><br></div><h2 class="battle-history">Turn 24</h2><div class="spacer battle-history"><br></div><div class="battle-history">Shiina Kagari withdrew Mawile!<br></div><div class="battle-history">Shiina Kagari sent out Landorus (<strong>Landorus-Therian</strong>)!<br></div><div class="battle-history"><small>[The opposing Landorus's Intimidate]</small><br></div><div class="battle-history"><small>Gligar's Attack fell!</small><br></div><div class="spacer battle-history"><br></div><div class="battle-history">Gligar used <strong>Roost</strong>!<br></div><div class="battle-history"><small>Gligar restored its HP.</small><br></div><div class="spacer battle-history"><br></div><h2 class="battle-history">Turn 25</h2><div class="spacer battle-history"><br></div><div class="battle-history">The opposing Landorus used <strong>Hidden Power</strong>!<br></div><div class="battle-history"><small>It's super effective!</small><br></div><div class="battle-history"><small>(Gligar lost <abbr title="−176/334">52.7%</abbr> of its health!)</small><br></div><div class="spacer battle-history"><br></div><div class="battle-history">Gligar used <strong>Toxic</strong>!<br></div><div class="battle-history"><small>The opposing Landorus was badly poisoned!</small><br></div><div class="spacer battle-history"><br></div><div class="battle-history"><small>The opposing Landorus was hurt by poison!</small><br></div><div class="spacer battle-history"><br></div><h2 class="battle-history">Turn 26</h2><div class="spacer battle-history"><br></div><div class="battle-history">Gligar, come back!<br></div><div class="battle-history">Go! <strong>Dusclops</strong>!<br></div><div class="battle-history"><small>Pointed stones dug into Dusclops!</small><br></div><div class="battle-history"><small>[Dusclops's Pressure]</small><br><small>Dusclops is exerting its pressure!</small><br></div><div class="spacer battle-history"><br></div><div class="battle-history">The opposing Landorus used <strong>U-turn</strong>!<br></div><div class="battle-history"><small>It's not very effective...</small><br></div><div class="battle-history"><small>(Dusclops lost <abbr title="−18/284">6.3%</abbr> of its health!)</small><br></div><div class="spacer battle-history"><br></div><div class="battle-history">The opposing Landorus went back to Shiina Kagari!<br></div><div class="battle-history">Shiina Kagari sent out <strong>Latios</strong>!<br></div><div class="spacer battle-history"><br></div><h2 class="battle-history">Turn 27</h2><div class="spacer battle-history"><br></div><div class="battle-history">Dusclops, come back!<br></div><div class="battle-history">Go! <strong>Weavile</strong>!<br></div><div class="battle-history"><small>Pointed stones dug into Weavile!</small><br></div><div class="battle-history"><small>[Weavile's Pressure]</small><br><small>Weavile is exerting its pressure!</small><br></div><div class="spacer battle-history"><br></div><div class="battle-history">The opposing Latios used <strong>Psyshock</strong>!<br></div><div class="battle-history"><small>It doesn't affect Weavile...</small><br></div><div class="spacer battle-history"><br></div><h2 class="battle-history">Turn 28</h2><div class="spacer battle-history"><br></div><div class="battle-history"><small>(The opposing Latios is being withdrawn...)</small><br></div><div class="spacer battle-history"><br></div><div class="battle-history">Weavile used <strong>Pursuit</strong>!<br></div><div class="battle-history"><small>It's super effective!</small><br></div><div class="battle-history"><small>(The opposing Latios lost <abbr title="−301/301">100%</abbr> of its health!)</small><br></div><div class="spacer battle-history"><br></div><div class="battle-history">The opposing Latios fainted!<br></div><div class="spacer battle-history"><br></div><div class="battle-history">Shiina Kagari sent out Mawile (<strong>Mawile-Mega</strong>)!<br></div><div class="spacer battle-history"><br></div><h2 class="battle-history">Turn 29</h2><div class="spacer battle-history"><br></div><div class="battle-history">Weavile used <strong>Pursuit</strong>!<br></div><div class="battle-history"><small>It's not very effective...</small><br></div><div class="battle-history"><small>(The opposing Mawile lost <abbr title="−45/264">17.0%</abbr> of its health!)</small><br></div><div class="spacer battle-history"><br></div><div class="battle-history">The opposing Mawile used <strong>Play Rough</strong>!<br></div><div class="battle-history"><small>It's super effective!</small><br></div><div class="battle-history"><small>(Weavile lost <abbr title="−71/281">25.3%</abbr> of its health!)</small><br></div><div class="spacer battle-history"><br></div><div class="battle-history">Weavile fainted!<br></div><div class="spacer battle-history"><br></div><div class="battle-history">Go! <strong>Gligar</strong>!<br></div><div class="battle-history"><small>Pointed stones dug into Gligar!</small><br></div><div class="spacer battle-history"><br></div><h2 class="battle-history">Turn 30</h2><div class="spacer battle-history"><br></div><div class="battle-history">Gligar used <strong>Roost</strong>!<br></div><div class="battle-history"><small>Gligar restored its HP.</small><br></div><div class="spacer battle-history"><br></div><div class="battle-history">The opposing Mawile used <strong>Play Rough</strong>!<br></div><div class="battle-history"><small>(Gligar lost <abbr title="−142/334">42.5%</abbr> of its health!)</small><br></div><div class="spacer battle-history"><br></div><h2 class="battle-history">Turn 31</h2><div class="spacer battle-history"><br></div><div class="battle-history">Shiina Kagari withdrew Mawile!<br></div><div class="battle-history">Shiina Kagari sent out Landorus (<strong>Landorus-Therian</strong>)!<br></div><div class="battle-history"><small>[The opposing Landorus's Intimidate]</small><br></div><div class="battle-history"><small>Gligar's Attack fell!</small><br></div><div class="spacer battle-history"><br></div><div class="battle-history">Gligar used <strong>Roost</strong>!<br></div><div class="battle-history"><small>Gligar restored its HP.</small><br></div><div class="spacer battle-history"><br></div><div class="battle-history"><small>The opposing Landorus was hurt by poison!</small><br></div><div class="spacer battle-history"><br></div><h2 class="battle-history">Turn 32</h2><div class="spacer battle-history"><br></div><div class="battle-history">The opposing Landorus used <strong>Hidden Power</strong>!<br></div><div class="battle-history"><small>It's super effective!</small><br></div><div class="battle-history"><small>(Gligar lost <abbr title="−156/334">46.7%</abbr> of its health!)</small><br></div><div class="spacer battle-history"><br></div><div class="battle-history">Gligar used <strong>Roost</strong>!<br></div><div class="battle-history"><small>Gligar restored its HP.</small><br></div><div class="spacer battle-history"><br></div><div class="battle-history"><small>The opposing Landorus was hurt by poison!</small><br></div><div class="spacer battle-history"><br></div><h2 class="battle-history">Turn 33</h2><div class="spacer battle-history"><br></div><div class="battle-history">The opposing Landorus used <strong>Hidden Power</strong>!<br></div><div class="battle-history"><small>It's super effective!</small><br></div><div class="battle-history"><small>(Gligar lost <abbr title="−160/334">47.9%</abbr> of its health!)</small><br></div><div class="spacer battle-history"><br></div><div class="battle-history">Gligar used <strong>Roost</strong>!<br></div><div class="battle-history"><small>Gligar restored its HP.</small><br></div><div class="spacer battle-history"><br></div><div class="battle-history"><small>The opposing Landorus was hurt by poison!</small><br></div><div class="spacer battle-history"><br></div><h2 class="battle-history">Turn 34</h2><div class="spacer battle-history"><br></div><div class="battle-history">Shiina Kagari withdrew Landorus!<br></div><div class="battle-history">Shiina Kagari sent out Mawile (<strong>Mawile-Mega</strong>)!<br></div><div class="spacer battle-history"><br></div><div class="battle-history">Gligar used <strong>Defog</strong>!<br></div><div class="battle-history"><small>The opposing Mawile's evasiveness fell!</small><br></div><div class="battle-history"><small>The pointed stones disappeared from around your team!</small><br></div><div class="spacer battle-history"><br></div><h2 class="battle-history">Turn 35</h2><div class="spacer battle-history"><br></div><div class="battle-history">Shiina Kagari withdrew Mawile!<br></div><div class="battle-history">Shiina Kagari sent out <strong>Magnezone</strong>!<br></div><div class="spacer battle-history"><br></div><div class="battle-history">Gligar used <strong>Earthquake</strong>!<br></div><div class="battle-history"><small>It's super effective!</small><br></div><div class="battle-history"><small>(The opposing Magnezone lost <abbr title="−208/281">74.0%</abbr> of its health!)</small><br></div><div class="spacer battle-history"><br></div><h2 class="battle-history">Turn 36</h2><div class="spacer battle-history"><br></div><div class="battle-history">The opposing Magnezone used <strong>Flash Cannon</strong>!<br></div><div class="battle-history"><small>(Gligar lost <abbr title="−133/334">39.8%</abbr> of its health!)</small><br></div><div class="spacer battle-history"><br></div><div class="battle-history">Gligar used <strong>Roost</strong>!<br></div><div class="battle-history"><small>Gligar restored its HP.</small><br></div><div class="spacer battle-history"><br></div><h2 class="battle-history">Turn 37</h2><div class="spacer battle-history"><br></div><div class="battle-history">Gligar, come back!<br></div><div class="battle-history">Go! <strong>Dusclops</strong>!<br></div><div class="battle-history"><small>[Dusclops's Pressure]</small><br><small>Dusclops is exerting its pressure!</small><br></div><div class="spacer battle-history"><br></div><div class="battle-history">The opposing Magnezone used <strong>Flash Cannon</strong>!<br></div><div class="battle-history"><small>A critical hit!</small><br></div><div class="battle-history"><small>(Dusclops lost <abbr title="−90/284">31.7%</abbr> of its health!)</small><br></div><div class="spacer battle-history"><br></div><h2 class="battle-history">Turn 38</h2><div class="spacer battle-history"><br></div><div class="battle-history">The opposing Magnezone used <strong>Flash Cannon</strong>!<br></div><div class="battle-history"><small>(Dusclops lost <abbr title="−54/284">19.0%</abbr> of its health!)</small><br></div><div class="spacer battle-history"><br></div><div class="battle-history">Dusclops used <strong>Rest</strong>!<br></div><div class="battle-history"><small>Dusclops fell asleep!</small><br></div><div class="battle-history"><small>Dusclops slept and became healthy!</small><br></div><div class="spacer battle-history"><br></div><h2 class="battle-history">Turn 39</h2><div class="spacer battle-history"><br></div><div class="battle-history">Dusclops, come back!<br></div><div class="battle-history">Go! <strong>Gligar</strong>!<br></div><div class="spacer battle-history"><br></div><div class="battle-history">The opposing Magnezone used <strong>Flash Cannon</strong>!<br></div><div class="battle-history"><small>(Gligar lost <abbr title="−124/334">37.1%</abbr> of its health!)</small><br></div><div class="spacer battle-history"><br></div><h2 class="battle-history">Turn 40</h2><div class="spacer battle-history"><br></div><div class="battle-history">The opposing Magnezone used <strong>Flash Cannon</strong>!<br></div><div class="battle-history"><small>(Gligar lost <abbr title="−127/334">38.0%</abbr> of its health!)</small><br></div><div class="spacer battle-history"><br></div><div class="battle-history">Gligar used <strong>Roost</strong>!<br></div><div class="battle-history"><small>Gligar restored its HP.</small><br></div><div class="spacer battle-history"><br></div><h2 class="battle-history">Turn 41</h2><div class="spacer battle-history"><br></div><div class="battle-history">Gligar, come back!<br></div><div class="battle-history">Go! <strong>Alomomola</strong>!<br></div><div class="spacer battle-history"><br></div><div class="battle-history">The opposing Magnezone used <strong>Flash Cannon</strong>!<br></div><div class="battle-history"><small>It's not very effective...</small><br></div><div class="battle-history"><small>(Alomomola lost <abbr title="−96/481">20.0%</abbr> of its health!)</small><br></div><div class="spacer battle-history"><br></div><div class="battle-history"><small>Alomomola restored a little HP using its Leftovers!</small><br></div><div class="spacer battle-history"><br></div><h2 class="battle-history">Turn 42</h2><div class="spacer battle-history"><br></div><div class="battle-history">The opposing Magnezone used <strong>Flash Cannon</strong>!<br></div><div class="battle-history"><small>It's not very effective...</small><br></div><div class="battle-history"><small>(Alomomola lost <abbr title="−94/481">19.5%</abbr> of its health!)</small><br></div><div class="spacer battle-history"><br></div><div class="battle-history">Alomomola used <strong>Wish</strong>!<br></div><div class="spacer battle-history"><br></div><div class="battle-history"><small>Alomomola restored a little HP using its Leftovers!</small><br></div><div class="spacer battle-history"><br></div><h2 class="battle-history">Turn 43</h2><div class="spacer battle-history"><br></div><div class="battle-history">Shiina Kagari withdrew Magnezone!<br></div><div class="battle-history">Shiina Kagari sent out Mawile (<strong>Mawile-Mega</strong>)!<br></div><div class="spacer battle-history"><br></div><div class="battle-history">Alomomola, come back!<br></div><div class="battle-history">Go! <strong>Gligar</strong>!<br></div><div class="spacer battle-history"><br></div><div class="battle-history"><small>Alomomola's wish came true!</small><br></div><div class="spacer battle-history"><br></div><h2 class="battle-history">Turn 44</h2><div class="spacer battle-history"><br></div><div class="battle-history">Gligar used <strong>Earthquake</strong>!<br></div><div class="battle-history"><small>It's super effective!</small><br></div><div class="battle-history"><small>(The opposing Mawile lost <abbr title="−158/264">59.8%</abbr> of its health!)</small><br></div><div class="spacer battle-history"><br></div><div class="battle-history">The opposing Mawile used <strong>Play Rough</strong>!<br></div><div class="battle-history"><small>(Gligar lost <abbr title="−153/334">45.8%</abbr> of its health!)</small><br></div><div class="battle-history"><small>Gligar's Attack fell!</small><br></div><div class="spacer battle-history"><br></div><h2 class="battle-history">Turn 45</h2><div class="spacer battle-history"><br></div><div class="battle-history">The opposing Mawile used <strong>Sucker Punch</strong>!<br></div><div class="battle-history"><small>(Gligar lost <abbr title="−73/334">21.9%</abbr> of its health!)</small><br></div><div class="spacer battle-history"><br></div><div class="battle-history">Gligar used <strong>Earthquake</strong>!<br></div><div class="battle-history"><small>It's super effective!</small><br></div><div class="battle-history"><small>(The opposing Mawile lost <abbr title="−22/264">8.3%</abbr> of its health!)</small><br></div><div class="spacer battle-history"><br></div><div class="battle-history">The opposing Mawile fainted!<br></div><div class="spacer battle-history"><br></div><div class="battle-history">Shiina Kagari sent out Keldeo (<strong>Keldeo-Resolute</strong>)!<br></div><div class="spacer battle-history"><br></div><h2 class="battle-history">Turn 46</h2><div class="chat chatmessage-alunaticslament"><strong style="color:hsl(83,75%,36.53438543588625%)"><small>☆</small><span class="username" data-name="A Lunatic's Lament">A Lunatic's Lament</span>:</strong> <em>Gg unu</em></div><div class="spacer battle-history"><br></div><div class="battle-history">Gligar, come back!<br></div><div class="battle-history">Go! <strong>Alomomola</strong>!<br></div><div class="spacer battle-history"><br></div><div class="battle-history">The opposing Keldeo used <strong>Secret Sword</strong>!<br></div><div class="battle-history"><small>(Alomomola lost <abbr title="−120/481">24.9%</abbr> of its health!)</small><br></div><div class="spacer battle-history"><br></div><div class="battle-history"><small>Alomomola restored a little HP using its Leftovers!</small><br></div><div class="battle-history"><small>The opposing Keldeo was hurt by its burn!</small><br></div><div class="spacer battle-history"><br></div><div class="battle-history">The opposing Keldeo fainted!<br></div><div class="spacer battle-history"><br></div><div class="battle-history">Shiina Kagari sent out <strong>Magnezone</strong>!<br></div><div class="spacer battle-history"><br></div><h2 class="battle-history">Turn 47</h2><div class="spacer battle-history"><br></div><div class="battle-history">Alomomola, come back!<br></div><div class="battle-history">Go! <strong>Dusclops</strong>!<br></div><div class="battle-history"><small>[Dusclops's Pressure]</small><br><small>Dusclops is exerting its pressure!</small><br></div><div class="spacer battle-history"><br></div><div class="battle-history">The opposing Magnezone used <strong>Flash Cannon</strong>!<br></div><div class="battle-history"><small>(Dusclops lost <abbr title="−58/284">20.4%</abbr> of its health!)</small><br></div><div class="spacer battle-history"><br></div><h2 class="battle-history">Turn 48</h2><div class="chat chatmessage-shiinakagari"><strong style="color:hsl(4,44%,50.39549125809493%)"><small>☆</small><span class="username" data-name="Shiina Kagari">Shiina Kagari</span>:</strong> <em>maldito gligar</em></div><div class="spacer battle-history"><br></div><div class="battle-history">The opposing Magnezone used <strong>Flash Cannon</strong>!<br></div><div class="battle-history"><small>(Dusclops lost <abbr title="−57/284">20.1%</abbr> of its health!)</small><br></div><div class="spacer battle-history"><br></div><div class="battle-history">Dusclops is fast asleep.<br></div><div class="spacer battle-history"><br></div><h2 class="battle-history">Turn 49</h2><div class="chat chatmessage-alunaticslament"><strong style="color:hsl(83,75%,36.53438543588625%)"><small>☆</small><span class="username" data-name="A Lunatic's Lament">A Lunatic's Lament</span>:</strong> <em>OP</em></div><div class="spacer battle-history"><br></div><div class="battle-history">The opposing Magnezone used <strong>Flash Cannon</strong>!<br></div><div class="battle-history"><small>(Dusclops lost <abbr title="−58/284">20.4%</abbr> of its health!)</small><br></div><div class="spacer battle-history"><br></div><div class="battle-history">Dusclops is fast asleep.<br></div><div class="spacer battle-history"><br></div><h2 class="battle-history">Turn 50</h2><div class="spacer battle-history"><br></div><div class="battle-history">The opposing Magnezone used <strong>Flash Cannon</strong>!<br></div><div class="battle-history"><small>(Dusclops lost <abbr title="−55/284">19.4%</abbr> of its health!)</small><br></div><div class="battle-history"><small>Dusclops woke up!</small><br></div><div class="spacer battle-history"><br></div><div class="battle-history">Dusclops used <strong>Rest</strong>!<br></div><div class="battle-history"><small>Dusclops fell asleep!</small><br></div><div class="battle-history"><small>Dusclops slept and became healthy!</small><br></div><div class="spacer battle-history"><br></div><h2 class="battle-history">Turn 51</h2><div class="spacer battle-history"><br></div><div class="battle-history"><small>Shiina Kagari se rindió.</small><br></div><div class="spacer battle-history"><br></div><div class="battle-history"><strong>A Lunatic's Lament</strong> won the battle!<br></div></div><div class="inner-preempt"></div></div></div>
</div>
<script>
let daily = Math.floor(Date.now()/1000/60/60/24);document.write('<script src="https://play.pokemonshowdown.com/js/replay-embed.js?version'+daily+'"></'+'script>');
</script>
