<!DOCTYPE html>
<meta charset="utf-8" />
<!-- version 1 -->
<title>OU replay: Snivy_16 vs. Seiko leich</title>
<style>
html,body {font-family:Verdana, sans-serif;font-size:10pt;margin:0;padding:0;}body{padding:12px 0;} .battle-log {font-family:Verdana, sans-serif;font-size:10pt;} .battle-log-inline {border:1px solid #AAAAAA;background:#EEF2F5;color:black;max-width:640px;margin:0 auto 80px;padding-bottom:5px;} .battle-log .inner {padding:4px 8px 0px 8px;} .battle-log .inner-preempt {padding:0 8px 4px 8px;} .battle-log .inner-after {margin-top:0.5em;} .battle-log h2 {margin:0.5em -8px;padding:4px 8px;border:1px solid #AAAAAA;background:#E0E7EA;border-left:0;border-right:0;font-family:Verdana, sans-serif;font-size:13pt;} .battle-log .chat {vertical-align:middle;padding:3px 0 3px 0;font-size:8pt;} .battle-log .chat strong {color:#40576A;} .battle-log .chat em {padding:1px 4px 1px 3px;color:#000000;font-style:normal;} .chat.mine {background:rgba(0,0,0,0.05);margin-left:-8px;margin-right:-8px;padding-left:8px;padding-right:8px;} .spoiler {color:#BBBBBB;background:#BBBBBB;padding:0px 3px;} .spoiler:hover, .spoiler:active, .spoiler-shown {color:#000000;background:#E2E2E2;padding:0px 3px;} .spoiler a {color:#BBBBBB;} .spoiler:hover a, .spoiler:active a, .spoiler-shown a {color:#2288CC;} .chat code, .chat .spoiler:hover code, .chat .spoiler:active code, .chat .spoiler-shown code {border:1px solid #C0C0C0;background:#EEEEEE;color:black;padding:0 2px;} .chat .spoiler code {border:1px solid #CCCCCC;background:#CCCCCC;color:#CCCCCC;} .battle-log .rated {padding:3px 4px;} .battle-log .rated strong {color:white;background:#89A;padding:1px 4px;border-radius:4px;} .spacer {margin-top:0.5em;} .message-announce {background:#6688AA;color:white;padding:1px 4px 2px;} .message-announce a, .broadcast-green a, .broadcast-blue a, .broadcast-red a {color:#DDEEFF;} .broadcast-green {background-color:#559955;color:white;padding:2px 4px;} .broadcast-blue {background-color:#6688AA;color:white;padding:2px 4px;} .infobox {border:1px solid #6688AA;padding:2px 4px;} .infobox-limited {max-height:200px;overflow:auto;overflow-x:hidden;} .broadcast-red {background-color:#AA5544;color:white;padding:2px 4px;} .message-learn-canlearn {font-weight:bold;color:#228822;text-decoration:underline;} .message-learn-cannotlearn {font-weight:bold;color:#CC2222;text-decoration:underline;} .message-effect-weak {font-weight:bold;color:#CC2222;} .message-effect-resist {font-weight:bold;color:#6688AA;} .message-effect-immune {font-weight:bold;color:#666666;} .message-learn-list {margin-top:0;margin-bottom:0;} .message-throttle-notice, .message-error {color:#992222;} .message-overflow, .chat small.message-overflow {font-size:0pt;} .message-overflow::before {font-size:9pt;content:'...';} .subtle {color:#3A4A66;}
</style>
<div class="wrapper replay-wrapper" style="max-width:1180px;margin:0 auto">
<input type="hidden" name="replayid" value="destiny-ou-546750" />
<div class="battle"></div><div class="battle-log"></div><div class="replay-controls"></div><div class="replay-controls-2"></div>
<h1 style="font-weight:normal;text-align:center"><strong>OU</strong><br /><a href="http://pokemonshowdown.com/users/snivy16" class="subtle" target="_blank">Snivy_16</a> vs. <a href="http://pokemonshowdown.com/users/seikoleich" class="subtle" target="_blank">Seiko leich</a></h1>
<script type="text/plain" class="battle-log-data">|player|p1|Snivy_16|12
|teamsize|p1|6
|player|p2|Seiko leich|169
|teamsize|p2|6
|teamsize|p1|6
|teamsize|p2|6
|gametype|singles
|gen|7
|tier|OU
|rated
|seed|63496,17180,36196,30586
|rule|Cláusula-Mod de Dormir: solo puedes dormir a uno de tus oponentes a la vez.
|rule|Cláusula de Especie: Hasta un Pokémon de cada especie
|rule|Cláusula de Golpe Fulminante: los movimientos fulminantes (OHKO) estan prohibidos
|rule|Cláusula de Veleta: la habilidad Veleta está prohibida
|rule|Cláusula de Movimientos Evasivos: los movimientos de Evasión están prohibidos.
|rule|Cláusula de Batallas Eternas: forzar batallas eternas está prohibido
|clearpoke
|poke|p1|Galvantula, M, shiny|item
|poke|p1|Greninja, F, shiny|item
|poke|p1|Gliscor, M, shiny|item
|poke|p1|Chansey, F, shiny|item
|poke|p1|Volcarona, M|item
|poke|p1|Beedrill, M|item
|poke|p2|Serperior, F|item
|poke|p2|Snorlax, M|item
|poke|p2|Skarmory, F|item
|poke|p2|Hawlucha, M|item
|poke|p2|Greninja, M|item
|poke|p2|Meowstic, M|item
|teampreview|undefined
|choice|*team 123456|*
|player|p2|
|player|p2|Seiko leich|169
|player|p2|
|player|p2|Seiko leich|169
|player|p2|
|inactive|Reloj de batalla ENCENDIDO. El jugador inactivo será descalificado (solicitado por Snivy_16).
|inactive|Seiko leich se reconectó y tiene 150 segundos restantes.
|player|p2|Seiko leich|169
|inactiveoff|El cronómetro ha sido APAGADO.
|player|p2|
|player|p2|Seiko leich|169
|player|p2|
|choice|*team 123456|*
|player|p2|Seiko leich|169
|player|p2|
|player|p2|Seiko leich|169
|player|p2|
|inactive|Reloj de batalla ENCENDIDO. El jugador inactivo será descalificado (solicitado por Snivy_16).
|inactiveoff|El cronómetro ha sido APAGADO.
|player|p2|Seiko leich|169
|player|p2|
|player|p2|Seiko leich|169
|player|p2|
|player|p2|Seiko leich|169
|inactive|Reloj de batalla ENCENDIDO. El jugador inactivo será descalificado (solicitado por Snivy_16).
|inactive|Seiko leich tiene 135 segundos restantes.
|inactive|Seiko leich se desconectó y tiene un minuto para reconectarse!
|player|p2|
|inactive|Seiko leich se reconectó y tiene 130 segundos restantes.
|player|p2|Seiko leich|169
|inactive|Seiko leich tiene 120 segundos restantes.
|inactive|Seiko leich tiene 105 segundos restantes.
|inactive|Seiko leich se desconectó y tiene un minuto para reconectarse!
|player|p2|
|inactive|Seiko leich se reconectó y tiene 100 segundos restantes.
|player|p2|Seiko leich|169
|inactive|Seiko leich tiene 90 segundos restantes.
|inactive|Seiko leich tiene 75 segundos restantes.
|inactive|Seiko leich se desconectó y tiene un minuto para reconectarse!
|player|p2|
|inactive|Seiko leich se reconectó y tiene 65 segundos restantes.
|player|p2|Seiko leich|169
|choice|*team 123456|*
|choice|*|*team 213456
|choice|team 1, 2, 3, 4, 5, 6|team 2, 1, 3, 4, 5, 6
|
|start
|switch|p1a: Galvantula|Galvantula, M, shiny|281\/281
|switch|p2a: Snorlax|Snorlax, M|461\/461
|turn|1
|inactiveoff|El cronómetro ha sido APAGADO.
|choice|*move 1|*
|choice|*|*move 4
|choice|move stickyweb|move curse
|
|move|p1a: Galvantula|Sticky Web|p2a: Snorlax
|-sidestart|p2: Seiko leich|move: Sticky Web
|move|p2a: Snorlax|Curse|p2a: Snorlax
|-unboost|p2a: Snorlax|spe|1
|-boost|p2a: Snorlax|atk|1
|-boost|p2a: Snorlax|def|1
|
|upkeep
|turn|2
|choice|*|*move 4
|choice|*move 2|*
|choice|move voltswitch|move curse
|
|move|p1a: Galvantula|Volt Switch|p2a: Snorlax
|-damage|p2a: Snorlax|404\/461
|choice|*switch 3|*
|choice|switch 3|
|
|switch|p1a: Gliscor|Gliscor, M, shiny|354\/354|[from]move: Volt Switch
|move|p2a: Snorlax|Curse|p2a: Snorlax
|-unboost|p2a: Snorlax|spe|1
|-boost|p2a: Snorlax|atk|1
|-boost|p2a: Snorlax|def|1
|
|-heal|p2a: Snorlax|432\/461|[from] item: Leftovers
|-status|p1a: Gliscor|tox|[from] item: Toxic Orb
|upkeep
|turn|3
|choice|*|*move 2
|choice|*move 4|*
|choice|move stealthrock|move icepunch
|
|move|p1a: Gliscor|Stealth Rock|p2a: Snorlax
|-sidestart|p2: Seiko leich|move: Stealth Rock
|move|p2a: Snorlax|Ice Punch|p1a: Gliscor
|-supereffective|p1a: Gliscor
|-damage|p1a: Gliscor|0 fnt
|faint|p1a: Gliscor
|
|-heal|p2a: Snorlax|460\/461|[from] item: Leftovers
|upkeep
|choice|*switch 5|*
|choice|switch 5|
|
|switch|p1a: Volcarona|Volcarona, M|311\/311
|turn|4
|choice|*|*move 1
|choice|*move 4|*
|choice|move overheat|move earthquake
|
|move|p1a: Volcarona|Overheat|p2a: Snorlax
|-damage|p2a: Snorlax|363\/461
|-unboost|p1a: Volcarona|spa|2
|move|p2a: Snorlax|Earthquake|p1a: Volcarona
|-damage|p1a: Volcarona|26\/311
|
|-heal|p2a: Snorlax|391\/461|[from] item: Leftovers
|upkeep
|turn|5
|choice|*switch 4|*
|choice|*|*move 3
|choice|switch 4|move firepunch
|
|switch|p1a: Chansey|Chansey, F, shiny|704\/704
|move|p2a: Snorlax|Fire Punch|p1a: Chansey
|-damage|p1a: Chansey|163\/704
|
|-heal|p2a: Snorlax|419\/461|[from] item: Leftovers
|upkeep
|turn|6
|choice|*|*move 1
|choice|*move 1|*
|choice|move softboiled|move earthquake
|
|move|p1a: Chansey|Soft-Boiled|p1a: Chansey
|-heal|p1a: Chansey|515\/704
|move|p2a: Snorlax|Earthquake|p1a: Chansey
|-damage|p1a: Chansey|0 fnt
|faint|p1a: Chansey
|
|-heal|p2a: Snorlax|447\/461|[from] item: Leftovers
|upkeep
|choice|*switch 2|*
|choice|switch 2|
|
|switch|p1a: Greninja|Greninja, F, shiny|286\/286
|turn|7
|choice|*move 4|*
|choice|*|*move 1
|choice|move hydropump|move earthquake
|
|move|p1a: Greninja|Hydro Pump|p2a: Snorlax|[miss]
|-start|p1a: Greninja|typechange|Water|[from] Protean
|-miss|p1a: Greninja|p2a: Snorlax
|move|p2a: Snorlax|Earthquake|p1a: Greninja
|-damage|p1a: Greninja|0 fnt
|faint|p1a: Greninja
|
|-heal|p2a: Snorlax|461\/461|[from] item: Leftovers
|upkeep
|choice|*switch 3|*
|choice|switch 3|
|
|switch|p1a: Galvantula|Galvantula, M, shiny|281\/281
|turn|8
|choice|*|*move 3
|choice|*move 3|*
|choice|move thunder|move firepunch
|
|move|p1a: Galvantula|Thunder|p2a: Snorlax
|-damage|p2a: Snorlax|379\/461
|move|p2a: Snorlax|Fire Punch|p1a: Galvantula
|-supereffective|p1a: Galvantula
|-enditem|p1a: Galvantula|Focus Sash
|-damage|p1a: Galvantula|1\/281
|
|-heal|p2a: Snorlax|407\/461|[from] item: Leftovers
|upkeep
|turn|9
|choice|*move 3|*
|choice|*|*move 3
|choice|move thunder|move firepunch
|
|move|p1a: Galvantula|Thunder|p2a: Snorlax
|-damage|p2a: Snorlax|325\/461
|move|p2a: Snorlax|Fire Punch|p1a: Galvantula
|-supereffective|p1a: Galvantula
|-damage|p1a: Galvantula|0 fnt
|faint|p1a: Galvantula
|
|-heal|p2a: Snorlax|353\/461|[from] item: Leftovers
|upkeep
|choice|*switch 4|*
|choice|switch 4|
|
|switch|p1a: Volcarona|Volcarona, M|26\/311
|turn|10
|choice|*move 4|*
|choice|*|*move 3
|choice|move overheat|move firepunch
|
|move|p1a: Volcarona|Overheat|p2a: Snorlax
|-damage|p2a: Snorlax|253\/461
|-unboost|p1a: Volcarona|spa|2
|move|p2a: Snorlax|Fire Punch|p1a: Volcarona
|-damage|p1a: Volcarona|0 fnt
|faint|p1a: Volcarona
|
|-heal|p2a: Snorlax|281\/461|[from] item: Leftovers
|upkeep
|choice|*switch 6|*
|choice|switch 6|
|
|switch|p1a: Beedrill|Beedrill, M|271\/271
|turn|11
|choice|*|*move 3
|choice|*move 3 mega|*
|choice|move poisonjab mega|move firepunch
|
|-mega|p1a: Beedrill|Beedrill|Beedrillite
|detailschange|p1a: Beedrill|Beedrill-Mega, M
|move|p1a: Beedrill|Poison Jab|p2a: Snorlax
|-damage|p2a: Snorlax|125\/461
|move|p2a: Snorlax|Fire Punch|p1a: Beedrill
|-supereffective|p1a: Beedrill
|-damage|p1a: Beedrill|0 fnt
|faint|p1a: Beedrill
|
|win|Seiko leich
Seiko leich ha ganado 5.5 PokeDolares.
|raw|Puntaje de Snivy_16: 1132 &rarr; <strong>1121<\/strong><br \/>(-11 por perder)
|raw|Puntaje de Seiko leich: 1285 &rarr; <strong>1300<\/strong><br \/>(+15 por ganar)
</script>
</div>
<div class="battle-log battle-log-inline"><div class="inner"><div class="battle-options"></div><div class="inner"><div class=""><small>Format:</small> <br><strong>OU</strong></div><div class="rated"><strong>Rated battle</strong></div><div class=""><small><em>Cláusula-Mod de Dormir:</em> solo puedes dormir a uno de tus oponentes a la vez.</small></div><div class=""><small><em>Cláusula de Especie:</em> Hasta un Pokémon de cada especie</small></div><div class=""><small><em>Cláusula de Golpe Fulminante:</em> los movimientos fulminantes (OHKO) estan prohibidos</small></div><div class=""><small><em>Cláusula de Veleta:</em> la habilidad Veleta está prohibida</small></div><div class=""><small><em>Cláusula de Movimientos Evasivos:</em> los movimientos de Evasión están prohibidos.</small></div><div class=""><small><em>Cláusula de Batallas Eternas:</em> forzar batallas eternas está prohibido</small></div><div class="chat battle-history"><strong>Snivy_16's team:</strong> <em style="color:#445566;display:block;">Galvantula / Greninja / Gliscor / Chansey / Volcarona / Beedrill</em></div><div class="chat battle-history"><strong>Seiko leich's team:</strong> <em style="color:#445566;display:block;">Serperior / Snorlax / Skarmory / Hawlucha / Greninja / Meowstic</em></div><div class="chat message-error">Reloj de batalla ENCENDIDO. El jugador inactivo será descalificado (solicitado por Snivy_16).</div><div class="chat message-error">Seiko leich se reconectó y tiene 150 segundos restantes.</div><div class="chat message-error">El cronómetro ha sido APAGADO.</div><div class="chat message-error">Reloj de batalla ENCENDIDO. El jugador inactivo será descalificado (solicitado por Snivy_16).</div><div class="chat message-error">El cronómetro ha sido APAGADO.</div><div class="chat message-error">Reloj de batalla ENCENDIDO. El jugador inactivo será descalificado (solicitado por Snivy_16).</div><div class="chat message-error">Seiko leich tiene 135 segundos restantes.</div><div class="chat message-error">Seiko leich se desconectó y tiene un minuto para reconectarse!</div><div class="chat message-error">Seiko leich se reconectó y tiene 130 segundos restantes.</div><div class="chat message-error">Seiko leich tiene 120 segundos restantes.</div><div class="chat message-error">Seiko leich tiene 105 segundos restantes.</div><div class="chat message-error">Seiko leich se desconectó y tiene un minuto para reconectarse!</div><div class="chat message-error">Seiko leich se reconectó y tiene 100 segundos restantes.</div><div class="chat message-error">Seiko leich tiene 90 segundos restantes.</div><div class="chat message-error">Seiko leich tiene 75 segundos restantes.</div><div class="chat message-error">Seiko leich se desconectó y tiene un minuto para reconectarse!</div><div class="chat message-error">Seiko leich se reconectó y tiene 65 segundos restantes.</div><div class="spacer battle-history"><br></div><div class="battle-history">Battle started between Snivy_16 and Seiko leich!<br></div><div class="spacer battle-history"><br></div><div class="battle-history">Go! <strong>Galvantula</strong>!<br></div><div class="spacer battle-history"><br></div><div class="battle-history">Seiko leich sent out <strong>Snorlax</strong>!<br></div><div class="spacer battle-history"><br></div><h2 class="battle-history">Turn 1</h2><div class="chat message-error">El cronómetro ha sido APAGADO.</div><div class="spacer battle-history"><br></div><div class="battle-history">Galvantula used <strong>Sticky Web</strong>!<br></div><div class="battle-history"><small>A sticky web spreads out on the ground around the opposing team!</small><br></div><div class="spacer battle-history"><br></div><div class="battle-history">The opposing Snorlax used <strong>Curse</strong>!<br></div><div class="battle-history"><small>The opposing Snorlax's Speed fell!</small><br></div><div class="battle-history"><small>The opposing Snorlax's Attack rose!</small><br></div><div class="battle-history"><small>The opposing Snorlax's Defense rose!</small><br></div><div class="spacer battle-history"><br></div><h2 class="battle-history">Turn 2</h2><div class="spacer battle-history"><br></div><div class="battle-history">Galvantula used <strong>Volt Switch</strong>!<br></div><div class="battle-history"><small>(The opposing Snorlax lost <abbr title="−57/461">12.4%</abbr> of its health!)</small><br></div><div class="spacer battle-history"><br></div><div class="battle-history">Galvantula went back to Snivy_16!<br></div><div class="battle-history">Go! <strong>Gliscor</strong>!<br></div><div class="spacer battle-history"><br></div><div class="battle-history">The opposing Snorlax used <strong>Curse</strong>!<br></div><div class="battle-history"><small>The opposing Snorlax's Speed fell!</small><br></div><div class="battle-history"><small>The opposing Snorlax's Attack rose!</small><br></div><div class="battle-history"><small>The opposing Snorlax's Defense rose!</small><br></div><div class="spacer battle-history"><br></div><div class="battle-history"><small>The opposing Snorlax restored a little HP using its Leftovers!</small><br></div><div class="battle-history"><small>Gliscor was badly poisoned!</small><br></div><div class="spacer battle-history"><br></div><h2 class="battle-history">Turn 3</h2><div class="spacer battle-history"><br></div><div class="battle-history">Gliscor used <strong>Stealth Rock</strong>!<br></div><div class="battle-history"><small>Pointed stones float in the air around the opposing team!</small><br></div><div class="spacer battle-history"><br></div><div class="battle-history">The opposing Snorlax used <strong>Ice Punch</strong>!<br></div><div class="battle-history"><small>It's super effective!</small><br></div><div class="battle-history"><small>(Gliscor lost <abbr title="−354/354">100%</abbr> of its health!)</small><br></div><div class="spacer battle-history"><br></div><div class="battle-history">Gliscor fainted!<br></div><div class="spacer battle-history"><br></div><div class="battle-history"><small>The opposing Snorlax restored a little HP using its Leftovers!</small><br></div><div class="spacer battle-history"><br></div><div class="battle-history">Go! <strong>Volcarona</strong>!<br></div><div class="spacer battle-history"><br></div><h2 class="battle-history">Turn 4</h2><div class="spacer battle-history"><br></div><div class="battle-history">Volcarona used <strong>Overheat</strong>!<br></div><div class="battle-history"><small>(The opposing Snorlax lost <abbr title="−97/461">21.0%</abbr> of its health!)</small><br></div><div class="battle-history"><small>Volcarona's Special Attack fell harshly!</small><br></div><div class="spacer battle-history"><br></div><div class="battle-history">The opposing Snorlax used <strong>Earthquake</strong>!<br></div><div class="battle-history"><small>(Volcarona lost <abbr title="−285/311">91.6%</abbr> of its health!)</small><br></div><div class="spacer battle-history"><br></div><div class="battle-history"><small>The opposing Snorlax restored a little HP using its Leftovers!</small><br></div><div class="spacer battle-history"><br></div><h2 class="battle-history">Turn 5</h2><div class="spacer battle-history"><br></div><div class="battle-history">Volcarona, come back!<br></div><div class="battle-history">Go! <strong>Chansey</strong>!<br></div><div class="spacer battle-history"><br></div><div class="battle-history">The opposing Snorlax used <strong>Fire Punch</strong>!<br></div><div class="battle-history"><small>(Chansey lost <abbr title="−541/704">76.8%</abbr> of its health!)</small><br></div><div class="spacer battle-history"><br></div><div class="battle-history"><small>The opposing Snorlax restored a little HP using its Leftovers!</small><br></div><div class="spacer battle-history"><br></div><h2 class="battle-history">Turn 6</h2><div class="spacer battle-history"><br></div><div class="battle-history">Chansey used <strong>Soft-Boiled</strong>!<br></div><div class="battle-history"><small>Chansey restored its HP.</small><br></div><div class="spacer battle-history"><br></div><div class="battle-history">The opposing Snorlax used <strong>Earthquake</strong>!<br></div><div class="battle-history"><small>(Chansey lost <abbr title="−515/704">73.2%</abbr> of its health!)</small><br></div><div class="spacer battle-history"><br></div><div class="battle-history">Chansey fainted!<br></div><div class="spacer battle-history"><br></div><div class="battle-history"><small>The opposing Snorlax restored a little HP using its Leftovers!</small><br></div><div class="spacer battle-history"><br></div><div class="battle-history">Go! <strong>Greninja</strong>!<br></div><div class="spacer battle-history"><br></div><h2 class="battle-history">Turn 7</h2><div class="spacer battle-history"><br></div><div class="battle-history">Greninja used <strong>Hydro Pump</strong>!<br></div><div class="spacer battle-history"><br></div><div class="battle-history"><small>[Greninja's Protean]</small><br><small>Greninja transformed into the Water type!</small><br></div><div class="battle-history"><small>The opposing Snorlax avoided the attack!</small><br></div><div class="spacer battle-history"><br></div><div class="battle-history">The opposing Snorlax used <strong>Earthquake</strong>!<br></div><div class="battle-history"><small>(Greninja lost <abbr title="−286/286">100%</abbr> of its health!)</small><br></div><div class="spacer battle-history"><br></div><div class="battle-history">Greninja fainted!<br></div><div class="spacer battle-history"><br></div><div class="battle-history"><small>The opposing Snorlax restored a little HP using its Leftovers!</small><br></div><div class="spacer battle-history"><br></div><div class="battle-history">Go! <strong>Galvantula</strong>!<br></div><div class="spacer battle-history"><br></div><h2 class="battle-history">Turn 8</h2><div class="spacer battle-history"><br></div><div class="battle-history">Galvantula used <strong>Thunder</strong>!<br></div><div class="battle-history"><small>(The opposing Snorlax lost <abbr title="−82/461">17.8%</abbr> of its health!)</small><br></div><div class="spacer battle-history"><br></div><div class="battle-history">The opposing Snorlax used <strong>Fire Punch</strong>!<br></div><div class="battle-history"><small>It's super effective!</small><br></div><div class="battle-history"><small>Galvantula hung on using its Focus Sash!</small><br></div><div class="battle-history"><small>(Galvantula lost <abbr title="−280/281">99.6%</abbr> of its health!)</small><br></div><div class="spacer battle-history"><br></div><div class="battle-history"><small>The opposing Snorlax restored a little HP using its Leftovers!</small><br></div><div class="spacer battle-history"><br></div><h2 class="battle-history">Turn 9</h2><div class="spacer battle-history"><br></div><div class="battle-history">Galvantula used <strong>Thunder</strong>!<br></div><div class="battle-history"><small>(The opposing Snorlax lost <abbr title="−82/461">17.8%</abbr> of its health!)</small><br></div><div class="spacer battle-history"><br></div><div class="battle-history">The opposing Snorlax used <strong>Fire Punch</strong>!<br></div><div class="battle-history"><small>It's super effective!</small><br></div><div class="battle-history"><small>(Galvantula lost <abbr title="−1/281">0.4%</abbr> of its health!)</small><br></div><div class="spacer battle-history"><br></div><div class="battle-history">Galvantula fainted!<br></div><div class="spacer battle-history"><br></div><div class="battle-history"><small>The opposing Snorlax restored a little HP using its Leftovers!</small><br></div><div class="spacer battle-history"><br></div><div class="battle-history">Go! <strong>Volcarona</strong>!<br></div><div class="spacer battle-history"><br></div><h2 class="battle-history">Turn 10</h2><div class="spacer battle-history"><br></div><div class="battle-history">Volcarona used <strong>Overheat</strong>!<br></div><div class="battle-history"><small>(The opposing Snorlax lost <abbr title="−100/461">21.7%</abbr> of its health!)</small><br></div><div class="battle-history"><small>Volcarona's Special Attack fell harshly!</small><br></div><div class="spacer battle-history"><br></div><div class="battle-history">The opposing Snorlax used <strong>Fire Punch</strong>!<br></div><div class="battle-history"><small>(Volcarona lost <abbr title="−26/311">8.4%</abbr> of its health!)</small><br></div><div class="spacer battle-history"><br></div><div class="battle-history">Volcarona fainted!<br></div><div class="spacer battle-history"><br></div><div class="battle-history"><small>The opposing Snorlax restored a little HP using its Leftovers!</small><br></div><div class="spacer battle-history"><br></div><div class="battle-history">Go! <strong>Beedrill</strong>!<br></div><div class="spacer battle-history"><br></div><h2 class="battle-history">Turn 11</h2><div class="spacer battle-history"><br></div><div class="battle-history"><small>Beedrill's Beedrillite is reacting to the Key Stone!</small><br>Beedrill has Mega Evolved into Mega Beedrill!<br></div><div class="spacer battle-history"><br></div><div class="battle-history">Beedrill used <strong>Poison Jab</strong>!<br></div><div class="battle-history"><small>(The opposing Snorlax lost <abbr title="−156/461">33.8%</abbr> of its health!)</small><br></div><div class="spacer battle-history"><br></div><div class="battle-history">The opposing Snorlax used <strong>Fire Punch</strong>!<br></div><div class="battle-history"><small>It's super effective!</small><br></div><div class="battle-history"><small>(Beedrill lost <abbr title="−271/271">100%</abbr> of its health!)</small><br></div><div class="spacer battle-history"><br></div><div class="battle-history">Beedrill fainted!<br></div><div class="spacer battle-history"><br></div><div class="battle-history"><strong>Seiko leich</strong> won the battle!<br></div><div class="chat">Seiko leich ha ganado 5.5 PokeDolares.</div><div class="chat">Puntaje de Snivy_16: 1132 → <strong>1121</strong><br>(-11 por perder)</div><div class="chat">Puntaje de Seiko leich: 1285 → <strong>1300</strong><br>(+15 por ganar)</div></div><div class="inner-preempt"></div></div></div>
</div>
<script>
let daily = Math.floor(Date.now()/1000/60/60/24);document.write('<script src="https://play.pokemonshowdown.com/js/replay-embed.js?version'+daily+'"></'+'script>');
</script>
