<!DOCTYPE html>
<meta charset="utf-8" />
<!-- version 1 -->
<title>OU replay: GrinchsBankAccount vs. juki456yu7</title>
<style>
html,body {font-family:Verdana, sans-serif;font-size:10pt;margin:0;padding:0;}body{padding:12px 0;} .battle-log {font-family:Verdana, sans-serif;font-size:10pt;} .battle-log-inline {border:1px solid #AAAAAA;background:#EEF2F5;color:black;max-width:640px;margin:0 auto 80px;padding-bottom:5px;} .battle-log .inner {padding:4px 8px 0px 8px;} .battle-log .inner-preempt {padding:0 8px 4px 8px;} .battle-log .inner-after {margin-top:0.5em;} .battle-log h2 {margin:0.5em -8px;padding:4px 8px;border:1px solid #AAAAAA;background:#E0E7EA;border-left:0;border-right:0;font-family:Verdana, sans-serif;font-size:13pt;} .battle-log .chat {vertical-align:middle;padding:3px 0 3px 0;font-size:8pt;} .battle-log .chat strong {color:#40576A;} .battle-log .chat em {padding:1px 4px 1px 3px;color:#000000;font-style:normal;} .chat.mine {background:rgba(0,0,0,0.05);margin-left:-8px;margin-right:-8px;padding-left:8px;padding-right:8px;} .spoiler {color:#BBBBBB;background:#BBBBBB;padding:0px 3px;} .spoiler:hover, .spoiler:active, .spoiler-shown {color:#000000;background:#E2E2E2;padding:0px 3px;} .spoiler a {color:#BBBBBB;} .spoiler:hover a, .spoiler:active a, .spoiler-shown a {color:#2288CC;} .chat code, .chat .spoiler:hover code, .chat .spoiler:active code, .chat .spoiler-shown code {border:1px solid #C0C0C0;background:#EEEEEE;color:black;padding:0 2px;} .chat .spoiler code {border:1px solid #CCCCCC;background:#CCCCCC;color:#CCCCCC;} .battle-log .rated {padding:3px 4px;} .battle-log .rated strong {color:white;background:#89A;padding:1px 4px;border-radius:4px;} .spacer {margin-top:0.5em;} .message-announce {background:#6688AA;color:white;padding:1px 4px 2px;} .message-announce a, .broadcast-green a, .broadcast-blue a, .broadcast-red a {color:#DDEEFF;} .broadcast-green {background-color:#559955;color:white;padding:2px 4px;} .broadcast-blue {background-color:#6688AA;color:white;padding:2px 4px;} .infobox {border:1px solid #6688AA;padding:2px 4px;} .infobox-limited {max-height:200px;overflow:auto;overflow-x:hidden;} .broadcast-red {background-color:#AA5544;color:white;padding:2px 4px;} .message-learn-canlearn {font-weight:bold;color:#228822;text-decoration:underline;} .message-learn-cannotlearn {font-weight:bold;color:#CC2222;text-decoration:underline;} .message-effect-weak {font-weight:bold;color:#CC2222;} .message-effect-resist {font-weight:bold;color:#6688AA;} .message-effect-immune {font-weight:bold;color:#666666;} .message-learn-list {margin-top:0;margin-bottom:0;} .message-throttle-notice, .message-error {color:#992222;} .message-overflow, .chat small.message-overflow {font-size:0pt;} .message-overflow::before {font-size:9pt;content:'...';} .subtle {color:#3A4A66;}
</style>
<div class="wrapper replay-wrapper" style="max-width:1180px;margin:0 auto">
<input type="hidden" name="replayid" value="destiny-ou-448413" />
<div class="battle"></div><div class="battle-log"></div><div class="replay-controls"></div><div class="replay-controls-2"></div>
<h1 style="font-weight:normal;text-align:center"><strong>OU</strong><br /><a href="http://pokemonshowdown.com/users/grinchsbankaccount" class="subtle" target="_blank">GrinchsBankAccount</a> vs. <a href="http://pokemonshowdown.com/users/juki456yu7" class="subtle" target="_blank">juki456yu7</a></h1>
<script type="text/plain" class="battle-log-data">|player|p1|GrinchsBankAccount|256
|teamsize|p1|6
|player|p2|juki456yu7|2061
|teamsize|p2|6
|teamsize|p1|6
|teamsize|p2|6
|gametype|singles
|gen|7
|tier|OU
|rated
|seed|37254,42029,24442,60912
|rule|Cláusula-Mod de Dormir: solo puedes dormir a uno de tus oponentes a la vez.
|rule|Cláusula de Especie: Hasta un Pokémon de cada especie
|rule|Cláusula de Golpe Fulminante: los movimientos fulminantes (OHKO) estan prohibidos
|rule|Cláusula de Veleta: la habilidad Veleta está prohibida
|rule|Cláusula de Movimientos Evasivos: los movimientos de Evasión están prohibidos.
|rule|Cláusula de Batallas Eternas: forzar batallas eternas está prohibido
|clearpoke
|poke|p1|Bisharp, M|item
|poke|p1|Tapu Lele|item
|poke|p1|Swampert, M|item
|poke|p1|Thundurus-Therian, M|item
|poke|p1|Empoleon, M|item
|poke|p1|Zygarde|item
|poke|p2|Scizor, F, shiny|item
|poke|p2|Heatran, F, shiny|item
|poke|p2|Ferrothorn, M, shiny|item
|poke|p2|Aggron, F, shiny|item
|poke|p2|Mawile, M, shiny|item
|poke|p2|Celesteela, shiny|item
|teampreview|undefined
|choice|*|*team 213456
|choice|*team 423156|*
|choice|team 4, 2, 3, 1, 5, 6|team 2, 1, 3, 4, 5, 6
|
|start
|switch|p1a: Thundurus|Thundurus-Therian, M|313\/313
|switch|p2a: Heatran|Heatran, F, shiny|386\/386
|turn|1
|inactive|Reloj de batalla ENCENDIDO. El jugador inactivo será descalificado (solicitado por juki456yu7).
|choice|*move 4|*
|choice|*|*move 4
|choice|move nastyplot|move stealthrock
|
|move|p1a: Thundurus|Nasty Plot|p1a: Thundurus
|-boost|p1a: Thundurus|spa|2
|move|p2a: Heatran|Stealth Rock|p1a: Thundurus
|-sidestart|p1: GrinchsBankAccount|move: Stealth Rock
|
|upkeep
|turn|2
|choice|*|*move 2
|choice|*move 3|*
|choice|move focusblast|move toxic
|
|move|p1a: Thundurus|Focus Blast|p2a: Heatran
|-supereffective|p2a: Heatran
|-damage|p2a: Heatran|24\/386
|move|p2a: Heatran|Toxic|p1a: Thundurus|[miss]
|-miss|p2a: Heatran|p1a: Thundurus
|
|-heal|p2a: Heatran|48\/386|[from] item: Leftovers
|upkeep
|turn|3
|choice|*|*move 1
|inactive|GrinchsBankAccount tiene 135 segundos restantes.
|choice|*move 1|*
|choice|move thunderbolt|move lavaplume
|
|move|p1a: Thundurus|Thunderbolt|p2a: Heatran
|-damage|p2a: Heatran|0 fnt
|faint|p2a: Heatran
|
|upkeep
|inactive|juki456yu7 tiene 135 segundos restantes.
|choice|*|*switch 5
|choice||switch 5
|
|switch|p2a: Mawile|Mawile, M, shiny|303\/303
|-ability|p2a: Mawile|Intimidate|boost
|-unboost|p1a: Thundurus|atk|1
|turn|4
|choice|*move 1|*
|choice|*|*move 3 mega
|choice|move thunderbolt|move suckerpunch mega
|
|-mega|p2a: Mawile|Mawile|Mawilite
|detailschange|p2a: Mawile|Mawile-Mega, M, shiny
|move|p2a: Mawile|Sucker Punch|p1a: Thundurus
|-damage|p1a: Thundurus|148\/313
|move|p1a: Thundurus|Thunderbolt|p2a: Mawile
|-damage|p2a: Mawile|54\/303
|-status|p2a: Mawile|par
|
|upkeep
|turn|5
|choice|*|*move 3
|choice|*move 1|*
|choice|move thunderbolt|move suckerpunch
|
|move|p2a: Mawile|Sucker Punch|p1a: Thundurus
|-damage|p1a: Thundurus|0 fnt
|faint|p1a: Thundurus
|
|upkeep
|c|☆GrinchsBankAccount|lol
|choice|*switch 2|*
|choice|switch 2|
|
|switch|p1a: Tapu Lele|Tapu Lele|343\/343
|-damage|p1a: Tapu Lele|301\/343|[from] Stealth Rock
|-fieldstart|move: Psychic Terrain|[from] ability: Psychic Surge|[of] p1a: Tapu Lele
|turn|6
|choice|*|*move 3
|choice|*move 2|*
|choice|move psyshock|move suckerpunch
|
|move|p2a: Mawile|Sucker Punch|p1a: Tapu Lele
|-activate|p1a: Tapu Lele|move: Psychic Terrain
|move|p1a: Tapu Lele|Psyshock|p2a: Mawile
|-resisted|p2a: Mawile
|-damage|p2a: Mawile|0 fnt
|faint|p2a: Mawile
|
|upkeep
|choice|*|*switch 4
|choice||switch 4
|
|switch|p2a: Aggron|Aggron, F, shiny|344\/344
|turn|7
|choice|*|*move 2
|choice|*switch 3|*
|choice|switch 3|move ironhead
|
|switch|p1a: Swampert|Swampert, M|404\/404
|-damage|p1a: Swampert|379\/404|[from] Stealth Rock
|move|p2a: Aggron|Iron Head|p1a: Swampert
|-resisted|p1a: Swampert
|-damage|p1a: Swampert|337\/404
|
|-heal|p1a: Swampert|362\/404|[from] item: Leftovers
|upkeep
|turn|8
|choice|*|*switch 3
|choice|*move 3|*
|choice|move stealthrock|switch 3
|
|switch|p2a: Ferrothorn|Ferrothorn, M, shiny|352\/352
|move|p1a: Swampert|Stealth Rock|p2a: Ferrothorn
|-sidestart|p2: juki456yu7|move: Stealth Rock
|
|-heal|p1a: Swampert|387\/404|[from] item: Leftovers
|upkeep
|turn|9
|choice|*|*move 3
|choice|*switch 4|*
|choice|switch 4|move gyroball
|
|switch|p1a: Bisharp|Bisharp, M|272\/272
|-damage|p1a: Bisharp|255\/272|[from] Stealth Rock
|move|p2a: Ferrothorn|Gyro Ball|p1a: Bisharp
|-resisted|p1a: Bisharp
|-damage|p1a: Bisharp|172\/272
|
|upkeep
|turn|10
|choice|*move 1|*
|choice|*|*move 1
|choice|move knockoff|move toxic
|
|move|p1a: Bisharp|Knock Off|p2a: Ferrothorn
|-damage|p2a: Ferrothorn|226\/352
|-damage|p1a: Bisharp|138\/272|[from] ability: Iron Barbs|[of] p2a: Ferrothorn
|-damage|p1a: Bisharp|93\/272|[from] item: Rocky Helmet|[of] p2a: Ferrothorn
|-enditem|p2a: Ferrothorn|Rocky Helmet|[from] move: Knock Off|[of] p1a: Bisharp
|move|p2a: Ferrothorn|Toxic|p1a: Bisharp
|-immune|p1a: Bisharp|[msg]
|
|-fieldend|move: Psychic Terrain
|upkeep
|turn|11
|choice|*|*move 2
|choice|*switch 5|*
|choice|switch 5|move powerwhip
|
|switch|p1a: Empoleon|Empoleon, M|372\/372
|-damage|p1a: Empoleon|349\/372|[from] Stealth Rock
|move|p2a: Ferrothorn|Power Whip|p1a: Empoleon
|-damage|p1a: Empoleon|222\/372
|
|upkeep
|turn|12
|choice|*|*move 2
|choice|*move 1|*
|choice|move scald|move powerwhip
|
|move|p1a: Empoleon|Scald|p2a: Ferrothorn
|-resisted|p2a: Ferrothorn
|-damage|p2a: Ferrothorn|190\/352
|move|p2a: Ferrothorn|Power Whip|p1a: Empoleon|[miss]
|-miss|p2a: Ferrothorn|p1a: Empoleon
|
|upkeep
|turn|13
|choice|*move 1|*
|choice|*|*switch 2
|choice|move scald|switch 2
|
|switch|p2a: Scizor|Scizor, F, shiny|282\/282
|-damage|p2a: Scizor|247\/282|[from] Stealth Rock
|move|p1a: Empoleon|Scald|p2a: Scizor
|-damage|p2a: Scizor|127\/282
|
|upkeep
|turn|14
|choice|*|*move 4
|choice|*move 1|*
|choice|move scald|move roost
|
|move|p2a: Scizor|Roost|p2a: Scizor
|-heal|p2a: Scizor|268\/282
|move|p1a: Empoleon|Scald|p2a: Scizor
|-damage|p2a: Scizor|144\/282
|
|upkeep
|turn|15
|choice|*|*move 3
|choice|*move 1|*
|choice|move scald|move swordsdance
|
|move|p2a: Scizor|Swords Dance|p2a: Scizor
|-boost|p2a: Scizor|atk|2
|move|p1a: Empoleon|Scald|p2a: Scizor
|-damage|p2a: Scizor|29\/282
|
|upkeep
|turn|16
|choice|*|*move 4
|choice|*move 1|*
|choice|move scald|move roost
|
|move|p2a: Scizor|Roost|p2a: Scizor
|-heal|p2a: Scizor|170\/282
|move|p1a: Empoleon|Scald|p2a: Scizor
|-damage|p2a: Scizor|53\/282
|
|upkeep
|turn|17
|choice|*move 1|*
|choice|*|*move 2
|choice|move scald|move bugbite
|
|move|p2a: Scizor|Bug Bite|p1a: Empoleon
|-resisted|p1a: Empoleon
|-damage|p1a: Empoleon|15\/372
|-enditem|p1a: Empoleon|Shuca Berry|[from] stealeat|[move] Bug Bite|[of] p2a: Scizor
|move|p1a: Empoleon|Scald|p2a: Scizor
|-damage|p2a: Scizor|0 fnt
|faint|p2a: Scizor
|
|upkeep
|choice|*|*switch 2
|choice||switch 2
|
|switch|p2a: Ferrothorn|Ferrothorn, M, shiny|190\/352
|-damage|p2a: Ferrothorn|168\/352|[from] Stealth Rock
|turn|18
|choice|*|*move 3
|inactive|GrinchsBankAccount tiene 135 segundos restantes.
|choice|*move 1|*
|choice|move scald|move gyroball
|
|move|p1a: Empoleon|Scald|p2a: Ferrothorn
|-resisted|p2a: Ferrothorn
|-damage|p2a: Ferrothorn|118\/352
|-status|p2a: Ferrothorn|brn
|move|p2a: Ferrothorn|Gyro Ball|p1a: Empoleon
|-resisted|p1a: Empoleon
|-damage|p1a: Empoleon|7\/372
|
|-damage|p2a: Ferrothorn|96\/352 brn|[from] brn
|upkeep
|turn|19
|choice|*|*move 3
|choice|*move 3|*
|choice|move defog|move gyroball
|
|move|p1a: Empoleon|Defog|p2a: Ferrothorn
|-unboost|p2a: Ferrothorn|evasion|1
|-sideend|p2: juki456yu7|Stealth Rock|[from] move: Defog|[of] p2a: Ferrothorn
|-sideend|p1: GrinchsBankAccount|Stealth Rock|[from] move: Defog|[of] p1a: Empoleon
|move|p2a: Ferrothorn|Gyro Ball|p1a: Empoleon
|-resisted|p1a: Empoleon
|-damage|p1a: Empoleon|0 fnt
|faint|p1a: Empoleon
|
|-damage|p2a: Ferrothorn|74\/352 brn|[from] brn
|upkeep
|inactive|GrinchsBankAccount tiene 135 segundos restantes.
|choice|*switch 6|*
|choice|switch 6|
|
|switch|p1a: Zygarde|Zygarde|420\/420
|-ability|p1a: Zygarde|Aura Break
|turn|20
|choice|*|*move 2
|choice|*move 1|*
|choice|move earthquake|move powerwhip
|
|move|p1a: Zygarde|Earthquake|p2a: Ferrothorn
|-damage|p2a: Ferrothorn|0 fnt
|faint|p2a: Ferrothorn
|
|upkeep
|choice|*|*switch 3
|choice||switch 3
|
|switch|p2a: Aggron|Aggron, F, shiny|344\/344
|turn|21
|choice|*|*move 4
|choice|*move 1|*
|choice|move earthquake|move icepunch
|
|move|p1a: Zygarde|Earthquake|p2a: Aggron
|-supereffective|p2a: Aggron
|-damage|p2a: Aggron|44\/344
|move|p2a: Aggron|Ice Punch|p1a: Zygarde
|-supereffective|p1a: Zygarde
|-damage|p1a: Zygarde|188\/420
|
|upkeep
|turn|22
|choice|*|*move 4
|choice|*move 1|*
|choice|move earthquake|move icepunch
|
|move|p1a: Zygarde|Earthquake|p2a: Aggron
|-supereffective|p2a: Aggron
|-damage|p2a: Aggron|0 fnt
|faint|p2a: Aggron
|
|upkeep
|choice|*|*switch 6
|choice||switch 6
|
|switch|p2a: Celesteela|Celesteela, shiny|398\/398
|turn|23
|choice|*|*move 2
|choice|*move 2|*
|choice|move rest|move substitute
|
|move|p1a: Zygarde|Rest|p1a: Zygarde
|-status|p1a: Zygarde|slp
|-heal|p1a: Zygarde|420\/420 slp|[silent]
|-status|p1a: Zygarde|slp|[from] move: Rest
|-enditem|p1a: Zygarde|Chesto Berry|[eat]
|-curestatus|p1a: Zygarde|slp|[msg]
|move|p2a: Celesteela|Substitute|p2a: Celesteela
|-start|p2a: Celesteela|Substitute
|-damage|p2a: Celesteela|299\/398
|
|-heal|p2a: Celesteela|323\/398|[from] item: Leftovers
|upkeep
|turn|24
|choice|*|*move 3
|choice|*switch 4|*
|choice|switch 4|move leechseed
|
|switch|p1a: Swampert|Swampert, M|387\/404
|move|p2a: Celesteela|Leech Seed|p1a: Swampert
|-start|p1a: Swampert|move: Leech Seed
|
|-heal|p2a: Celesteela|347\/398|[from] item: Leftovers
|-heal|p1a: Swampert|404\/404|[from] item: Leftovers
|-damage|p1a: Swampert|354\/404|[from] Leech Seed|[of] p2a: Celesteela
|-heal|p2a: Celesteela|397\/398|[silent]
|upkeep
|turn|25
|c|☆GrinchsBankAccount|lol
|choice|*|*move 4
|choice|*move 2|*
|choice|move scald|move protect
|
|move|p2a: Celesteela|Protect|p2a: Celesteela
|-singleturn|p2a: Celesteela|Protect
|move|p1a: Swampert|Scald|p2a: Celesteela
|-activate|p2a: Celesteela|move: Protect
|
|-heal|p2a: Celesteela|398\/398|[from] item: Leftovers
|-heal|p1a: Swampert|379\/404|[from] item: Leftovers
|-damage|p1a: Swampert|329\/404|[from] Leech Seed|[of] p2a: Celesteela
|upkeep
|turn|26
|choice|*|*move 1
|inactiveoff|El cronómetro ha sido APAGADO.
|choice|*switch 5|*
|choice|switch 5|move heavyslam
|
|switch|p1a: Bisharp|Bisharp, M|93\/272
|move|p2a: Celesteela|Heavy Slam|p1a: Bisharp
|-resisted|p1a: Bisharp
|-damage|p1a: Bisharp|23\/272
|
|upkeep
|turn|27
|choice|*|*move 1
|choice|*move 1|*
|choice|move knockoff|move heavyslam
|
|move|p1a: Bisharp|Knock Off|p2a: Celesteela
|-end|p2a: Celesteela|Substitute
|move|p2a: Celesteela|Heavy Slam|p1a: Bisharp
|-resisted|p1a: Bisharp
|-damage|p1a: Bisharp|0 fnt
|faint|p1a: Bisharp
|-ability|p2a: Celesteela|Beast Boost|boost
|-boost|p2a: Celesteela|def|1
|
|upkeep
|choice|*switch 3|*
|choice|switch 3|
|
|switch|p1a: Tapu Lele|Tapu Lele|301\/343
|-fieldstart|move: Psychic Terrain|[from] ability: Psychic Surge|[of] p1a: Tapu Lele
|turn|28
|choice|*|*move 1
|choice|*move 4|*
|choice|move taunt|move heavyslam
|
|move|p1a: Tapu Lele|Taunt|p2a: Celesteela
|-start|p2a: Celesteela|move: Taunt
|move|p2a: Celesteela|Heavy Slam|p1a: Tapu Lele
|-supereffective|p1a: Tapu Lele
|-damage|p1a: Tapu Lele|0 fnt
|faint|p1a: Tapu Lele
|-ability|p2a: Celesteela|Beast Boost|boost
|-boost|p2a: Celesteela|def|1
|
|upkeep
|c|☆GrinchsBankAccount|lol what a terribly player
|choice|*switch 5|*
|choice|switch 5|
|
|switch|p1a: Swampert|Swampert, M|329\/404
|turn|29
|choice|*|*move 1
|choice|*move 2|*
|choice|move scald|move heavyslam
|
|move|p2a: Celesteela|Heavy Slam|p1a: Swampert
|-resisted|p1a: Swampert
|-damage|p1a: Swampert|276\/404
|move|p1a: Swampert|Scald|p2a: Celesteela
|-damage|p2a: Celesteela|317\/398
|
|-heal|p2a: Celesteela|341\/398|[from] item: Leftovers
|-heal|p1a: Swampert|301\/404|[from] item: Leftovers
|upkeep
|turn|30
|choice|*|*move 1
|choice|*move 2|*
|choice|move scald|move heavyslam
|
|move|p2a: Celesteela|Heavy Slam|p1a: Swampert
|-resisted|p1a: Swampert
|-damage|p1a: Swampert|248\/404
|move|p1a: Swampert|Scald|p2a: Celesteela
|-damage|p2a: Celesteela|257\/398
|
|-heal|p2a: Celesteela|281\/398|[from] item: Leftovers
|-heal|p1a: Swampert|273\/404|[from] item: Leftovers
|-end|p2a: Celesteela|move: Taunt
|upkeep
|turn|31
|choice|*|*move 2
|choice|*move 2|*
|choice|move scald|move substitute
|
|move|p2a: Celesteela|Substitute|p2a: Celesteela
|-start|p2a: Celesteela|Substitute
|-damage|p2a: Celesteela|182\/398
|move|p1a: Swampert|Scald|p2a: Celesteela
|-activate|p2a: Celesteela|move: Substitute|[damage]
|
|-heal|p2a: Celesteela|206\/398|[from] item: Leftovers
|-heal|p1a: Swampert|298\/404|[from] item: Leftovers
|upkeep
|turn|32
|c|☆GrinchsBankAccount|lol
|choice|*|*move 4
|choice|*move 2|*
|choice|move scald|move protect
|
|move|p2a: Celesteela|Protect|p2a: Celesteela
|-singleturn|p2a: Celesteela|Protect
|move|p1a: Swampert|Scald|p2a: Celesteela
|-activate|p2a: Celesteela|move: Protect
|
|-heal|p2a: Celesteela|230\/398|[from] item: Leftovers
|-heal|p1a: Swampert|323\/404|[from] item: Leftovers
|-fieldend|move: Psychic Terrain
|upkeep
|turn|33
|choice|*|*move 3
|choice|*move 2|*
|choice|move scald|move leechseed
|
|move|p2a: Celesteela|Leech Seed|p1a: Swampert
|-start|p1a: Swampert|move: Leech Seed
|move|p1a: Swampert|Scald|p2a: Celesteela
|-end|p2a: Celesteela|Substitute
|
|-heal|p2a: Celesteela|254\/398|[from] item: Leftovers
|-heal|p1a: Swampert|348\/404|[from] item: Leftovers
|-damage|p1a: Swampert|298\/404|[from] Leech Seed|[of] p2a: Celesteela
|-heal|p2a: Celesteela|304\/398|[silent]
|upkeep
|turn|34
|choice|*|*move 2
|choice|*switch 4|*
|choice|switch 4|move substitute
|
|switch|p1a: Zygarde|Zygarde|420\/420
|-ability|p1a: Zygarde|Aura Break
|move|p2a: Celesteela|Substitute|p2a: Celesteela
|-start|p2a: Celesteela|Substitute
|-damage|p2a: Celesteela|205\/398
|
|-heal|p2a: Celesteela|229\/398|[from] item: Leftovers
|upkeep
|turn|35
|choice|*|*move 4
|choice|*move 1|*
|choice|move earthquake|move protect
|
|move|p2a: Celesteela|Protect|p2a: Celesteela
|-singleturn|p2a: Celesteela|Protect
|move|p1a: Zygarde|Earthquake|p2a: Celesteela
|-activate|p2a: Celesteela|move: Protect
|
|-heal|p2a: Celesteela|253\/398|[from] item: Leftovers
|upkeep
|turn|36
|choice|*|*move 3
|choice|*switch 4|*
|choice|switch 4|move leechseed
|
|switch|p1a: Swampert|Swampert, M|298\/404
|move|p2a: Celesteela|Leech Seed|p1a: Swampert
|-start|p1a: Swampert|move: Leech Seed
|
|-heal|p2a: Celesteela|277\/398|[from] item: Leftovers
|-heal|p1a: Swampert|323\/404|[from] item: Leftovers
|-damage|p1a: Swampert|273\/404|[from] Leech Seed|[of] p2a: Celesteela
|-heal|p2a: Celesteela|327\/398|[silent]
|upkeep
|turn|37
|choice|*|*move 1
|choice|*switch 4|*
|choice|switch 4|move heavyslam
|
|switch|p1a: Zygarde|Zygarde|420\/420
|-ability|p1a: Zygarde|Aura Break
|move|p2a: Celesteela|Heavy Slam|p1a: Zygarde
|-damage|p1a: Zygarde|333\/420
|
|-heal|p2a: Celesteela|351\/398|[from] item: Leftovers
|upkeep
|turn|38
|choice|*|*move 1
|choice|*move 1|*
|choice|move earthquake|move heavyslam
|
|move|p1a: Zygarde|Earthquake|p2a: Celesteela
|-immune|p2a: Celesteela|[msg]
|move|p2a: Celesteela|Heavy Slam|p1a: Zygarde
|-damage|p1a: Zygarde|252\/420
|
|-heal|p2a: Celesteela|375\/398|[from] item: Leftovers
|upkeep
|turn|39
|choice|*|*move 1
|choice|*move 1|*
|choice|move earthquake|move heavyslam
|
|move|p1a: Zygarde|Earthquake|p2a: Celesteela
|-immune|p2a: Celesteela|[msg]
|move|p2a: Celesteela|Heavy Slam|p1a: Zygarde
|-damage|p1a: Zygarde|171\/420
|
|-heal|p2a: Celesteela|398\/398|[from] item: Leftovers
|upkeep
|turn|40
|choice|*|*move 1
|choice|*move 2|*
|choice|move rest|move heavyslam
|
|move|p1a: Zygarde|Rest|p1a: Zygarde
|-status|p1a: Zygarde|slp
|-heal|p1a: Zygarde|420\/420 slp|[silent]
|-status|p1a: Zygarde|slp|[from] move: Rest
|move|p2a: Celesteela|Heavy Slam|p1a: Zygarde
|-damage|p1a: Zygarde|335\/420 slp
|
|upkeep
|turn|41
|choice|*|*move 3
|choice|*move 2|*
|choice|move rest|move leechseed
|
|cant|p1a: Zygarde|slp
|move|p2a: Celesteela|Leech Seed|p1a: Zygarde
|-start|p1a: Zygarde|move: Leech Seed
|
|-damage|p1a: Zygarde|283\/420 slp|[from] Leech Seed|[of] p2a: Celesteela
|upkeep
|turn|42
|choice|*|*move 1
|choice|*switch 4|*
|choice|switch 4|move heavyslam
|
|switch|p1a: Swampert|Swampert, M|273\/404
|move|p2a: Celesteela|Heavy Slam|p1a: Swampert
|-resisted|p1a: Swampert
|-damage|p1a: Swampert|217\/404
|
|-heal|p1a: Swampert|242\/404|[from] item: Leftovers
|upkeep
|turn|43
|choice|*|*move 3
|choice|*move 2|*
|choice|move scald|move leechseed
|
|move|p2a: Celesteela|Leech Seed|p1a: Swampert
|-start|p1a: Swampert|move: Leech Seed
|move|p1a: Swampert|Scald|p2a: Celesteela
|-activate|p2a: Celesteela|move: Substitute|[damage]
|
|-heal|p1a: Swampert|267\/404|[from] item: Leftovers
|-damage|p1a: Swampert|217\/404|[from] Leech Seed|[of] p2a: Celesteela
|upkeep
|turn|44
|choice|*|*move 1
|c|☆GrinchsBankAccount|omg this mon is fucking busted
|choice|*switch 4|*
|choice|switch 4|move heavyslam
|
|switch|p1a: Zygarde|Zygarde|283\/420 slp
|-ability|p1a: Zygarde|Aura Break
|move|p2a: Celesteela|Heavy Slam|p1a: Zygarde
|-damage|p1a: Zygarde|202\/420 slp
|
|upkeep
|turn|45
|choice|*|*move 3
|choice|*move 2|*
|choice|move rest|move leechseed
|
|cant|p1a: Zygarde|slp
|move|p2a: Celesteela|Leech Seed|p1a: Zygarde
|-start|p1a: Zygarde|move: Leech Seed
|
|-damage|p1a: Zygarde|150\/420 slp|[from] Leech Seed|[of] p2a: Celesteela
|upkeep
|turn|46
|choice|*|*move 3
|choice|*move 2|*
|choice|move rest|move leechseed
|
|-curestatus|p1a: Zygarde|slp|[msg]
|move|p1a: Zygarde|Rest|p1a: Zygarde
|-status|p1a: Zygarde|slp
|-heal|p1a: Zygarde|420\/420 slp|[silent]
|-status|p1a: Zygarde|slp|[from] move: Rest
|move|p2a: Celesteela|Leech Seed|p1a: Zygarde
|-fail|p2a: Celesteela
|
|-damage|p1a: Zygarde|368\/420 slp|[from] Leech Seed|[of] p2a: Celesteela
|upkeep
|turn|47
|choice|*switch 4|*
|choice|*|*move 1
|choice|switch 4|move heavyslam
|
|switch|p1a: Swampert|Swampert, M|217\/404
|move|p2a: Celesteela|Heavy Slam|p1a: Swampert
|-resisted|p1a: Swampert
|-damage|p1a: Swampert|166\/404
|
|-heal|p1a: Swampert|191\/404|[from] item: Leftovers
|upkeep
|turn|48
|inactive|Reloj de batalla ENCENDIDO. El jugador inactivo será descalificado (solicitado por GrinchsBankAccount).
|choice|*|*move 3
|choice|*move 2|*
|choice|move scald|move leechseed
|
|move|p2a: Celesteela|Leech Seed|p1a: Swampert
|-start|p1a: Swampert|move: Leech Seed
|move|p1a: Swampert|Scald|p2a: Celesteela
|-end|p2a: Celesteela|Substitute
|
|-heal|p1a: Swampert|216\/404|[from] item: Leftovers
|-damage|p1a: Swampert|166\/404|[from] Leech Seed|[of] p2a: Celesteela
|upkeep
|turn|49
|choice|*|*move 2
|choice|*switch 4|*
|choice|switch 4|move substitute
|
|switch|p1a: Zygarde|Zygarde|368\/420 slp
|-ability|p1a: Zygarde|Aura Break
|move|p2a: Celesteela|Substitute|p2a: Celesteela
|-start|p2a: Celesteela|Substitute
|-damage|p2a: Celesteela|299\/398
|
|-heal|p2a: Celesteela|323\/398|[from] item: Leftovers
|upkeep
|turn|50
|choice|*|*move 3
|choice|*move 2|*
|choice|move rest|move leechseed
|
|cant|p1a: Zygarde|slp
|move|p2a: Celesteela|Leech Seed|p1a: Zygarde
|-start|p1a: Zygarde|move: Leech Seed
|
|-heal|p2a: Celesteela|347\/398|[from] item: Leftovers
|-damage|p1a: Zygarde|316\/420 slp|[from] Leech Seed|[of] p2a: Celesteela
|-heal|p2a: Celesteela|398\/398|[silent]
|upkeep
|turn|51
|choice|*switch 4|*
|choice|*|*move 1
|choice|switch 4|move heavyslam
|
|switch|p1a: Swampert|Swampert, M|166\/404
|move|p2a: Celesteela|Heavy Slam|p1a: Swampert
|-resisted|p1a: Swampert
|-damage|p1a: Swampert|115\/404
|
|-heal|p1a: Swampert|140\/404|[from] item: Leftovers
|upkeep
|turn|52
|choice|*|*move 1
|choice|*switch 4|*
|choice|switch 4|move heavyslam
|
|switch|p1a: Zygarde|Zygarde|316\/420 slp
|-ability|p1a: Zygarde|Aura Break
|move|p2a: Celesteela|Heavy Slam|p1a: Zygarde
|-damage|p1a: Zygarde|231\/420 slp
|
|upkeep
|turn|53
|choice|*|*move 3
|choice|*move 2|*
|choice|move rest|move leechseed
|
|cant|p1a: Zygarde|slp
|move|p2a: Celesteela|Leech Seed|p1a: Zygarde
|-start|p1a: Zygarde|move: Leech Seed
|
|-damage|p1a: Zygarde|179\/420 slp|[from] Leech Seed|[of] p2a: Celesteela
|upkeep
|turn|54
|choice|*|*move 4
|choice|*move 2|*
|choice|move rest|move protect
|
|move|p2a: Celesteela|Protect|p2a: Celesteela
|-singleturn|p2a: Celesteela|Protect
|-curestatus|p1a: Zygarde|slp|[msg]
|move|p1a: Zygarde|Rest|p1a: Zygarde
|-status|p1a: Zygarde|slp
|-heal|p1a: Zygarde|420\/420 slp|[silent]
|-status|p1a: Zygarde|slp|[from] move: Rest
|
|-damage|p1a: Zygarde|368\/420 slp|[from] Leech Seed|[of] p2a: Celesteela
|upkeep
|turn|55
|choice|*|*move 4
|choice|*switch 4|*
|choice|switch 4|move protect
|
|switch|p1a: Swampert|Swampert, M|140\/404
|move|p2a: Celesteela|Protect|p2a: Celesteela
|-fail|p2a: Celesteela
|
|-heal|p1a: Swampert|165\/404|[from] item: Leftovers
|upkeep
|turn|56
|choice|*|*move 3
|choice|*switch 4|*
|choice|switch 4|move leechseed
|
|switch|p1a: Zygarde|Zygarde|368\/420 slp
|-ability|p1a: Zygarde|Aura Break
|move|p2a: Celesteela|Leech Seed|p1a: Zygarde|[miss]
|-miss|p2a: Celesteela|p1a: Zygarde
|
|upkeep
|turn|57
|choice|*|*move 3
|choice|*move 2|*
|choice|move rest|move leechseed
|
|cant|p1a: Zygarde|slp
|move|p2a: Celesteela|Leech Seed|p1a: Zygarde
|-start|p1a: Zygarde|move: Leech Seed
|
|-damage|p1a: Zygarde|316\/420 slp|[from] Leech Seed|[of] p2a: Celesteela
|upkeep
|turn|58
|choice|*switch 4|*
|choice|*|*move 1
|choice|switch 4|move heavyslam
|
|switch|p1a: Swampert|Swampert, M|165\/404
|move|p2a: Celesteela|Heavy Slam|p1a: Swampert
|-resisted|p1a: Swampert
|-damage|p1a: Swampert|114\/404
|
|-heal|p1a: Swampert|139\/404|[from] item: Leftovers
|upkeep
|turn|59
|choice|*|*move 3
|choice|*switch 4|*
|choice|switch 4|move leechseed
|
|switch|p1a: Zygarde|Zygarde|316\/420 slp
|-ability|p1a: Zygarde|Aura Break
|move|p2a: Celesteela|Leech Seed|p1a: Zygarde|[miss]
|-miss|p2a: Celesteela|p1a: Zygarde
|
|upkeep
|turn|60
|choice|*|*move 3
|choice|*move 2|*
|choice|move rest|move leechseed
|
|cant|p1a: Zygarde|slp
|move|p2a: Celesteela|Leech Seed|p1a: Zygarde
|-start|p1a: Zygarde|move: Leech Seed
|
|-damage|p1a: Zygarde|264\/420 slp|[from] Leech Seed|[of] p2a: Celesteela
|upkeep
|turn|61
|choice|*|*move 4
|choice|*switch 4|*
|choice|switch 4|move protect
|
|switch|p1a: Swampert|Swampert, M|139\/404
|move|p2a: Celesteela|Protect|p2a: Celesteela
|-fail|p2a: Celesteela
|
|-heal|p1a: Swampert|164\/404|[from] item: Leftovers
|upkeep
|turn|62
|choice|*|*move 3
|c|☆GrinchsBankAccount|lol
|inactive|GrinchsBankAccount tiene 135 segundos restantes.
|choice|*switch 4|*
|choice|switch 4|move leechseed
|
|switch|p1a: Zygarde|Zygarde|264\/420 slp
|-ability|p1a: Zygarde|Aura Break
|move|p2a: Celesteela|Leech Seed|p1a: Zygarde
|-start|p1a: Zygarde|move: Leech Seed
|
|-damage|p1a: Zygarde|212\/420 slp|[from] Leech Seed|[of] p2a: Celesteela
|upkeep
|turn|63
|choice|*|*move 1
|choice|*move 2|*
|choice|move rest|move heavyslam
|
|-curestatus|p1a: Zygarde|slp|[msg]
|move|p1a: Zygarde|Rest|p1a: Zygarde
|-status|p1a: Zygarde|slp
|-heal|p1a: Zygarde|420\/420 slp|[silent]
|-status|p1a: Zygarde|slp|[from] move: Rest
|move|p2a: Celesteela|Heavy Slam|p1a: Zygarde
|-damage|p1a: Zygarde|338\/420 slp
|
|-damage|p1a: Zygarde|286\/420 slp|[from] Leech Seed|[of] p2a: Celesteela
|upkeep
|turn|64
|choice|*|*move 3
|choice|*switch 4|*
|choice|switch 4|move leechseed
|
|switch|p1a: Swampert|Swampert, M|164\/404
|move|p2a: Celesteela|Leech Seed|p1a: Swampert
|-start|p1a: Swampert|move: Leech Seed
|
|-heal|p1a: Swampert|189\/404|[from] item: Leftovers
|-damage|p1a: Swampert|139\/404|[from] Leech Seed|[of] p2a: Celesteela
|upkeep
|turn|65
|choice|*|*move 4
|choice|*switch 4|*
|choice|switch 4|move protect
|
|switch|p1a: Zygarde|Zygarde|286\/420 slp
|-ability|p1a: Zygarde|Aura Break
|move|p2a: Celesteela|Protect|p2a: Celesteela
|-fail|p2a: Celesteela
|
|upkeep
|turn|66
|choice|*move 2|*
|-message|juki456yu7 se rindió.
|
|win|GrinchsBankAccount
GrinchsBankAccount ha ganado 9.25 PokeDolares.
|raw|Puntaje de GrinchsBankAccount: 1314 &rarr; <strong>1323<\/strong><br \/>(+9 por ganar)
|raw|Puntaje de juki456yu7: 1043 &rarr; <strong>1040<\/strong><br \/>(-3 por perder)
|c|☆GrinchsBankAccount|lol
</script>
</div>
<div class="battle-log battle-log-inline"><div class="inner"><div class="battle-options"></div><div class="inner"><div class=""><small>Format:</small> <br><strong>OU</strong></div><div class="rated"><strong>Rated battle</strong></div><div class=""><small><em>Cláusula-Mod de Dormir:</em> solo puedes dormir a uno de tus oponentes a la vez.</small></div><div class=""><small><em>Cláusula de Especie:</em> Hasta un Pokémon de cada especie</small></div><div class=""><small><em>Cláusula de Golpe Fulminante:</em> los movimientos fulminantes (OHKO) estan prohibidos</small></div><div class=""><small><em>Cláusula de Veleta:</em> la habilidad Veleta está prohibida</small></div><div class=""><small><em>Cláusula de Movimientos Evasivos:</em> los movimientos de Evasión están prohibidos.</small></div><div class=""><small><em>Cláusula de Batallas Eternas:</em> forzar batallas eternas está prohibido</small></div><div class="chat battle-history"><strong>GrinchsBankAccount's team:</strong> <em style="color:#445566;display:block;">Bisharp / Tapu Lele / Swampert / Thundurus-Therian / Empoleon / Zygarde</em></div><div class="chat battle-history"><strong>juki456yu7's team:</strong> <em style="color:#445566;display:block;">Scizor / Heatran / Ferrothorn / Aggron / Mawile / Celesteela</em></div><div class="spacer battle-history"><br></div><div class="battle-history">Battle started between GrinchsBankAccount and juki456yu7!<br></div><div class="spacer battle-history"><br></div><div class="battle-history">Go! Thundurus (<strong>Thundurus-Therian</strong>)!<br></div><div class="spacer battle-history"><br></div><div class="battle-history">juki456yu7 sent out <strong>Heatran</strong>!<br></div><div class="spacer battle-history"><br></div><h2 class="battle-history">Turn 1</h2><div class="chat message-error">Reloj de batalla ENCENDIDO. El jugador inactivo será descalificado (solicitado por juki456yu7).</div><div class="spacer battle-history"><br></div><div class="battle-history">Thundurus used <strong>Nasty Plot</strong>!<br></div><div class="battle-history"><small>Thundurus's Special Attack rose sharply!</small><br></div><div class="spacer battle-history"><br></div><div class="battle-history">The opposing Heatran used <strong>Stealth Rock</strong>!<br></div><div class="battle-history"><small>Pointed stones float in the air around your team!</small><br></div><div class="spacer battle-history"><br></div><h2 class="battle-history">Turn 2</h2><div class="spacer battle-history"><br></div><div class="battle-history">Thundurus used <strong>Focus Blast</strong>!<br></div><div class="battle-history"><small>It's super effective!</small><br></div><div class="battle-history"><small>(The opposing Heatran lost <abbr title="−362/386">93.8%</abbr> of its health!)</small><br></div><div class="spacer battle-history"><br></div><div class="battle-history">The opposing Heatran used <strong>Toxic</strong>!<br></div><div class="battle-history"><small>Thundurus avoided the attack!</small><br></div><div class="spacer battle-history"><br></div><div class="battle-history"><small>The opposing Heatran restored a little HP using its Leftovers!</small><br></div><div class="spacer battle-history"><br></div><h2 class="battle-history">Turn 3</h2><div class="chat message-error">GrinchsBankAccount tiene 135 segundos restantes.</div><div class="spacer battle-history"><br></div><div class="battle-history">Thundurus used <strong>Thunderbolt</strong>!<br></div><div class="battle-history"><small>(The opposing Heatran lost <abbr title="−48/386">12.4%</abbr> of its health!)</small><br></div><div class="spacer battle-history"><br></div><div class="battle-history">The opposing Heatran fainted!<br></div><div class="chat message-error">juki456yu7 tiene 135 segundos restantes.</div><div class="spacer battle-history"><br></div><div class="battle-history">juki456yu7 sent out <strong>Mawile</strong>!<br></div><div class="battle-history"><small>[The opposing Mawile's Intimidate]</small><br></div><div class="battle-history"><small>Thundurus's Attack fell!</small><br></div><div class="spacer battle-history"><br></div><h2 class="battle-history">Turn 4</h2><div class="spacer battle-history"><br></div><div class="battle-history"><small>The opposing Mawile's Mawilite is reacting to the Key Stone!</small><br>The opposing Mawile has Mega Evolved into Mega Mawile!<br></div><div class="spacer battle-history"><br></div><div class="battle-history">The opposing Mawile used <strong>Sucker Punch</strong>!<br></div><div class="battle-history"><small>(Thundurus lost <abbr title="−165/313">52.7%</abbr> of its health!)</small><br></div><div class="spacer battle-history"><br></div><div class="battle-history">Thundurus used <strong>Thunderbolt</strong>!<br></div><div class="battle-history"><small>(The opposing Mawile lost <abbr title="−249/303">82.2%</abbr> of its health!)</small><br></div><div class="battle-history"><small>The opposing Mawile is paralyzed! It may be unable to move!</small><br></div><div class="spacer battle-history"><br></div><h2 class="battle-history">Turn 5</h2><div class="spacer battle-history"><br></div><div class="battle-history">The opposing Mawile used <strong>Sucker Punch</strong>!<br></div><div class="battle-history"><small>(Thundurus lost <abbr title="−148/313">47.3%</abbr> of its health!)</small><br></div><div class="spacer battle-history"><br></div><div class="battle-history">Thundurus fainted!<br></div><div class="chat chatmessage-grinchsbankaccount"><strong style="color:hsl(66,89%,32.40688125084617%)"><small>☆</small><span class="username" data-name="GrinchsBankAccount">GrinchsBankAccount</span>:</strong> <em>lol</em></div><div class="spacer battle-history"><br></div><div class="battle-history">Go! <strong>Tapu Lele</strong>!<br></div><div class="battle-history"><small>Pointed stones dug into Tapu Lele!</small><br></div><div class="battle-history"><small>[Tapu Lele's Psychic Surge]</small><br><small>The battlefield got weird!</small><br></div><div class="spacer battle-history"><br></div><h2 class="battle-history">Turn 6</h2><div class="spacer battle-history"><br></div><div class="battle-history">The opposing Mawile used <strong>Sucker Punch</strong>!<br></div><div class="battle-history"><small>Tapu Lele surrounds itself with psychic terrain!</small><br></div><div class="spacer battle-history"><br></div><div class="battle-history">Tapu Lele used <strong>Psyshock</strong>!<br></div><div class="battle-history"><small>It's not very effective...</small><br></div><div class="battle-history"><small>(The opposing Mawile lost <abbr title="−54/303">17.8%</abbr> of its health!)</small><br></div><div class="spacer battle-history"><br></div><div class="battle-history">The opposing Mawile fainted!<br></div><div class="spacer battle-history"><br></div><div class="battle-history">juki456yu7 sent out <strong>Aggron</strong>!<br></div><div class="spacer battle-history"><br></div><h2 class="battle-history">Turn 7</h2><div class="spacer battle-history"><br></div><div class="battle-history">Tapu Lele, come back!<br></div><div class="battle-history">Go! <strong>Swampert</strong>!<br></div><div class="battle-history"><small>Pointed stones dug into Swampert!</small><br></div><div class="spacer battle-history"><br></div><div class="battle-history">The opposing Aggron used <strong>Iron Head</strong>!<br></div><div class="battle-history"><small>It's not very effective...</small><br></div><div class="battle-history"><small>(Swampert lost <abbr title="−42/404">10.4%</abbr> of its health!)</small><br></div><div class="spacer battle-history"><br></div><div class="battle-history"><small>Swampert restored a little HP using its Leftovers!</small><br></div><div class="spacer battle-history"><br></div><h2 class="battle-history">Turn 8</h2><div class="spacer battle-history"><br></div><div class="battle-history">juki456yu7 withdrew Aggron!<br></div><div class="battle-history">juki456yu7 sent out <strong>Ferrothorn</strong>!<br></div><div class="spacer battle-history"><br></div><div class="battle-history">Swampert used <strong>Stealth Rock</strong>!<br></div><div class="battle-history"><small>Pointed stones float in the air around the opposing team!</small><br></div><div class="spacer battle-history"><br></div><div class="battle-history"><small>Swampert restored a little HP using its Leftovers!</small><br></div><div class="spacer battle-history"><br></div><h2 class="battle-history">Turn 9</h2><div class="spacer battle-history"><br></div><div class="battle-history">Swampert, come back!<br></div><div class="battle-history">Go! <strong>Bisharp</strong>!<br></div><div class="battle-history"><small>Pointed stones dug into Bisharp!</small><br></div><div class="spacer battle-history"><br></div><div class="battle-history">The opposing Ferrothorn used <strong>Gyro Ball</strong>!<br></div><div class="battle-history"><small>It's not very effective...</small><br></div><div class="battle-history"><small>(Bisharp lost <abbr title="−83/272">30.5%</abbr> of its health!)</small><br></div><div class="spacer battle-history"><br></div><h2 class="battle-history">Turn 10</h2><div class="spacer battle-history"><br></div><div class="battle-history">Bisharp used <strong>Knock Off</strong>!<br></div><div class="battle-history"><small>(The opposing Ferrothorn lost <abbr title="−126/352">35.8%</abbr> of its health!)</small><br></div><div class="battle-history"><small>[The opposing Ferrothorn's Iron Barbs]</small><br><small>Bisharp was hurt!</small><br></div><div class="battle-history"><small>Bisharp was hurt by the Rocky Helmet!</small><br></div><div class="battle-history"><small>Bisharp knocked off the opposing Ferrothorn's Rocky Helmet!</small><br></div><div class="spacer battle-history"><br></div><div class="battle-history">The opposing Ferrothorn used <strong>Toxic</strong>!<br></div><div class="battle-history"><small>It doesn't affect Bisharp...</small><br></div><div class="spacer battle-history"><br></div><div class="battle-history"><small>The weirdness disappeared from the battlefield!</small><br></div><div class="spacer battle-history"><br></div><h2 class="battle-history">Turn 11</h2><div class="spacer battle-history"><br></div><div class="battle-history">Bisharp, come back!<br></div><div class="battle-history">Go! <strong>Empoleon</strong>!<br></div><div class="battle-history"><small>Pointed stones dug into Empoleon!</small><br></div><div class="spacer battle-history"><br></div><div class="battle-history">The opposing Ferrothorn used <strong>Power Whip</strong>!<br></div><div class="battle-history"><small>(Empoleon lost <abbr title="−127/372">34.1%</abbr> of its health!)</small><br></div><div class="spacer battle-history"><br></div><h2 class="battle-history">Turn 12</h2><div class="spacer battle-history"><br></div><div class="battle-history">Empoleon used <strong>Scald</strong>!<br></div><div class="battle-history"><small>It's not very effective...</small><br></div><div class="battle-history"><small>(The opposing Ferrothorn lost <abbr title="−36/352">10.2%</abbr> of its health!)</small><br></div><div class="spacer battle-history"><br></div><div class="battle-history">The opposing Ferrothorn used <strong>Power Whip</strong>!<br></div><div class="battle-history"><small>Empoleon avoided the attack!</small><br></div><div class="spacer battle-history"><br></div><h2 class="battle-history">Turn 13</h2><div class="spacer battle-history"><br></div><div class="battle-history">juki456yu7 withdrew Ferrothorn!<br></div><div class="battle-history">juki456yu7 sent out <strong>Scizor</strong>!<br></div><div class="battle-history"><small>Pointed stones dug into the opposing Scizor!</small><br></div><div class="spacer battle-history"><br></div><div class="battle-history">Empoleon used <strong>Scald</strong>!<br></div><div class="battle-history"><small>(The opposing Scizor lost <abbr title="−120/282">42.6%</abbr> of its health!)</small><br></div><div class="spacer battle-history"><br></div><h2 class="battle-history">Turn 14</h2><div class="spacer battle-history"><br></div><div class="battle-history">The opposing Scizor used <strong>Roost</strong>!<br></div><div class="battle-history"><small>The opposing Scizor restored its HP.</small><br></div><div class="spacer battle-history"><br></div><div class="battle-history">Empoleon used <strong>Scald</strong>!<br></div><div class="battle-history"><small>(The opposing Scizor lost <abbr title="−124/282">44.0%</abbr> of its health!)</small><br></div><div class="spacer battle-history"><br></div><h2 class="battle-history">Turn 15</h2><div class="spacer battle-history"><br></div><div class="battle-history">The opposing Scizor used <strong>Swords Dance</strong>!<br></div><div class="battle-history"><small>The opposing Scizor's Attack rose sharply!</small><br></div><div class="spacer battle-history"><br></div><div class="battle-history">Empoleon used <strong>Scald</strong>!<br></div><div class="battle-history"><small>(The opposing Scizor lost <abbr title="−115/282">40.8%</abbr> of its health!)</small><br></div><div class="spacer battle-history"><br></div><h2 class="battle-history">Turn 16</h2><div class="spacer battle-history"><br></div><div class="battle-history">The opposing Scizor used <strong>Roost</strong>!<br></div><div class="battle-history"><small>The opposing Scizor restored its HP.</small><br></div><div class="spacer battle-history"><br></div><div class="battle-history">Empoleon used <strong>Scald</strong>!<br></div><div class="battle-history"><small>(The opposing Scizor lost <abbr title="−117/282">41.5%</abbr> of its health!)</small><br></div><div class="spacer battle-history"><br></div><h2 class="battle-history">Turn 17</h2><div class="spacer battle-history"><br></div><div class="battle-history">The opposing Scizor used <strong>Bug Bite</strong>!<br></div><div class="battle-history"><small>It's not very effective...</small><br></div><div class="battle-history"><small>(Empoleon lost <abbr title="−207/372">55.6%</abbr> of its health!)</small><br></div><div class="battle-history"><small>The opposing Scizor stole and ate its target's Shuca Berry!</small><br></div><div class="spacer battle-history"><br></div><div class="battle-history">Empoleon used <strong>Scald</strong>!<br></div><div class="battle-history"><small>(The opposing Scizor lost <abbr title="−53/282">18.8%</abbr> of its health!)</small><br></div><div class="spacer battle-history"><br></div><div class="battle-history">The opposing Scizor fainted!<br></div><div class="spacer battle-history"><br></div><div class="battle-history">juki456yu7 sent out <strong>Ferrothorn</strong>!<br></div><div class="battle-history"><small>Pointed stones dug into the opposing Ferrothorn!</small><br></div><div class="spacer battle-history"><br></div><h2 class="battle-history">Turn 18</h2><div class="chat message-error">GrinchsBankAccount tiene 135 segundos restantes.</div><div class="spacer battle-history"><br></div><div class="battle-history">Empoleon used <strong>Scald</strong>!<br></div><div class="battle-history"><small>It's not very effective...</small><br></div><div class="battle-history"><small>(The opposing Ferrothorn lost <abbr title="−50/352">14.2%</abbr> of its health!)</small><br></div><div class="battle-history"><small>The opposing Ferrothorn was burned!</small><br></div><div class="spacer battle-history"><br></div><div class="battle-history">The opposing Ferrothorn used <strong>Gyro Ball</strong>!<br></div><div class="battle-history"><small>It's not very effective...</small><br></div><div class="battle-history"><small>(Empoleon lost <abbr title="−8/372">2.2%</abbr> of its health!)</small><br></div><div class="spacer battle-history"><br></div><div class="battle-history"><small>The opposing Ferrothorn was hurt by its burn!</small><br></div><div class="spacer battle-history"><br></div><h2 class="battle-history">Turn 19</h2><div class="spacer battle-history"><br></div><div class="battle-history">Empoleon used <strong>Defog</strong>!<br></div><div class="battle-history"><small>The opposing Ferrothorn's evasiveness fell!</small><br></div><div class="battle-history"><small>The pointed stones disappeared from around the opposing team!</small><br></div><div class="battle-history"><small>The pointed stones disappeared from around your team!</small><br></div><div class="spacer battle-history"><br></div><div class="battle-history">The opposing Ferrothorn used <strong>Gyro Ball</strong>!<br></div><div class="battle-history"><small>It's not very effective...</small><br></div><div class="battle-history"><small>(Empoleon lost <abbr title="−7/372">1.9%</abbr> of its health!)</small><br></div><div class="spacer battle-history"><br></div><div class="battle-history">Empoleon fainted!<br></div><div class="spacer battle-history"><br></div><div class="battle-history"><small>The opposing Ferrothorn was hurt by its burn!</small><br></div><div class="chat message-error">GrinchsBankAccount tiene 135 segundos restantes.</div><div class="spacer battle-history"><br></div><div class="battle-history">Go! <strong>Zygarde</strong>!<br></div><div class="battle-history"><small>[Zygarde's Aura Break]</small><br><small>Zygarde reversed all other Pokémon's auras!</small><br></div><div class="spacer battle-history"><br></div><h2 class="battle-history">Turn 20</h2><div class="spacer battle-history"><br></div><div class="battle-history">Zygarde used <strong>Earthquake</strong>!<br></div><div class="battle-history"><small>(The opposing Ferrothorn lost <abbr title="−74/352">21.0%</abbr> of its health!)</small><br></div><div class="spacer battle-history"><br></div><div class="battle-history">The opposing Ferrothorn fainted!<br></div><div class="spacer battle-history"><br></div><div class="battle-history">juki456yu7 sent out <strong>Aggron</strong>!<br></div><div class="spacer battle-history"><br></div><h2 class="battle-history">Turn 21</h2><div class="spacer battle-history"><br></div><div class="battle-history">Zygarde used <strong>Earthquake</strong>!<br></div><div class="battle-history"><small>It's super effective!</small><br></div><div class="battle-history"><small>(The opposing Aggron lost <abbr title="−300/344">87.2%</abbr> of its health!)</small><br></div><div class="spacer battle-history"><br></div><div class="battle-history">The opposing Aggron used <strong>Ice Punch</strong>!<br></div><div class="battle-history"><small>It's super effective!</small><br></div><div class="battle-history"><small>(Zygarde lost <abbr title="−232/420">55.2%</abbr> of its health!)</small><br></div><div class="spacer battle-history"><br></div><h2 class="battle-history">Turn 22</h2><div class="spacer battle-history"><br></div><div class="battle-history">Zygarde used <strong>Earthquake</strong>!<br></div><div class="battle-history"><small>It's super effective!</small><br></div><div class="battle-history"><small>(The opposing Aggron lost <abbr title="−44/344">12.8%</abbr> of its health!)</small><br></div><div class="spacer battle-history"><br></div><div class="battle-history">The opposing Aggron fainted!<br></div><div class="spacer battle-history"><br></div><div class="battle-history">juki456yu7 sent out <strong>Celesteela</strong>!<br></div><div class="spacer battle-history"><br></div><h2 class="battle-history">Turn 23</h2><div class="spacer battle-history"><br></div><div class="battle-history">Zygarde used <strong>Rest</strong>!<br></div><div class="battle-history"><small>Zygarde fell asleep!</small><br></div><div class="battle-history"><small>Zygarde slept and became healthy!</small><br></div><div class="battle-history"><small>Zygarde ate its Chesto Berry!</small><br></div><div class="battle-history"><small>Zygarde woke up!</small><br></div><div class="spacer battle-history"><br></div><div class="battle-history">The opposing Celesteela used <strong>Substitute</strong>!<br></div><div class="battle-history"><small>The opposing Celesteela put in a substitute!</small><br></div><div class="battle-history"><small>(The opposing Celesteela lost <abbr title="−99/398">24.9%</abbr> of its health!)</small><br></div><div class="spacer battle-history"><br></div><div class="battle-history"><small>The opposing Celesteela restored a little HP using its Leftovers!</small><br></div><div class="spacer battle-history"><br></div><h2 class="battle-history">Turn 24</h2><div class="spacer battle-history"><br></div><div class="battle-history">Zygarde, come back!<br></div><div class="battle-history">Go! <strong>Swampert</strong>!<br></div><div class="spacer battle-history"><br></div><div class="battle-history">The opposing Celesteela used <strong>Leech Seed</strong>!<br></div><div class="battle-history"><small>Swampert was seeded!</small><br></div><div class="spacer battle-history"><br></div><div class="battle-history"><small>The opposing Celesteela restored a little HP using its Leftovers!</small><br></div><div class="battle-history"><small>Swampert restored a little HP using its Leftovers!</small><br></div><div class="battle-history"><small>Swampert's health is sapped by Leech Seed!</small><br></div><div class="spacer battle-history"><br></div><h2 class="battle-history">Turn 25</h2><div class="chat chatmessage-grinchsbankaccount"><strong style="color:hsl(66,89%,32.40688125084617%)"><small>☆</small><span class="username" data-name="GrinchsBankAccount">GrinchsBankAccount</span>:</strong> <em>lol</em></div><div class="spacer battle-history"><br></div><div class="battle-history">The opposing Celesteela used <strong>Protect</strong>!<br></div><div class="battle-history"><small>The opposing Celesteela protected itself!</small><br></div><div class="spacer battle-history"><br></div><div class="battle-history">Swampert used <strong>Scald</strong>!<br></div><div class="battle-history"><small>The opposing Celesteela protected itself!</small><br></div><div class="spacer battle-history"><br></div><div class="battle-history"><small>The opposing Celesteela restored a little HP using its Leftovers!</small><br></div><div class="battle-history"><small>Swampert restored a little HP using its Leftovers!</small><br></div><div class="battle-history"><small>Swampert's health is sapped by Leech Seed!</small><br></div><div class="spacer battle-history"><br></div><h2 class="battle-history">Turn 26</h2><div class="chat message-error">El cronómetro ha sido APAGADO.</div><div class="spacer battle-history"><br></div><div class="battle-history">Swampert, come back!<br></div><div class="battle-history">Go! <strong>Bisharp</strong>!<br></div><div class="spacer battle-history"><br></div><div class="battle-history">The opposing Celesteela used <strong>Heavy Slam</strong>!<br></div><div class="battle-history"><small>It's not very effective...</small><br></div><div class="battle-history"><small>(Bisharp lost <abbr title="−70/272">25.7%</abbr> of its health!)</small><br></div><div class="spacer battle-history"><br></div><h2 class="battle-history">Turn 27</h2><div class="spacer battle-history"><br></div><div class="battle-history">Bisharp used <strong>Knock Off</strong>!<br></div><div class="battle-history"><small>The opposing Celesteela's substitute faded!</small><br></div><div class="spacer battle-history"><br></div><div class="battle-history">The opposing Celesteela used <strong>Heavy Slam</strong>!<br></div><div class="battle-history"><small>It's not very effective...</small><br></div><div class="battle-history"><small>(Bisharp lost <abbr title="−23/272">8.5%</abbr> of its health!)</small><br></div><div class="spacer battle-history"><br></div><div class="battle-history">Bisharp fainted!<br></div><div class="battle-history"><small>[The opposing Celesteela's Beast Boost]</small><br></div><div class="battle-history"><small>The opposing Celesteela's Defense rose!</small><br></div><div class="spacer battle-history"><br></div><div class="battle-history">Go! <strong>Tapu Lele</strong>!<br></div><div class="battle-history"><small>[Tapu Lele's Psychic Surge]</small><br><small>The battlefield got weird!</small><br></div><div class="spacer battle-history"><br></div><h2 class="battle-history">Turn 28</h2><div class="spacer battle-history"><br></div><div class="battle-history">Tapu Lele used <strong>Taunt</strong>!<br></div><div class="battle-history"><small>The opposing Celesteela fell for the taunt!</small><br></div><div class="spacer battle-history"><br></div><div class="battle-history">The opposing Celesteela used <strong>Heavy Slam</strong>!<br></div><div class="battle-history"><small>It's super effective!</small><br></div><div class="battle-history"><small>(Tapu Lele lost <abbr title="−301/343">87.8%</abbr> of its health!)</small><br></div><div class="spacer battle-history"><br></div><div class="battle-history">Tapu Lele fainted!<br></div><div class="battle-history"><small>[The opposing Celesteela's Beast Boost]</small><br></div><div class="battle-history"><small>The opposing Celesteela's Defense rose!</small><br></div><div class="chat chatmessage-grinchsbankaccount"><strong style="color:hsl(66,89%,32.40688125084617%)"><small>☆</small><span class="username" data-name="GrinchsBankAccount">GrinchsBankAccount</span>:</strong> <em>lol what a terribly player</em></div><div class="spacer battle-history"><br></div><div class="battle-history">Go! <strong>Swampert</strong>!<br></div><div class="spacer battle-history"><br></div><h2 class="battle-history">Turn 29</h2><div class="spacer battle-history"><br></div><div class="battle-history">The opposing Celesteela used <strong>Heavy Slam</strong>!<br></div><div class="battle-history"><small>It's not very effective...</small><br></div><div class="battle-history"><small>(Swampert lost <abbr title="−53/404">13.1%</abbr> of its health!)</small><br></div><div class="spacer battle-history"><br></div><div class="battle-history">Swampert used <strong>Scald</strong>!<br></div><div class="battle-history"><small>(The opposing Celesteela lost <abbr title="−81/398">20.4%</abbr> of its health!)</small><br></div><div class="spacer battle-history"><br></div><div class="battle-history"><small>The opposing Celesteela restored a little HP using its Leftovers!</small><br></div><div class="battle-history"><small>Swampert restored a little HP using its Leftovers!</small><br></div><div class="spacer battle-history"><br></div><h2 class="battle-history">Turn 30</h2><div class="spacer battle-history"><br></div><div class="battle-history">The opposing Celesteela used <strong>Heavy Slam</strong>!<br></div><div class="battle-history"><small>It's not very effective...</small><br></div><div class="battle-history"><small>(Swampert lost <abbr title="−53/404">13.1%</abbr> of its health!)</small><br></div><div class="spacer battle-history"><br></div><div class="battle-history">Swampert used <strong>Scald</strong>!<br></div><div class="battle-history"><small>(The opposing Celesteela lost <abbr title="−84/398">21.1%</abbr> of its health!)</small><br></div><div class="spacer battle-history"><br></div><div class="battle-history"><small>The opposing Celesteela restored a little HP using its Leftovers!</small><br></div><div class="battle-history"><small>Swampert restored a little HP using its Leftovers!</small><br></div><div class="battle-history"><small>The opposing Celesteela's taunt wore off!</small><br></div><div class="spacer battle-history"><br></div><h2 class="battle-history">Turn 31</h2><div class="spacer battle-history"><br></div><div class="battle-history">The opposing Celesteela used <strong>Substitute</strong>!<br></div><div class="battle-history"><small>The opposing Celesteela put in a substitute!</small><br></div><div class="battle-history"><small>(The opposing Celesteela lost <abbr title="−99/398">24.9%</abbr> of its health!)</small><br></div><div class="spacer battle-history"><br></div><div class="battle-history">Swampert used <strong>Scald</strong>!<br></div><div class="battle-history"><small>The substitute took damage for the opposing Celesteela!</small><br></div><div class="spacer battle-history"><br></div><div class="battle-history"><small>The opposing Celesteela restored a little HP using its Leftovers!</small><br></div><div class="battle-history"><small>Swampert restored a little HP using its Leftovers!</small><br></div><div class="spacer battle-history"><br></div><h2 class="battle-history">Turn 32</h2><div class="chat chatmessage-grinchsbankaccount"><strong style="color:hsl(66,89%,32.40688125084617%)"><small>☆</small><span class="username" data-name="GrinchsBankAccount">GrinchsBankAccount</span>:</strong> <em>lol</em></div><div class="spacer battle-history"><br></div><div class="battle-history">The opposing Celesteela used <strong>Protect</strong>!<br></div><div class="battle-history"><small>The opposing Celesteela protected itself!</small><br></div><div class="spacer battle-history"><br></div><div class="battle-history">Swampert used <strong>Scald</strong>!<br></div><div class="battle-history"><small>The opposing Celesteela protected itself!</small><br></div><div class="spacer battle-history"><br></div><div class="battle-history"><small>The opposing Celesteela restored a little HP using its Leftovers!</small><br></div><div class="battle-history"><small>Swampert restored a little HP using its Leftovers!</small><br></div><div class="battle-history"><small>The weirdness disappeared from the battlefield!</small><br></div><div class="spacer battle-history"><br></div><h2 class="battle-history">Turn 33</h2><div class="spacer battle-history"><br></div><div class="battle-history">The opposing Celesteela used <strong>Leech Seed</strong>!<br></div><div class="battle-history"><small>Swampert was seeded!</small><br></div><div class="spacer battle-history"><br></div><div class="battle-history">Swampert used <strong>Scald</strong>!<br></div><div class="battle-history"><small>The opposing Celesteela's substitute faded!</small><br></div><div class="spacer battle-history"><br></div><div class="battle-history"><small>The opposing Celesteela restored a little HP using its Leftovers!</small><br></div><div class="battle-history"><small>Swampert restored a little HP using its Leftovers!</small><br></div><div class="battle-history"><small>Swampert's health is sapped by Leech Seed!</small><br></div><div class="spacer battle-history"><br></div><h2 class="battle-history">Turn 34</h2><div class="spacer battle-history"><br></div><div class="battle-history">Swampert, come back!<br></div><div class="battle-history">Go! <strong>Zygarde</strong>!<br></div><div class="battle-history"><small>[Zygarde's Aura Break]</small><br><small>Zygarde reversed all other Pokémon's auras!</small><br></div><div class="spacer battle-history"><br></div><div class="battle-history">The opposing Celesteela used <strong>Substitute</strong>!<br></div><div class="battle-history"><small>The opposing Celesteela put in a substitute!</small><br></div><div class="battle-history"><small>(The opposing Celesteela lost <abbr title="−99/398">24.9%</abbr> of its health!)</small><br></div><div class="spacer battle-history"><br></div><div class="battle-history"><small>The opposing Celesteela restored a little HP using its Leftovers!</small><br></div><div class="spacer battle-history"><br></div><h2 class="battle-history">Turn 35</h2><div class="spacer battle-history"><br></div><div class="battle-history">The opposing Celesteela used <strong>Protect</strong>!<br></div><div class="battle-history"><small>The opposing Celesteela protected itself!</small><br></div><div class="spacer battle-history"><br></div><div class="battle-history">Zygarde used <strong>Earthquake</strong>!<br></div><div class="battle-history"><small>The opposing Celesteela protected itself!</small><br></div><div class="spacer battle-history"><br></div><div class="battle-history"><small>The opposing Celesteela restored a little HP using its Leftovers!</small><br></div><div class="spacer battle-history"><br></div><h2 class="battle-history">Turn 36</h2><div class="spacer battle-history"><br></div><div class="battle-history">Zygarde, come back!<br></div><div class="battle-history">Go! <strong>Swampert</strong>!<br></div><div class="spacer battle-history"><br></div><div class="battle-history">The opposing Celesteela used <strong>Leech Seed</strong>!<br></div><div class="battle-history"><small>Swampert was seeded!</small><br></div><div class="spacer battle-history"><br></div><div class="battle-history"><small>The opposing Celesteela restored a little HP using its Leftovers!</small><br></div><div class="battle-history"><small>Swampert restored a little HP using its Leftovers!</small><br></div><div class="battle-history"><small>Swampert's health is sapped by Leech Seed!</small><br></div><div class="spacer battle-history"><br></div><h2 class="battle-history">Turn 37</h2><div class="spacer battle-history"><br></div><div class="battle-history">Swampert, come back!<br></div><div class="battle-history">Go! <strong>Zygarde</strong>!<br></div><div class="battle-history"><small>[Zygarde's Aura Break]</small><br><small>Zygarde reversed all other Pokémon's auras!</small><br></div><div class="spacer battle-history"><br></div><div class="battle-history">The opposing Celesteela used <strong>Heavy Slam</strong>!<br></div><div class="battle-history"><small>(Zygarde lost <abbr title="−87/420">20.7%</abbr> of its health!)</small><br></div><div class="spacer battle-history"><br></div><div class="battle-history"><small>The opposing Celesteela restored a little HP using its Leftovers!</small><br></div><div class="spacer battle-history"><br></div><h2 class="battle-history">Turn 38</h2><div class="spacer battle-history"><br></div><div class="battle-history">Zygarde used <strong>Earthquake</strong>!<br></div><div class="battle-history"><small>It doesn't affect the opposing Celesteela...</small><br></div><div class="spacer battle-history"><br></div><div class="battle-history">The opposing Celesteela used <strong>Heavy Slam</strong>!<br></div><div class="battle-history"><small>(Zygarde lost <abbr title="−81/420">19.3%</abbr> of its health!)</small><br></div><div class="spacer battle-history"><br></div><div class="battle-history"><small>The opposing Celesteela restored a little HP using its Leftovers!</small><br></div><div class="spacer battle-history"><br></div><h2 class="battle-history">Turn 39</h2><div class="spacer battle-history"><br></div><div class="battle-history">Zygarde used <strong>Earthquake</strong>!<br></div><div class="battle-history"><small>It doesn't affect the opposing Celesteela...</small><br></div><div class="spacer battle-history"><br></div><div class="battle-history">The opposing Celesteela used <strong>Heavy Slam</strong>!<br></div><div class="battle-history"><small>(Zygarde lost <abbr title="−81/420">19.3%</abbr> of its health!)</small><br></div><div class="spacer battle-history"><br></div><div class="battle-history"><small>The opposing Celesteela restored a little HP using its Leftovers!</small><br></div><div class="spacer battle-history"><br></div><h2 class="battle-history">Turn 40</h2><div class="spacer battle-history"><br></div><div class="battle-history">Zygarde used <strong>Rest</strong>!<br></div><div class="battle-history"><small>Zygarde fell asleep!</small><br></div><div class="battle-history"><small>Zygarde slept and became healthy!</small><br></div><div class="spacer battle-history"><br></div><div class="battle-history">The opposing Celesteela used <strong>Heavy Slam</strong>!<br></div><div class="battle-history"><small>(Zygarde lost <abbr title="−85/420">20.2%</abbr> of its health!)</small><br></div><div class="spacer battle-history"><br></div><h2 class="battle-history">Turn 41</h2><div class="spacer battle-history"><br></div><div class="battle-history">Zygarde is fast asleep.<br></div><div class="spacer battle-history"><br></div><div class="battle-history">The opposing Celesteela used <strong>Leech Seed</strong>!<br></div><div class="battle-history"><small>Zygarde was seeded!</small><br></div><div class="spacer battle-history"><br></div><div class="battle-history"><small>Zygarde's health is sapped by Leech Seed!</small><br></div><div class="spacer battle-history"><br></div><h2 class="battle-history">Turn 42</h2><div class="spacer battle-history"><br></div><div class="battle-history">Zygarde, come back!<br></div><div class="battle-history">Go! <strong>Swampert</strong>!<br></div><div class="spacer battle-history"><br></div><div class="battle-history">The opposing Celesteela used <strong>Heavy Slam</strong>!<br></div><div class="battle-history"><small>It's not very effective...</small><br></div><div class="battle-history"><small>(Swampert lost <abbr title="−56/404">13.9%</abbr> of its health!)</small><br></div><div class="spacer battle-history"><br></div><div class="battle-history"><small>Swampert restored a little HP using its Leftovers!</small><br></div><div class="spacer battle-history"><br></div><h2 class="battle-history">Turn 43</h2><div class="spacer battle-history"><br></div><div class="battle-history">The opposing Celesteela used <strong>Leech Seed</strong>!<br></div><div class="battle-history"><small>Swampert was seeded!</small><br></div><div class="spacer battle-history"><br></div><div class="battle-history">Swampert used <strong>Scald</strong>!<br></div><div class="battle-history"><small>The substitute took damage for the opposing Celesteela!</small><br></div><div class="spacer battle-history"><br></div><div class="battle-history"><small>Swampert restored a little HP using its Leftovers!</small><br></div><div class="battle-history"><small>Swampert's health is sapped by Leech Seed!</small><br></div><div class="spacer battle-history"><br></div><h2 class="battle-history">Turn 44</h2><div class="chat chatmessage-grinchsbankaccount"><strong style="color:hsl(66,89%,32.40688125084617%)"><small>☆</small><span class="username" data-name="GrinchsBankAccount">GrinchsBankAccount</span>:</strong> <em>omg this mon is fucking busted</em></div><div class="spacer battle-history"><br></div><div class="battle-history">Swampert, come back!<br></div><div class="battle-history">Go! <strong>Zygarde</strong>!<br></div><div class="battle-history"><small>[Zygarde's Aura Break]</small><br><small>Zygarde reversed all other Pokémon's auras!</small><br></div><div class="spacer battle-history"><br></div><div class="battle-history">The opposing Celesteela used <strong>Heavy Slam</strong>!<br></div><div class="battle-history"><small>(Zygarde lost <abbr title="−81/420">19.3%</abbr> of its health!)</small><br></div><div class="spacer battle-history"><br></div><h2 class="battle-history">Turn 45</h2><div class="spacer battle-history"><br></div><div class="battle-history">Zygarde is fast asleep.<br></div><div class="spacer battle-history"><br></div><div class="battle-history">The opposing Celesteela used <strong>Leech Seed</strong>!<br></div><div class="battle-history"><small>Zygarde was seeded!</small><br></div><div class="spacer battle-history"><br></div><div class="battle-history"><small>Zygarde's health is sapped by Leech Seed!</small><br></div><div class="spacer battle-history"><br></div><h2 class="battle-history">Turn 46</h2><div class="spacer battle-history"><br></div><div class="battle-history"><small>Zygarde woke up!</small><br></div><div class="spacer battle-history"><br></div><div class="battle-history">Zygarde used <strong>Rest</strong>!<br></div><div class="battle-history"><small>Zygarde fell asleep!</small><br></div><div class="battle-history"><small>Zygarde slept and became healthy!</small><br></div><div class="spacer battle-history"><br></div><div class="battle-history">The opposing Celesteela used <strong>Leech Seed</strong>!<br></div><div class="battle-history"><small>But it failed!</small><br></div><div class="spacer battle-history"><br></div><div class="battle-history"><small>Zygarde's health is sapped by Leech Seed!</small><br></div><div class="spacer battle-history"><br></div><h2 class="battle-history">Turn 47</h2><div class="spacer battle-history"><br></div><div class="battle-history">Zygarde, come back!<br></div><div class="battle-history">Go! <strong>Swampert</strong>!<br></div><div class="spacer battle-history"><br></div><div class="battle-history">The opposing Celesteela used <strong>Heavy Slam</strong>!<br></div><div class="battle-history"><small>It's not very effective...</small><br></div><div class="battle-history"><small>(Swampert lost <abbr title="−51/404">12.6%</abbr> of its health!)</small><br></div><div class="spacer battle-history"><br></div><div class="battle-history"><small>Swampert restored a little HP using its Leftovers!</small><br></div><div class="spacer battle-history"><br></div><h2 class="battle-history">Turn 48</h2><div class="chat message-error">Reloj de batalla ENCENDIDO. El jugador inactivo será descalificado (solicitado por GrinchsBankAccount).</div><div class="spacer battle-history"><br></div><div class="battle-history">The opposing Celesteela used <strong>Leech Seed</strong>!<br></div><div class="battle-history"><small>Swampert was seeded!</small><br></div><div class="spacer battle-history"><br></div><div class="battle-history">Swampert used <strong>Scald</strong>!<br></div><div class="battle-history"><small>The opposing Celesteela's substitute faded!</small><br></div><div class="spacer battle-history"><br></div><div class="battle-history"><small>Swampert restored a little HP using its Leftovers!</small><br></div><div class="battle-history"><small>Swampert's health is sapped by Leech Seed!</small><br></div><div class="spacer battle-history"><br></div><h2 class="battle-history">Turn 49</h2><div class="spacer battle-history"><br></div><div class="battle-history">Swampert, come back!<br></div><div class="battle-history">Go! <strong>Zygarde</strong>!<br></div><div class="battle-history"><small>[Zygarde's Aura Break]</small><br><small>Zygarde reversed all other Pokémon's auras!</small><br></div><div class="spacer battle-history"><br></div><div class="battle-history">The opposing Celesteela used <strong>Substitute</strong>!<br></div><div class="battle-history"><small>The opposing Celesteela put in a substitute!</small><br></div><div class="battle-history"><small>(The opposing Celesteela lost <abbr title="−99/398">24.9%</abbr> of its health!)</small><br></div><div class="spacer battle-history"><br></div><div class="battle-history"><small>The opposing Celesteela restored a little HP using its Leftovers!</small><br></div><div class="spacer battle-history"><br></div><h2 class="battle-history">Turn 50</h2><div class="spacer battle-history"><br></div><div class="battle-history">Zygarde is fast asleep.<br></div><div class="spacer battle-history"><br></div><div class="battle-history">The opposing Celesteela used <strong>Leech Seed</strong>!<br></div><div class="battle-history"><small>Zygarde was seeded!</small><br></div><div class="spacer battle-history"><br></div><div class="battle-history"><small>The opposing Celesteela restored a little HP using its Leftovers!</small><br></div><div class="battle-history"><small>Zygarde's health is sapped by Leech Seed!</small><br></div><div class="spacer battle-history"><br></div><h2 class="battle-history">Turn 51</h2><div class="spacer battle-history"><br></div><div class="battle-history">Zygarde, come back!<br></div><div class="battle-history">Go! <strong>Swampert</strong>!<br></div><div class="spacer battle-history"><br></div><div class="battle-history">The opposing Celesteela used <strong>Heavy Slam</strong>!<br></div><div class="battle-history"><small>It's not very effective...</small><br></div><div class="battle-history"><small>(Swampert lost <abbr title="−51/404">12.6%</abbr> of its health!)</small><br></div><div class="spacer battle-history"><br></div><div class="battle-history"><small>Swampert restored a little HP using its Leftovers!</small><br></div><div class="spacer battle-history"><br></div><h2 class="battle-history">Turn 52</h2><div class="spacer battle-history"><br></div><div class="battle-history">Swampert, come back!<br></div><div class="battle-history">Go! <strong>Zygarde</strong>!<br></div><div class="battle-history"><small>[Zygarde's Aura Break]</small><br><small>Zygarde reversed all other Pokémon's auras!</small><br></div><div class="spacer battle-history"><br></div><div class="battle-history">The opposing Celesteela used <strong>Heavy Slam</strong>!<br></div><div class="battle-history"><small>(Zygarde lost <abbr title="−85/420">20.2%</abbr> of its health!)</small><br></div><div class="spacer battle-history"><br></div><h2 class="battle-history">Turn 53</h2><div class="spacer battle-history"><br></div><div class="battle-history">Zygarde is fast asleep.<br></div><div class="spacer battle-history"><br></div><div class="battle-history">The opposing Celesteela used <strong>Leech Seed</strong>!<br></div><div class="battle-history"><small>Zygarde was seeded!</small><br></div><div class="spacer battle-history"><br></div><div class="battle-history"><small>Zygarde's health is sapped by Leech Seed!</small><br></div><div class="spacer battle-history"><br></div><h2 class="battle-history">Turn 54</h2><div class="spacer battle-history"><br></div><div class="battle-history">The opposing Celesteela used <strong>Protect</strong>!<br></div><div class="battle-history"><small>The opposing Celesteela protected itself!</small><br></div><div class="battle-history"><small>Zygarde woke up!</small><br></div><div class="spacer battle-history"><br></div><div class="battle-history">Zygarde used <strong>Rest</strong>!<br></div><div class="battle-history"><small>Zygarde fell asleep!</small><br></div><div class="battle-history"><small>Zygarde slept and became healthy!</small><br></div><div class="spacer battle-history"><br></div><div class="battle-history"><small>Zygarde's health is sapped by Leech Seed!</small><br></div><div class="spacer battle-history"><br></div><h2 class="battle-history">Turn 55</h2><div class="spacer battle-history"><br></div><div class="battle-history">Zygarde, come back!<br></div><div class="battle-history">Go! <strong>Swampert</strong>!<br></div><div class="spacer battle-history"><br></div><div class="battle-history">The opposing Celesteela used <strong>Protect</strong>!<br></div><div class="battle-history"><small>But it failed!</small><br></div><div class="spacer battle-history"><br></div><div class="battle-history"><small>Swampert restored a little HP using its Leftovers!</small><br></div><div class="spacer battle-history"><br></div><h2 class="battle-history">Turn 56</h2><div class="spacer battle-history"><br></div><div class="battle-history">Swampert, come back!<br></div><div class="battle-history">Go! <strong>Zygarde</strong>!<br></div><div class="battle-history"><small>[Zygarde's Aura Break]</small><br><small>Zygarde reversed all other Pokémon's auras!</small><br></div><div class="spacer battle-history"><br></div><div class="battle-history">The opposing Celesteela used <strong>Leech Seed</strong>!<br></div><div class="battle-history"><small>Zygarde avoided the attack!</small><br></div><div class="spacer battle-history"><br></div><h2 class="battle-history">Turn 57</h2><div class="spacer battle-history"><br></div><div class="battle-history">Zygarde is fast asleep.<br></div><div class="spacer battle-history"><br></div><div class="battle-history">The opposing Celesteela used <strong>Leech Seed</strong>!<br></div><div class="battle-history"><small>Zygarde was seeded!</small><br></div><div class="spacer battle-history"><br></div><div class="battle-history"><small>Zygarde's health is sapped by Leech Seed!</small><br></div><div class="spacer battle-history"><br></div><h2 class="battle-history">Turn 58</h2><div class="spacer battle-history"><br></div><div class="battle-history">Zygarde, come back!<br></div><div class="battle-history">Go! <strong>Swampert</strong>!<br></div><div class="spacer battle-history"><br></div><div class="battle-history">The opposing Celesteela used <strong>Heavy Slam</strong>!<br></div><div class="battle-history"><small>It's not very effective...</small><br></div><div class="battle-history"><small>(Swampert lost <abbr title="−51/404">12.6%</abbr> of its health!)</small><br></div><div class="spacer battle-history"><br></div><div class="battle-history"><small>Swampert restored a little HP using its Leftovers!</small><br></div><div class="spacer battle-history"><br></div><h2 class="battle-history">Turn 59</h2><div class="spacer battle-history"><br></div><div class="battle-history">Swampert, come back!<br></div><div class="battle-history">Go! <strong>Zygarde</strong>!<br></div><div class="battle-history"><small>[Zygarde's Aura Break]</small><br><small>Zygarde reversed all other Pokémon's auras!</small><br></div><div class="spacer battle-history"><br></div><div class="battle-history">The opposing Celesteela used <strong>Leech Seed</strong>!<br></div><div class="battle-history"><small>Zygarde avoided the attack!</small><br></div><div class="spacer battle-history"><br></div><h2 class="battle-history">Turn 60</h2><div class="spacer battle-history"><br></div><div class="battle-history">Zygarde is fast asleep.<br></div><div class="spacer battle-history"><br></div><div class="battle-history">The opposing Celesteela used <strong>Leech Seed</strong>!<br></div><div class="battle-history"><small>Zygarde was seeded!</small><br></div><div class="spacer battle-history"><br></div><div class="battle-history"><small>Zygarde's health is sapped by Leech Seed!</small><br></div><div class="spacer battle-history"><br></div><h2 class="battle-history">Turn 61</h2><div class="spacer battle-history"><br></div><div class="battle-history">Zygarde, come back!<br></div><div class="battle-history">Go! <strong>Swampert</strong>!<br></div><div class="spacer battle-history"><br></div><div class="battle-history">The opposing Celesteela used <strong>Protect</strong>!<br></div><div class="battle-history"><small>But it failed!</small><br></div><div class="spacer battle-history"><br></div><div class="battle-history"><small>Swampert restored a little HP using its Leftovers!</small><br></div><div class="spacer battle-history"><br></div><h2 class="battle-history">Turn 62</h2><div class="chat chatmessage-grinchsbankaccount"><strong style="color:hsl(66,89%,32.40688125084617%)"><small>☆</small><span class="username" data-name="GrinchsBankAccount">GrinchsBankAccount</span>:</strong> <em>lol</em></div><div class="chat message-error">GrinchsBankAccount tiene 135 segundos restantes.</div><div class="spacer battle-history"><br></div><div class="battle-history">Swampert, come back!<br></div><div class="battle-history">Go! <strong>Zygarde</strong>!<br></div><div class="battle-history"><small>[Zygarde's Aura Break]</small><br><small>Zygarde reversed all other Pokémon's auras!</small><br></div><div class="spacer battle-history"><br></div><div class="battle-history">The opposing Celesteela used <strong>Leech Seed</strong>!<br></div><div class="battle-history"><small>Zygarde was seeded!</small><br></div><div class="spacer battle-history"><br></div><div class="battle-history"><small>Zygarde's health is sapped by Leech Seed!</small><br></div><div class="spacer battle-history"><br></div><h2 class="battle-history">Turn 63</h2><div class="spacer battle-history"><br></div><div class="battle-history"><small>Zygarde woke up!</small><br></div><div class="spacer battle-history"><br></div><div class="battle-history">Zygarde used <strong>Rest</strong>!<br></div><div class="battle-history"><small>Zygarde fell asleep!</small><br></div><div class="battle-history"><small>Zygarde slept and became healthy!</small><br></div><div class="spacer battle-history"><br></div><div class="battle-history">The opposing Celesteela used <strong>Heavy Slam</strong>!<br></div><div class="battle-history"><small>(Zygarde lost <abbr title="−82/420">19.5%</abbr> of its health!)</small><br></div><div class="spacer battle-history"><br></div><div class="battle-history"><small>Zygarde's health is sapped by Leech Seed!</small><br></div><div class="spacer battle-history"><br></div><h2 class="battle-history">Turn 64</h2><div class="spacer battle-history"><br></div><div class="battle-history">Zygarde, come back!<br></div><div class="battle-history">Go! <strong>Swampert</strong>!<br></div><div class="spacer battle-history"><br></div><div class="battle-history">The opposing Celesteela used <strong>Leech Seed</strong>!<br></div><div class="battle-history"><small>Swampert was seeded!</small><br></div><div class="spacer battle-history"><br></div><div class="battle-history"><small>Swampert restored a little HP using its Leftovers!</small><br></div><div class="battle-history"><small>Swampert's health is sapped by Leech Seed!</small><br></div><div class="spacer battle-history"><br></div><h2 class="battle-history">Turn 65</h2><div class="spacer battle-history"><br></div><div class="battle-history">Swampert, come back!<br></div><div class="battle-history">Go! <strong>Zygarde</strong>!<br></div><div class="battle-history"><small>[Zygarde's Aura Break]</small><br><small>Zygarde reversed all other Pokémon's auras!</small><br></div><div class="spacer battle-history"><br></div><div class="battle-history">The opposing Celesteela used <strong>Protect</strong>!<br></div><div class="battle-history"><small>But it failed!</small><br></div><div class="spacer battle-history"><br></div><h2 class="battle-history">Turn 66</h2><div class="spacer battle-history"><br></div><div class="battle-history"><small>juki456yu7 se rindió.</small><br></div><div class="spacer battle-history"><br></div><div class="battle-history"><strong>GrinchsBankAccount</strong> won the battle!<br></div><div class="chat">GrinchsBankAccount ha ganado 9.25 PokeDolares.</div><div class="chat">Puntaje de GrinchsBankAccount: 1314 → <strong>1323</strong><br>(+9 por ganar)</div><div class="chat">Puntaje de juki456yu7: 1043 → <strong>1040</strong><br>(-3 por perder)</div><div class="chat chatmessage-grinchsbankaccount"><strong style="color:hsl(66,89%,32.40688125084617%)"><small>☆</small><span class="username" data-name="GrinchsBankAccount">GrinchsBankAccount</span>:</strong> <em>lol</em></div></div><div class="inner-preempt"></div></div></div>
</div>
<script>
let daily = Math.floor(Date.now()/1000/60/60/24);document.write('<script src="https://play.pokemonshowdown.com/js/replay-embed.js?version'+daily+'"></'+'script>');
</script>
