<!DOCTYPE html>
<meta charset="utf-8" />
<!-- version 1 -->
<title>OU replay: LuisGR vs. T♥yuya</title>
<style>
html,body {font-family:Verdana, sans-serif;font-size:10pt;margin:0;padding:0;}body{padding:12px 0;} .battle-log {font-family:Verdana, sans-serif;font-size:10pt;} .battle-log-inline {border:1px solid #AAAAAA;background:#EEF2F5;color:black;max-width:640px;margin:0 auto 80px;padding-bottom:5px;} .battle-log .inner {padding:4px 8px 0px 8px;} .battle-log .inner-preempt {padding:0 8px 4px 8px;} .battle-log .inner-after {margin-top:0.5em;} .battle-log h2 {margin:0.5em -8px;padding:4px 8px;border:1px solid #AAAAAA;background:#E0E7EA;border-left:0;border-right:0;font-family:Verdana, sans-serif;font-size:13pt;} .battle-log .chat {vertical-align:middle;padding:3px 0 3px 0;font-size:8pt;} .battle-log .chat strong {color:#40576A;} .battle-log .chat em {padding:1px 4px 1px 3px;color:#000000;font-style:normal;} .chat.mine {background:rgba(0,0,0,0.05);margin-left:-8px;margin-right:-8px;padding-left:8px;padding-right:8px;} .spoiler {color:#BBBBBB;background:#BBBBBB;padding:0px 3px;} .spoiler:hover, .spoiler:active, .spoiler-shown {color:#000000;background:#E2E2E2;padding:0px 3px;} .spoiler a {color:#BBBBBB;} .spoiler:hover a, .spoiler:active a, .spoiler-shown a {color:#2288CC;} .chat code, .chat .spoiler:hover code, .chat .spoiler:active code, .chat .spoiler-shown code {border:1px solid #C0C0C0;background:#EEEEEE;color:black;padding:0 2px;} .chat .spoiler code {border:1px solid #CCCCCC;background:#CCCCCC;color:#CCCCCC;} .battle-log .rated {padding:3px 4px;} .battle-log .rated strong {color:white;background:#89A;padding:1px 4px;border-radius:4px;} .spacer {margin-top:0.5em;} .message-announce {background:#6688AA;color:white;padding:1px 4px 2px;} .message-announce a, .broadcast-green a, .broadcast-blue a, .broadcast-red a {color:#DDEEFF;} .broadcast-green {background-color:#559955;color:white;padding:2px 4px;} .broadcast-blue {background-color:#6688AA;color:white;padding:2px 4px;} .infobox {border:1px solid #6688AA;padding:2px 4px;} .infobox-limited {max-height:200px;overflow:auto;overflow-x:hidden;} .broadcast-red {background-color:#AA5544;color:white;padding:2px 4px;} .message-learn-canlearn {font-weight:bold;color:#228822;text-decoration:underline;} .message-learn-cannotlearn {font-weight:bold;color:#CC2222;text-decoration:underline;} .message-effect-weak {font-weight:bold;color:#CC2222;} .message-effect-resist {font-weight:bold;color:#6688AA;} .message-effect-immune {font-weight:bold;color:#666666;} .message-learn-list {margin-top:0;margin-bottom:0;} .message-throttle-notice, .message-error {color:#992222;} .message-overflow, .chat small.message-overflow {font-size:0pt;} .message-overflow::before {font-size:9pt;content:'...';} .subtle {color:#3A4A66;}
</style>
<div class="wrapper replay-wrapper" style="max-width:1180px;margin:0 auto">
<input type="hidden" name="replayid" value="destiny-ou-550265" />
<div class="battle"></div><div class="battle-log"></div><div class="replay-controls"></div><div class="replay-controls-2"></div>
<h1 style="font-weight:normal;text-align:center"><strong>OU</strong><br /><a href="http://pokemonshowdown.com/users/luisgr" class="subtle" target="_blank">LuisGR</a> vs. <a href="http://pokemonshowdown.com/users/tyuya" class="subtle" target="_blank">T♥yuya</a></h1>
<script type="text/plain" class="battle-log-data">|player|p1|LuisGR|luisinvgc-18.gif?2ce8da5f
|teamsize|p1|6
|player|p2|T♥yuya|tyuya.gif?a0082a57
|teamsize|p2|6
|teamsize|p1|6
|teamsize|p2|6
|gametype|singles
|gen|7
|tier|OU
|seed|16745,27839,64270,42783
|rule|Cláusula-Mod de Dormir: solo puedes dormir a uno de tus oponentes a la vez.
|rule|Cláusula de Especie: Hasta un Pokémon de cada especie
|rule|Cláusula de Golpe Fulminante: los movimientos fulminantes (OHKO) estan prohibidos
|rule|Cláusula de Veleta: la habilidad Veleta está prohibida
|rule|Cláusula de Movimientos Evasivos: los movimientos de Evasión están prohibidos.
|rule|Cláusula de Batallas Eternas: forzar batallas eternas está prohibido
|clearpoke
|poke|p1|Greninja, M|item
|poke|p1|Excadrill, M|item
|poke|p1|Sharpedo, M|item
|poke|p1|Zygarde|item
|poke|p1|Gyarados, M|item
|poke|p1|Magearna|item
|poke|p2|Alakazam, M|item
|poke|p2|Kartana|item
|poke|p2|Clefable, F|item
|poke|p2|Gastrodon-East, F|item
|poke|p2|Magnezone|item
|poke|p2|Tornadus-Therian, M|item
|teampreview|undefined
|choice|*team 123456|*
|choice|*|*team 213456
|choice|team 1, 2, 3, 4, 5, 6|team 2, 1, 3, 4, 5, 6
|
|start
|switch|p1a: Greninja|Greninja, M|285\/285
|switch|p2a: Kartana|Kartana|260\/260
|turn|1
|choice|*move 3|*
|choice|*|*switch 4
|choice|move hiddenpower|switch 4
|
|switch|p2a: Gastrodon|Gastrodon-East, F|426\/426
|move|p1a: Greninja|Hidden Power|p2a: Gastrodon
|-start|p1a: Greninja|typechange|Fire|[from] Protean
|-resisted|p2a: Gastrodon
|-damage|p2a: Gastrodon|390\/426
|
|-heal|p2a: Gastrodon|416\/426|[from] item: Leftovers
|upkeep
|turn|2
|choice|*move 1|*
|choice|*|*move 1
|choice|*move 1|*
|choice|move spikes|move scald
|
|move|p1a: Greninja|Spikes|p2a: Gastrodon
|-start|p1a: Greninja|typechange|Ground|[from] Protean
|-sidestart|p2: T♥yuya|Spikes
|move|p2a: Gastrodon|Scald|p1a: Greninja
|-supereffective|p1a: Greninja
|-damage|p1a: Greninja|67\/285
|
|-heal|p2a: Gastrodon|426\/426|[from] item: Leftovers
|upkeep
|turn|3
|choice|*move 1|*
|choice|*|*move 1
|choice|move spikes|move scald
|
|move|p1a: Greninja|Spikes|p2a: Gastrodon
|-sidestart|p2: T♥yuya|Spikes
|move|p2a: Gastrodon|Scald|p1a: Greninja
|-supereffective|p1a: Greninja
|-damage|p1a: Greninja|0 fnt
|faint|p1a: Greninja
|
|upkeep
|choice|*switch 5|*
|choice|switch 5|
|
|switch|p1a: Gyarados|Gyarados, M|331\/331
|turn|4
|choice|*move 1|*
|choice|*|*move 3
|choice|move dragondance|move clearsmog
|
|move|p1a: Gyarados|Dragon Dance|p1a: Gyarados
|-boost|p1a: Gyarados|atk|1
|-boost|p1a: Gyarados|spe|1
|move|p2a: Gastrodon|Clear Smog|p1a: Gyarados
|-damage|p1a: Gyarados|296\/331
|-clearboost|p1a: Gyarados
|
|upkeep
|turn|5
|choice|*|*move 1
|choice|*move 1|*
|choice|move dragondance|move scald
|
|move|p1a: Gyarados|Dragon Dance|p1a: Gyarados
|-boost|p1a: Gyarados|atk|1
|-boost|p1a: Gyarados|spe|1
|move|p2a: Gastrodon|Scald|p1a: Gyarados
|-resisted|p1a: Gyarados
|-damage|p1a: Gyarados|248\/331
|-status|p1a: Gyarados|brn
|
|-damage|p1a: Gyarados|228\/331 brn|[from] brn
|upkeep
|turn|6
|choice|*|*move 3
|c|☆LuisGR|lmen
|c|☆T♥yuya|riko
|c|☆T♥yuya|:v
|choice|*switch 4|*
|choice|switch 4|move clearsmog
|
|switch|p1a: Zygarde|Zygarde|404\/404
|-ability|p1a: Zygarde|Aura Break
|move|p2a: Gastrodon|Clear Smog|p1a: Zygarde
|-resisted|p1a: Zygarde
|-damage|p1a: Zygarde|385\/404
|-clearboost|p1a: Zygarde
|
|upkeep
|turn|7
|choice|*move 4|*
|choice|*|*switch 3
|choice|move substitute|switch 3
|
|switch|p2a: Clefable|Clefable, F|394\/394
|move|p1a: Zygarde|Substitute|p1a: Zygarde
|-start|p1a: Zygarde|Substitute
|-damage|p1a: Zygarde|284\/404
|
|upkeep
|turn|8
|choice|*|*move 3
|choice|*move 1|*
|choice|move dragondance|move moonblast
|
|move|p1a: Zygarde|Dragon Dance|p1a: Zygarde
|-boost|p1a: Zygarde|atk|1
|-boost|p1a: Zygarde|spe|1
|move|p2a: Clefable|Moonblast|p1a: Zygarde
|-supereffective|p1a: Zygarde
|-end|p1a: Zygarde|Substitute
|
|upkeep
|turn|9
|choice|*switch 2|*
|choice|*switch 2|*
|choice|*|*move 3
|choice|switch 2|move moonblast
|
|switch|p1a: Excadrill|Excadrill, M|362\/362
|-ability|p1a: Excadrill|Mold Breaker
|move|p2a: Clefable|Moonblast|p1a: Excadrill
|-resisted|p1a: Excadrill
|-damage|p1a: Excadrill|291\/362
|-unboost|p1a: Excadrill|spa|1
|
|upkeep
|turn|10
|choice|*move 1|*
|choice|*|*switch 6
|choice|move stealthrock|switch 6
|
|switch|p2a: Tornadus|Tornadus-Therian, M|361\/361
|move|p1a: Excadrill|Stealth Rock|p2a: Tornadus
|-sidestart|p2: T♥yuya|move: Stealth Rock
|
|upkeep
|turn|11
|choice|*move 2|*
|choice|*|*move 4
|choice|move toxic|move defog
|
|move|p2a: Tornadus|Defog|p1a: Excadrill
|-unboost|p1a: Excadrill|evasion|1
|-sideend|p2: T♥yuya|Spikes|[from] move: Defog|[of] p2a: Tornadus
|-sideend|p2: T♥yuya|Stealth Rock|[from] move: Defog|[of] p2a: Tornadus
|move|p1a: Excadrill|Toxic|p2a: Tornadus
|-status|p2a: Tornadus|tox
|
|-damage|p2a: Tornadus|339\/361 tox|[from] psn
|upkeep
|turn|12
|choice|*move 1|*
|choice|*|*move 2
|choice|move stealthrock|move knockoff
|
|move|p2a: Tornadus|Knock Off|p1a: Excadrill
|-damage|p1a: Excadrill|185\/362
|-enditem|p1a: Excadrill|Focus Sash|[from] move: Knock Off|[of] p2a: Tornadus
|move|p1a: Excadrill|Stealth Rock|p2a: Tornadus
|-sidestart|p2: T♥yuya|move: Stealth Rock
|
|-damage|p2a: Tornadus|295\/361 tox|[from] psn
|upkeep
|turn|13
|choice|*move 1|*
|choice|*|*move 4
|choice|move stealthrock|move defog
|
|move|p2a: Tornadus|Defog|p1a: Excadrill
|-unboost|p1a: Excadrill|evasion|1
|-sideend|p2: T♥yuya|Stealth Rock|[from] move: Defog|[of] p2a: Tornadus
|move|p1a: Excadrill|Stealth Rock|p2a: Tornadus
|-sidestart|p2: T♥yuya|move: Stealth Rock
|
|-damage|p2a: Tornadus|229\/361 tox|[from] psn
|upkeep
|turn|14
|choice|*|*move 3
|choice|*move 1|*
|choice|move stealthrock|move uturn
|
|move|p2a: Tornadus|U-turn|p1a: Excadrill
|-resisted|p1a: Excadrill
|-damage|p1a: Excadrill|151\/362
|choice|*|*switch 4
|choice||switch 4
|
|switch|p2a: Kartana|Kartana|260\/260|[from]move: U-turn
|-damage|p2a: Kartana|244\/260|[from] Stealth Rock
|move|p1a: Excadrill|Stealth Rock|p2a: Kartana
|-fail|p1a: Excadrill
|
|upkeep
|turn|15
|choice|*switch 6|*
|choice|*|*move 1
|choice|switch 6|move leafblade
|
|switch|p1a: Magearna|Magearna|363\/363
|move|p2a: Kartana|Leaf Blade|p1a: Magearna
|-resisted|p1a: Magearna
|-damage|p1a: Magearna|270\/363
|
|-heal|p1a: Magearna|292\/363|[from] item: Leftovers
|upkeep
|turn|16
|choice|*switch 3|*
|choice|*|*switch 3
|choice|switch 3|switch 3
|
|switch|p2a: Gastrodon|Gastrodon-East, F|426\/426
|-damage|p2a: Gastrodon|400\/426|[from] Stealth Rock
|switch|p1a: Sharpedo|Sharpedo, M|281\/281
|
|-heal|p2a: Gastrodon|426\/426|[from] item: Leftovers
|upkeep
|turn|17
|choice|*move 1|*
|choice|*|*move 1
|choice|move protect|move scald
|
|move|p1a: Sharpedo|Protect|p1a: Sharpedo
|-singleturn|p1a: Sharpedo|Protect
|move|p2a: Gastrodon|Scald|p1a: Sharpedo
|-activate|p1a: Sharpedo|move: Protect
|
|-ability|p1a: Sharpedo|Speed Boost|boost
|-boost|p1a: Sharpedo|spe|1
|upkeep
|turn|18
|choice|*move 3|*
|choice|*|*switch 4
|choice|move crunch|switch 4
|
|switch|p2a: Tornadus|Tornadus-Therian, M|349\/361 tox
|-damage|p2a: Tornadus|259\/361 tox|[from] Stealth Rock
|move|p1a: Sharpedo|Crunch|p2a: Tornadus
|-crit|p2a: Tornadus
|-damage|p2a: Tornadus|30\/361 tox
|-damage|p1a: Sharpedo|235\/281|[from] item: Rocky Helmet|[of] p2a: Tornadus
|-unboost|p2a: Tornadus|def|1
|
|-damage|p2a: Tornadus|8\/361 tox|[from] psn
|-ability|p1a: Sharpedo|Speed Boost|boost
|-boost|p1a: Sharpedo|spe|1
|upkeep
|turn|19
|choice|*move 3|*
|choice|*|*move 3
|choice|move crunch|move uturn
|
|move|p1a: Sharpedo|Crunch|p2a: Tornadus
|-damage|p2a: Tornadus|0 fnt
|-damage|p1a: Sharpedo|189\/281|[from] item: Rocky Helmet|[of] p2a: Tornadus
|faint|p2a: Tornadus
|
|-ability|p1a: Sharpedo|Speed Boost|boost
|-boost|p1a: Sharpedo|spe|1
|upkeep
|choice|*|*switch 3
|choice||switch 3
|
|switch|p2a: Kartana|Kartana|244\/260
|-damage|p2a: Kartana|228\/260|[from] Stealth Rock
|turn|20
|choice|*move 1|*
|choice|*|*move 3
|choice|move protect|move sacredsword
|
|move|p1a: Sharpedo|Protect|p1a: Sharpedo
|-singleturn|p1a: Sharpedo|Protect
|move|p2a: Kartana|Sacred Sword|p1a: Sharpedo
|-activate|p1a: Sharpedo|move: Protect
|
|-ability|p1a: Sharpedo|Speed Boost|boost
|-boost|p1a: Sharpedo|spe|1
|upkeep
|turn|21
|choice|*|*move 3
|choice|*switch 4|*
|choice|switch 4|move sacredsword
|
|switch|p1a: Gyarados|Gyarados, M|228\/331 brn
|move|p2a: Kartana|Sacred Sword|p1a: Gyarados
|-resisted|p1a: Gyarados
|-damage|p1a: Gyarados|148\/331 brn
|
|-damage|p1a: Gyarados|128\/331 brn|[from] brn
|upkeep
|turn|22
|choice|*move 3 zmove|*
|choice|*|*switch 6
|choice|*move 3 zmove|*
|choice|move bounce zmove|switch 6
|
|switch|p2a: Clefable|Clefable, F|394\/394
|-zpower|p1a: Gyarados
|move|p1a: Gyarados|Supersonic Skystrike|p2a: Clefable|[zeffect]
|-damage|p2a: Clefable|277\/394
|
|-heal|p2a: Clefable|301\/394|[from] item: Leftovers
|-damage|p1a: Gyarados|108\/331 brn|[from] brn
|upkeep
|turn|23
|choice|*move 2|*
|choice|*|*move 1
|choice|move taunt|move stealthrock
|
|move|p1a: Gyarados|Taunt|p2a: Clefable
|-start|p2a: Clefable|move: Taunt
|cant|p2a: Clefable|move: Taunt|Stealth Rock
|
|-heal|p2a: Clefable|325\/394|[from] item: Leftovers
|-damage|p1a: Gyarados|88\/331 brn|[from] brn
|upkeep
|turn|24
|choice|*move 4|*
|choice|*|*move 3
|choice|move waterfall|move moonblast
|
|move|p1a: Gyarados|Waterfall|p2a: Clefable
|-damage|p2a: Clefable|265\/394
|move|p2a: Clefable|Moonblast|p1a: Gyarados
|-damage|p1a: Gyarados|0 fnt
|faint|p1a: Gyarados
|
|-heal|p2a: Clefable|289\/394|[from] item: Leftovers
|upkeep
|choice|*switch 3|*
|choice|switch 3|
|
|switch|p1a: Magearna|Magearna|292\/363
|turn|25
|choice|*move 2|*
|choice|*|*switch 4
|choice|move calmmind|switch 4
|
|switch|p2a: Gastrodon|Gastrodon-East, F|426\/426
|-damage|p2a: Gastrodon|400\/426|[from] Stealth Rock
|move|p1a: Magearna|Calm Mind|p1a: Magearna
|-boost|p1a: Magearna|spa|1
|-boost|p1a: Magearna|spd|1
|
|-heal|p1a: Magearna|314\/363|[from] item: Leftovers
|-heal|p2a: Gastrodon|426\/426|[from] item: Leftovers
|upkeep
|turn|26
|choice|*|*move 2
|choice|*switch 2|*
|choice|switch 2|move earthquake
|
|switch|p1a: Zygarde|Zygarde|284\/404
|-ability|p1a: Zygarde|Aura Break
|move|p2a: Gastrodon|Earthquake|p1a: Zygarde
|-damage|p1a: Zygarde|190\/404
|
|upkeep
|turn|27
|choice|*move 1|*
|choice|*|*switch 4
|choice|move dragondance|switch 4
|
|switch|p2a: Clefable|Clefable, F|289\/394
|move|p1a: Zygarde|Dragon Dance|p1a: Zygarde
|-boost|p1a: Zygarde|atk|1
|-boost|p1a: Zygarde|spe|1
|
|-heal|p2a: Clefable|313\/394|[from] item: Leftovers
|upkeep
|turn|28
|choice|*move 4|*
|choice|*|*move 3
|choice|move substitute|move moonblast
|
|move|p1a: Zygarde|Substitute|p1a: Zygarde
|-start|p1a: Zygarde|Substitute
|-damage|p1a: Zygarde|89\/404
|-enditem|p1a: Zygarde|Iapapa Berry|[eat]
|-heal|p1a: Zygarde|291\/404|[from] item: Iapapa Berry
|move|p2a: Clefable|Moonblast|p1a: Zygarde
|-supereffective|p1a: Zygarde
|-end|p1a: Zygarde|Substitute
|
|-heal|p2a: Clefable|337\/394|[from] item: Leftovers
|upkeep
|turn|29
|choice|*move 2|*
|choice|*|*move 3
|choice|move thousandarrows|move moonblast
|
|move|p1a: Zygarde|Thousand Arrows|p2a: Clefable
|-damage|p2a: Clefable|159\/394
|move|p2a: Clefable|Moonblast|p1a: Zygarde
|-supereffective|p1a: Zygarde
|-damage|p1a: Zygarde|75\/404
|
|-heal|p2a: Clefable|183\/394|[from] item: Leftovers
|upkeep
|turn|30
|choice|*move 2|*
|choice|*|*move 4
|choice|move thousandarrows|move softboiled
|
|move|p1a: Zygarde|Thousand Arrows|p2a: Clefable
|-damage|p2a: Clefable|0 fnt
|faint|p2a: Clefable
|
|upkeep
|choice|*|*switch 6
|choice||switch 6
|
|switch|p2a: Kartana|Kartana|228\/260
|-damage|p2a: Kartana|212\/260|[from] Stealth Rock
|turn|31
|choice|*|*move 3
|choice|*switch 2|*
|choice|switch 2|move sacredsword
|
|switch|p1a: Magearna|Magearna|314\/363
|move|p2a: Kartana|Sacred Sword|p1a: Magearna
|-damage|p1a: Magearna|191\/363
|
|-heal|p1a: Magearna|213\/363|[from] item: Leftovers
|upkeep
|turn|32
|choice|*|*switch 4
|choice|*switch 2|*
|choice|switch 2|switch 4
|
|switch|p2a: Gastrodon|Gastrodon-East, F|426\/426
|-damage|p2a: Gastrodon|400\/426|[from] Stealth Rock
|switch|p1a: Zygarde|Zygarde|75\/404
|-ability|p1a: Zygarde|Aura Break
|
|-heal|p2a: Gastrodon|426\/426|[from] item: Leftovers
|upkeep
|turn|33
|choice|*move 2|*
|choice|*|*switch 2
|choice|move thousandarrows|switch 2
|
|switch|p2a: Alakazam|Alakazam, M|251\/251
|move|p1a: Zygarde|Thousand Arrows|p2a: Alakazam
|-damage|p2a: Alakazam|0 fnt
|faint|p2a: Alakazam
|
|upkeep
|choice|*|*switch 4
|choice||switch 4
|
|switch|p2a: Kartana|Kartana|212\/260
|-damage|p2a: Kartana|196\/260|[from] Stealth Rock
|turn|34
|choice|*switch 6|*
|choice|*|*move 3
|choice|switch 6|move sacredsword
|
|switch|p1a: Excadrill|Excadrill, M|151\/362
|-ability|p1a: Excadrill|Mold Breaker
|move|p2a: Kartana|Sacred Sword|p1a: Excadrill
|-supereffective|p1a: Excadrill
|-damage|p1a: Excadrill|0 fnt
|faint|p1a: Excadrill
|-ability|p2a: Kartana|Beast Boost|boost
|-boost|p2a: Kartana|atk|1
|
|upkeep
|choice|*switch 2|*
|choice|switch 2|
|
|switch|p1a: Magearna|Magearna|213\/363
|turn|35
|choice|*|*switch 2
|choice|*move 3|*
|choice|move thunderbolt|switch 2
|
|switch|p2a: Gastrodon|Gastrodon-East, F|426\/426
|-damage|p2a: Gastrodon|400\/426|[from] Stealth Rock
|move|p1a: Magearna|Thunderbolt|p2a: Gastrodon
|-immune|p2a: Gastrodon|[msg]
|
|-heal|p1a: Magearna|235\/363|[from] item: Leftovers
|-heal|p2a: Gastrodon|426\/426|[from] item: Leftovers
|upkeep
|turn|36
|choice|*switch 6|*
|choice|*|*move 2
|choice|switch 6|move earthquake
|
|switch|p1a: Zygarde|Zygarde|75\/404
|-ability|p1a: Zygarde|Aura Break
|move|p2a: Gastrodon|Earthquake|p1a: Zygarde
|-damage|p1a: Zygarde|0 fnt
|faint|p1a: Zygarde
|
|upkeep
|choice|*switch 4|*
|choice|switch 4|
|
|switch|p1a: Sharpedo|Sharpedo, M|189\/281
|turn|37
|choice|*move 3|*
|choice|*|*switch 5
|choice|move crunch|switch 5
|
|switch|p2a: Magnezone|Magnezone|283\/283
|-damage|p2a: Magnezone|266\/283|[from] Stealth Rock
|move|p1a: Sharpedo|Crunch|p2a: Magnezone
|-damage|p2a: Magnezone|130\/283
|
|-ability|p1a: Sharpedo|Speed Boost|boost
|-boost|p1a: Sharpedo|spe|1
|upkeep
|turn|38
|choice|*move 1|*
|choice|*|*move 2 zmove
|choice|move protect|move thunderbolt zmove
|
|move|p1a: Sharpedo|Protect|p1a: Sharpedo
|-singleturn|p1a: Sharpedo|Protect
|-zpower|p2a: Magnezone
|move|p2a: Magnezone|Gigavolt Havoc|p1a: Sharpedo|[zeffect]
|-supereffective|p1a: Sharpedo
|-zbroken|p1a: Sharpedo
|-damage|p1a: Sharpedo|0 fnt
|faint|p1a: Sharpedo
|
|upkeep
|c|☆LuisGR|baiaaaa
|-message|LuisGR se rindió.
|
|win|T♥yuya
</script>
</div>
<div class="battle-log battle-log-inline"><div class="inner"><div class="battle-options"></div><div class="inner"><div class=""><small>Format:</small> <br><strong>OU</strong></div><div class=""><small><em>Cláusula-Mod de Dormir:</em> solo puedes dormir a uno de tus oponentes a la vez.</small></div><div class=""><small><em>Cláusula de Especie:</em> Hasta un Pokémon de cada especie</small></div><div class=""><small><em>Cláusula de Golpe Fulminante:</em> los movimientos fulminantes (OHKO) estan prohibidos</small></div><div class=""><small><em>Cláusula de Veleta:</em> la habilidad Veleta está prohibida</small></div><div class=""><small><em>Cláusula de Movimientos Evasivos:</em> los movimientos de Evasión están prohibidos.</small></div><div class=""><small><em>Cláusula de Batallas Eternas:</em> forzar batallas eternas está prohibido</small></div><div class="chat battle-history"><strong>LuisGR's team:</strong> <em style="color:#445566;display:block;">Greninja / Excadrill / Sharpedo / Zygarde / Gyarados / Magearna</em></div><div class="chat battle-history"><strong>T♥yuya's team:</strong> <em style="color:#445566;display:block;">Alakazam / Kartana / Clefable / Gastrodon-East / Magnezone / Tornadus-Therian</em></div><div class="spacer battle-history"><br></div><div class="battle-history">Battle started between LuisGR and T♥yuya!<br></div><div class="spacer battle-history"><br></div><div class="battle-history">Go! <strong>Greninja</strong>!<br></div><div class="spacer battle-history"><br></div><div class="battle-history">T♥yuya sent out <strong>Kartana</strong>!<br></div><div class="spacer battle-history"><br></div><h2 class="battle-history">Turn 1</h2><div class="spacer battle-history"><br></div><div class="battle-history">T♥yuya withdrew Kartana!<br></div><div class="battle-history">T♥yuya sent out Gastrodon (<strong>Gastrodon-East</strong>)!<br></div><div class="spacer battle-history"><br></div><div class="battle-history">Greninja used <strong>Hidden Power</strong>!<br></div><div class="spacer battle-history"><br></div><div class="battle-history"><small>[Greninja's Protean]</small><br><small>Greninja transformed into the Fire type!</small><br></div><div class="battle-history"><small>It's not very effective...</small><br></div><div class="battle-history"><small>(The opposing Gastrodon lost <abbr title="−36/426">8.5%</abbr> of its health!)</small><br></div><div class="spacer battle-history"><br></div><div class="battle-history"><small>The opposing Gastrodon restored a little HP using its Leftovers!</small><br></div><div class="spacer battle-history"><br></div><h2 class="battle-history">Turn 2</h2><div class="spacer battle-history"><br></div><div class="battle-history">Greninja used <strong>Spikes</strong>!<br></div><div class="spacer battle-history"><br></div><div class="battle-history"><small>[Greninja's Protean]</small><br><small>Greninja transformed into the Ground type!</small><br></div><div class="battle-history"><small>Spikes were scattered on the ground all around the opposing team!</small><br></div><div class="spacer battle-history"><br></div><div class="battle-history">The opposing Gastrodon used <strong>Scald</strong>!<br></div><div class="battle-history"><small>It's super effective!</small><br></div><div class="battle-history"><small>(Greninja lost <abbr title="−218/285">76.5%</abbr> of its health!)</small><br></div><div class="spacer battle-history"><br></div><div class="battle-history"><small>The opposing Gastrodon restored a little HP using its Leftovers!</small><br></div><div class="spacer battle-history"><br></div><h2 class="battle-history">Turn 3</h2><div class="spacer battle-history"><br></div><div class="battle-history">Greninja used <strong>Spikes</strong>!<br></div><div class="battle-history"><small>Spikes were scattered on the ground all around the opposing team!</small><br></div><div class="spacer battle-history"><br></div><div class="battle-history">The opposing Gastrodon used <strong>Scald</strong>!<br></div><div class="battle-history"><small>It's super effective!</small><br></div><div class="battle-history"><small>(Greninja lost <abbr title="−67/285">23.5%</abbr> of its health!)</small><br></div><div class="spacer battle-history"><br></div><div class="battle-history">Greninja fainted!<br></div><div class="spacer battle-history"><br></div><div class="battle-history">Go! <strong>Gyarados</strong>!<br></div><div class="spacer battle-history"><br></div><h2 class="battle-history">Turn 4</h2><div class="spacer battle-history"><br></div><div class="battle-history">Gyarados used <strong>Dragon Dance</strong>!<br></div><div class="battle-history"><small>Gyarados's Attack rose!</small><br></div><div class="battle-history"><small>Gyarados's Speed rose!</small><br></div><div class="spacer battle-history"><br></div><div class="battle-history">The opposing Gastrodon used <strong>Clear Smog</strong>!<br></div><div class="battle-history"><small>(Gyarados lost <abbr title="−35/331">10.6%</abbr> of its health!)</small><br></div><div class="battle-history"><small>Gyarados's stat changes were removed!</small><br></div><div class="spacer battle-history"><br></div><h2 class="battle-history">Turn 5</h2><div class="spacer battle-history"><br></div><div class="battle-history">Gyarados used <strong>Dragon Dance</strong>!<br></div><div class="battle-history"><small>Gyarados's Attack rose!</small><br></div><div class="battle-history"><small>Gyarados's Speed rose!</small><br></div><div class="spacer battle-history"><br></div><div class="battle-history">The opposing Gastrodon used <strong>Scald</strong>!<br></div><div class="battle-history"><small>It's not very effective...</small><br></div><div class="battle-history"><small>(Gyarados lost <abbr title="−48/331">14.5%</abbr> of its health!)</small><br></div><div class="battle-history"><small>Gyarados was burned!</small><br></div><div class="spacer battle-history"><br></div><div class="battle-history"><small>Gyarados was hurt by its burn!</small><br></div><div class="spacer battle-history"><br></div><h2 class="battle-history">Turn 6</h2><div class="chat chatmessage-luisgr"><strong style="color:hsl(74,49%,36%)"><small>☆</small><span class="username" data-name="LuisGR">LuisGR</span>:</strong> <em>lmen</em></div><div class="chat chatmessage-tyuya"><strong style="color:hsl(108,60%,37%)"><small>☆</small><span class="username" data-name="T♥yuya">T♥yuya</span>:</strong> <em>riko</em></div><div class="chat chatmessage-tyuya"><strong style="color:hsl(108,60%,37%)"><small>☆</small><span class="username" data-name="T♥yuya">T♥yuya</span>:</strong> <em>:v</em></div><div class="spacer battle-history"><br></div><div class="battle-history">Gyarados, come back!<br></div><div class="battle-history">Go! <strong>Zygarde</strong>!<br></div><div class="battle-history"><small>[Zygarde's Aura Break]</small><br><small>Zygarde reversed all other Pokémon's auras!</small><br></div><div class="spacer battle-history"><br></div><div class="battle-history">The opposing Gastrodon used <strong>Clear Smog</strong>!<br></div><div class="battle-history"><small>It's not very effective...</small><br></div><div class="battle-history"><small>(Zygarde lost <abbr title="−19/404">4.7%</abbr> of its health!)</small><br></div><div class="battle-history"><small>Zygarde's stat changes were removed!</small><br></div><div class="spacer battle-history"><br></div><h2 class="battle-history">Turn 7</h2><div class="spacer battle-history"><br></div><div class="battle-history">T♥yuya withdrew Gastrodon!<br></div><div class="battle-history">T♥yuya sent out <strong>Clefable</strong>!<br></div><div class="spacer battle-history"><br></div><div class="battle-history">Zygarde used <strong>Substitute</strong>!<br></div><div class="battle-history"><small>Zygarde put in a substitute!</small><br></div><div class="battle-history"><small>(Zygarde lost <abbr title="−101/404">25%</abbr> of its health!)</small><br></div><div class="spacer battle-history"><br></div><h2 class="battle-history">Turn 8</h2><div class="spacer battle-history"><br></div><div class="battle-history">Zygarde used <strong>Dragon Dance</strong>!<br></div><div class="battle-history"><small>Zygarde's Attack rose!</small><br></div><div class="battle-history"><small>Zygarde's Speed rose!</small><br></div><div class="spacer battle-history"><br></div><div class="battle-history">The opposing Clefable used <strong>Moonblast</strong>!<br></div><div class="battle-history"><small>It's super effective!</small><br></div><div class="battle-history"><small>Zygarde's substitute faded!</small><br></div><div class="spacer battle-history"><br></div><h2 class="battle-history">Turn 9</h2><div class="spacer battle-history"><br></div><div class="battle-history">Zygarde, come back!<br></div><div class="battle-history">Go! <strong>Excadrill</strong>!<br></div><div class="battle-history"><small>[Excadrill's Mold Breaker]</small><br><small>Excadrill breaks the mold!</small><br></div><div class="spacer battle-history"><br></div><div class="battle-history">The opposing Clefable used <strong>Moonblast</strong>!<br></div><div class="battle-history"><small>It's not very effective...</small><br></div><div class="battle-history"><small>(Excadrill lost <abbr title="−71/362">19.6%</abbr> of its health!)</small><br></div><div class="battle-history"><small>Excadrill's Special Attack fell!</small><br></div><div class="spacer battle-history"><br></div><h2 class="battle-history">Turn 10</h2><div class="spacer battle-history"><br></div><div class="battle-history">T♥yuya withdrew Clefable!<br></div><div class="battle-history">T♥yuya sent out Tornadus (<strong>Tornadus-Therian</strong>)!<br></div><div class="spacer battle-history"><br></div><div class="battle-history">Excadrill used <strong>Stealth Rock</strong>!<br></div><div class="battle-history"><small>Pointed stones float in the air around the opposing team!</small><br></div><div class="spacer battle-history"><br></div><h2 class="battle-history">Turn 11</h2><div class="spacer battle-history"><br></div><div class="battle-history">The opposing Tornadus used <strong>Defog</strong>!<br></div><div class="battle-history"><small>Excadrill's evasiveness fell!</small><br></div><div class="battle-history"><small>The spikes disappeared from the ground around the opposing team!</small><br></div><div class="battle-history"><small>The pointed stones disappeared from around the opposing team!</small><br></div><div class="spacer battle-history"><br></div><div class="battle-history">Excadrill used <strong>Toxic</strong>!<br></div><div class="battle-history"><small>The opposing Tornadus was badly poisoned!</small><br></div><div class="spacer battle-history"><br></div><div class="battle-history"><small>The opposing Tornadus was hurt by poison!</small><br></div><div class="spacer battle-history"><br></div><h2 class="battle-history">Turn 12</h2><div class="spacer battle-history"><br></div><div class="battle-history">The opposing Tornadus used <strong>Knock Off</strong>!<br></div><div class="battle-history"><small>(Excadrill lost <abbr title="−106/362">29.3%</abbr> of its health!)</small><br></div><div class="battle-history"><small>The opposing Tornadus knocked off Excadrill's Focus Sash!</small><br></div><div class="spacer battle-history"><br></div><div class="battle-history">Excadrill used <strong>Stealth Rock</strong>!<br></div><div class="battle-history"><small>Pointed stones float in the air around the opposing team!</small><br></div><div class="spacer battle-history"><br></div><div class="battle-history"><small>The opposing Tornadus was hurt by poison!</small><br></div><div class="spacer battle-history"><br></div><h2 class="battle-history">Turn 13</h2><div class="spacer battle-history"><br></div><div class="battle-history">The opposing Tornadus used <strong>Defog</strong>!<br></div><div class="battle-history"><small>Excadrill's evasiveness fell!</small><br></div><div class="battle-history"><small>The pointed stones disappeared from around the opposing team!</small><br></div><div class="spacer battle-history"><br></div><div class="battle-history">Excadrill used <strong>Stealth Rock</strong>!<br></div><div class="battle-history"><small>Pointed stones float in the air around the opposing team!</small><br></div><div class="spacer battle-history"><br></div><div class="battle-history"><small>The opposing Tornadus was hurt by poison!</small><br></div><div class="spacer battle-history"><br></div><h2 class="battle-history">Turn 14</h2><div class="spacer battle-history"><br></div><div class="battle-history">The opposing Tornadus used <strong>U-turn</strong>!<br></div><div class="battle-history"><small>It's not very effective...</small><br></div><div class="battle-history"><small>(Excadrill lost <abbr title="−34/362">9.4%</abbr> of its health!)</small><br></div><div class="spacer battle-history"><br></div><div class="battle-history">The opposing Tornadus went back to T♥yuya!<br></div><div class="battle-history">T♥yuya sent out <strong>Kartana</strong>!<br></div><div class="battle-history"><small>Pointed stones dug into the opposing Kartana!</small><br></div><div class="spacer battle-history"><br></div><div class="battle-history">Excadrill used <strong>Stealth Rock</strong>!<br></div><div class="battle-history"><small>But it failed!</small><br></div><div class="spacer battle-history"><br></div><h2 class="battle-history">Turn 15</h2><div class="spacer battle-history"><br></div><div class="battle-history">Excadrill, come back!<br></div><div class="battle-history">Go! <strong>Magearna</strong>!<br></div><div class="spacer battle-history"><br></div><div class="battle-history">The opposing Kartana used <strong>Leaf Blade</strong>!<br></div><div class="battle-history"><small>It's not very effective...</small><br></div><div class="battle-history"><small>(Magearna lost <abbr title="−93/363">25.6%</abbr> of its health!)</small><br></div><div class="spacer battle-history"><br></div><div class="battle-history"><small>Magearna restored a little HP using its Leftovers!</small><br></div><div class="spacer battle-history"><br></div><h2 class="battle-history">Turn 16</h2><div class="spacer battle-history"><br></div><div class="battle-history">T♥yuya withdrew Kartana!<br></div><div class="battle-history">T♥yuya sent out Gastrodon (<strong>Gastrodon-East</strong>)!<br></div><div class="battle-history"><small>Pointed stones dug into the opposing Gastrodon!</small><br></div><div class="spacer battle-history"><br></div><div class="battle-history">Magearna, come back!<br></div><div class="battle-history">Go! <strong>Sharpedo</strong>!<br></div><div class="spacer battle-history"><br></div><div class="battle-history"><small>The opposing Gastrodon restored a little HP using its Leftovers!</small><br></div><div class="spacer battle-history"><br></div><h2 class="battle-history">Turn 17</h2><div class="spacer battle-history"><br></div><div class="battle-history">Sharpedo used <strong>Protect</strong>!<br></div><div class="battle-history"><small>Sharpedo protected itself!</small><br></div><div class="spacer battle-history"><br></div><div class="battle-history">The opposing Gastrodon used <strong>Scald</strong>!<br></div><div class="battle-history"><small>Sharpedo protected itself!</small><br></div><div class="spacer battle-history"><br></div><div class="battle-history"><small>[Sharpedo's Speed Boost]</small><br></div><div class="battle-history"><small>Sharpedo's Speed rose!</small><br></div><div class="spacer battle-history"><br></div><h2 class="battle-history">Turn 18</h2><div class="spacer battle-history"><br></div><div class="battle-history">T♥yuya withdrew Gastrodon!<br></div><div class="battle-history">T♥yuya sent out Tornadus (<strong>Tornadus-Therian</strong>)!<br></div><div class="battle-history"><small>Pointed stones dug into the opposing Tornadus!</small><br></div><div class="spacer battle-history"><br></div><div class="battle-history">Sharpedo used <strong>Crunch</strong>!<br></div><div class="battle-history"><small>A critical hit!</small><br></div><div class="battle-history"><small>(The opposing Tornadus lost <abbr title="−229/361">63.4%</abbr> of its health!)</small><br></div><div class="battle-history"><small>Sharpedo was hurt by the Rocky Helmet!</small><br></div><div class="battle-history"><small>The opposing Tornadus's Defense fell!</small><br></div><div class="spacer battle-history"><br></div><div class="battle-history"><small>The opposing Tornadus was hurt by poison!</small><br></div><div class="battle-history"><small>[Sharpedo's Speed Boost]</small><br></div><div class="battle-history"><small>Sharpedo's Speed rose!</small><br></div><div class="spacer battle-history"><br></div><h2 class="battle-history">Turn 19</h2><div class="spacer battle-history"><br></div><div class="battle-history">Sharpedo used <strong>Crunch</strong>!<br></div><div class="battle-history"><small>(The opposing Tornadus lost <abbr title="−8/361">2.2%</abbr> of its health!)</small><br></div><div class="battle-history"><small>Sharpedo was hurt by the Rocky Helmet!</small><br></div><div class="spacer battle-history"><br></div><div class="battle-history">The opposing Tornadus fainted!<br></div><div class="spacer battle-history"><br></div><div class="battle-history"><small>[Sharpedo's Speed Boost]</small><br></div><div class="battle-history"><small>Sharpedo's Speed rose!</small><br></div><div class="spacer battle-history"><br></div><div class="battle-history">T♥yuya sent out <strong>Kartana</strong>!<br></div><div class="battle-history"><small>Pointed stones dug into the opposing Kartana!</small><br></div><div class="spacer battle-history"><br></div><h2 class="battle-history">Turn 20</h2><div class="spacer battle-history"><br></div><div class="battle-history">Sharpedo used <strong>Protect</strong>!<br></div><div class="battle-history"><small>Sharpedo protected itself!</small><br></div><div class="spacer battle-history"><br></div><div class="battle-history">The opposing Kartana used <strong>Sacred Sword</strong>!<br></div><div class="battle-history"><small>Sharpedo protected itself!</small><br></div><div class="spacer battle-history"><br></div><div class="battle-history"><small>[Sharpedo's Speed Boost]</small><br></div><div class="battle-history"><small>Sharpedo's Speed rose!</small><br></div><div class="spacer battle-history"><br></div><h2 class="battle-history">Turn 21</h2><div class="spacer battle-history"><br></div><div class="battle-history">Sharpedo, come back!<br></div><div class="battle-history">Go! <strong>Gyarados</strong>!<br></div><div class="spacer battle-history"><br></div><div class="battle-history">The opposing Kartana used <strong>Sacred Sword</strong>!<br></div><div class="battle-history"><small>It's not very effective...</small><br></div><div class="battle-history"><small>(Gyarados lost <abbr title="−80/331">24.2%</abbr> of its health!)</small><br></div><div class="spacer battle-history"><br></div><div class="battle-history"><small>Gyarados was hurt by its burn!</small><br></div><div class="spacer battle-history"><br></div><h2 class="battle-history">Turn 22</h2><div class="spacer battle-history"><br></div><div class="battle-history">T♥yuya withdrew Kartana!<br></div><div class="battle-history">T♥yuya sent out <strong>Clefable</strong>!<br></div><div class="battle-history"><small>Gyarados surrounded itself with its Z-Power!</small><br></div><div class="spacer battle-history"><br></div><div class="battle-history">Gyarados used <strong>Supersonic Skystrike</strong>!<br></div><div class="battle-history"><small>(The opposing Clefable lost <abbr title="−117/394">29.7%</abbr> of its health!)</small><br></div><div class="spacer battle-history"><br></div><div class="battle-history"><small>The opposing Clefable restored a little HP using its Leftovers!</small><br></div><div class="battle-history"><small>Gyarados was hurt by its burn!</small><br></div><div class="spacer battle-history"><br></div><h2 class="battle-history">Turn 23</h2><div class="spacer battle-history"><br></div><div class="battle-history">Gyarados used <strong>Taunt</strong>!<br></div><div class="battle-history"><small>The opposing Clefable fell for the taunt!</small><br></div><div class="spacer battle-history"><br></div><div class="battle-history">The opposing Clefable can't use Stealth Rock after the taunt!<br></div><div class="spacer battle-history"><br></div><div class="battle-history"><small>The opposing Clefable restored a little HP using its Leftovers!</small><br></div><div class="battle-history"><small>Gyarados was hurt by its burn!</small><br></div><div class="spacer battle-history"><br></div><h2 class="battle-history">Turn 24</h2><div class="spacer battle-history"><br></div><div class="battle-history">Gyarados used <strong>Waterfall</strong>!<br></div><div class="battle-history"><small>(The opposing Clefable lost <abbr title="−60/394">15.2%</abbr> of its health!)</small><br></div><div class="spacer battle-history"><br></div><div class="battle-history">The opposing Clefable used <strong>Moonblast</strong>!<br></div><div class="battle-history"><small>(Gyarados lost <abbr title="−88/331">26.6%</abbr> of its health!)</small><br></div><div class="spacer battle-history"><br></div><div class="battle-history">Gyarados fainted!<br></div><div class="spacer battle-history"><br></div><div class="battle-history"><small>The opposing Clefable restored a little HP using its Leftovers!</small><br></div><div class="spacer battle-history"><br></div><div class="battle-history">Go! <strong>Magearna</strong>!<br></div><div class="spacer battle-history"><br></div><h2 class="battle-history">Turn 25</h2><div class="spacer battle-history"><br></div><div class="battle-history">T♥yuya withdrew Clefable!<br></div><div class="battle-history">T♥yuya sent out Gastrodon (<strong>Gastrodon-East</strong>)!<br></div><div class="battle-history"><small>Pointed stones dug into the opposing Gastrodon!</small><br></div><div class="spacer battle-history"><br></div><div class="battle-history">Magearna used <strong>Calm Mind</strong>!<br></div><div class="battle-history"><small>Magearna's Special Attack rose!</small><br></div><div class="battle-history"><small>Magearna's Special Defense rose!</small><br></div><div class="spacer battle-history"><br></div><div class="battle-history"><small>Magearna restored a little HP using its Leftovers!</small><br></div><div class="battle-history"><small>The opposing Gastrodon restored a little HP using its Leftovers!</small><br></div><div class="spacer battle-history"><br></div><h2 class="battle-history">Turn 26</h2><div class="spacer battle-history"><br></div><div class="battle-history">Magearna, come back!<br></div><div class="battle-history">Go! <strong>Zygarde</strong>!<br></div><div class="battle-history"><small>[Zygarde's Aura Break]</small><br><small>Zygarde reversed all other Pokémon's auras!</small><br></div><div class="spacer battle-history"><br></div><div class="battle-history">The opposing Gastrodon used <strong>Earthquake</strong>!<br></div><div class="battle-history"><small>(Zygarde lost <abbr title="−94/404">23.3%</abbr> of its health!)</small><br></div><div class="spacer battle-history"><br></div><h2 class="battle-history">Turn 27</h2><div class="spacer battle-history"><br></div><div class="battle-history">T♥yuya withdrew Gastrodon!<br></div><div class="battle-history">T♥yuya sent out <strong>Clefable</strong>!<br></div><div class="spacer battle-history"><br></div><div class="battle-history">Zygarde used <strong>Dragon Dance</strong>!<br></div><div class="battle-history"><small>Zygarde's Attack rose!</small><br></div><div class="battle-history"><small>Zygarde's Speed rose!</small><br></div><div class="spacer battle-history"><br></div><div class="battle-history"><small>The opposing Clefable restored a little HP using its Leftovers!</small><br></div><div class="spacer battle-history"><br></div><h2 class="battle-history">Turn 28</h2><div class="spacer battle-history"><br></div><div class="battle-history">Zygarde used <strong>Substitute</strong>!<br></div><div class="battle-history"><small>Zygarde put in a substitute!</small><br></div><div class="battle-history"><small>(Zygarde lost <abbr title="−101/404">25%</abbr> of its health!)</small><br></div><div class="battle-history"><small>Zygarde ate its Iapapa Berry!</small><br></div><div class="battle-history"><small>Zygarde restored HP using its Iapapa Berry!</small><br></div><div class="spacer battle-history"><br></div><div class="battle-history">The opposing Clefable used <strong>Moonblast</strong>!<br></div><div class="battle-history"><small>It's super effective!</small><br></div><div class="battle-history"><small>Zygarde's substitute faded!</small><br></div><div class="spacer battle-history"><br></div><div class="battle-history"><small>The opposing Clefable restored a little HP using its Leftovers!</small><br></div><div class="spacer battle-history"><br></div><h2 class="battle-history">Turn 29</h2><div class="spacer battle-history"><br></div><div class="battle-history">Zygarde used <strong>Thousand Arrows</strong>!<br></div><div class="battle-history"><small>(The opposing Clefable lost <abbr title="−178/394">45.2%</abbr> of its health!)</small><br></div><div class="spacer battle-history"><br></div><div class="battle-history">The opposing Clefable used <strong>Moonblast</strong>!<br></div><div class="battle-history"><small>It's super effective!</small><br></div><div class="battle-history"><small>(Zygarde lost <abbr title="−216/404">53.5%</abbr> of its health!)</small><br></div><div class="spacer battle-history"><br></div><div class="battle-history"><small>The opposing Clefable restored a little HP using its Leftovers!</small><br></div><div class="spacer battle-history"><br></div><h2 class="battle-history">Turn 30</h2><div class="spacer battle-history"><br></div><div class="battle-history">Zygarde used <strong>Thousand Arrows</strong>!<br></div><div class="battle-history"><small>(The opposing Clefable lost <abbr title="−183/394">46.4%</abbr> of its health!)</small><br></div><div class="spacer battle-history"><br></div><div class="battle-history">The opposing Clefable fainted!<br></div><div class="spacer battle-history"><br></div><div class="battle-history">T♥yuya sent out <strong>Kartana</strong>!<br></div><div class="battle-history"><small>Pointed stones dug into the opposing Kartana!</small><br></div><div class="spacer battle-history"><br></div><h2 class="battle-history">Turn 31</h2><div class="spacer battle-history"><br></div><div class="battle-history">Zygarde, come back!<br></div><div class="battle-history">Go! <strong>Magearna</strong>!<br></div><div class="spacer battle-history"><br></div><div class="battle-history">The opposing Kartana used <strong>Sacred Sword</strong>!<br></div><div class="battle-history"><small>(Magearna lost <abbr title="−123/363">33.9%</abbr> of its health!)</small><br></div><div class="spacer battle-history"><br></div><div class="battle-history"><small>Magearna restored a little HP using its Leftovers!</small><br></div><div class="spacer battle-history"><br></div><h2 class="battle-history">Turn 32</h2><div class="spacer battle-history"><br></div><div class="battle-history">T♥yuya withdrew Kartana!<br></div><div class="battle-history">T♥yuya sent out Gastrodon (<strong>Gastrodon-East</strong>)!<br></div><div class="battle-history"><small>Pointed stones dug into the opposing Gastrodon!</small><br></div><div class="spacer battle-history"><br></div><div class="battle-history">Magearna, come back!<br></div><div class="battle-history">Go! <strong>Zygarde</strong>!<br></div><div class="battle-history"><small>[Zygarde's Aura Break]</small><br><small>Zygarde reversed all other Pokémon's auras!</small><br></div><div class="spacer battle-history"><br></div><div class="battle-history"><small>The opposing Gastrodon restored a little HP using its Leftovers!</small><br></div><div class="spacer battle-history"><br></div><h2 class="battle-history">Turn 33</h2><div class="spacer battle-history"><br></div><div class="battle-history">T♥yuya withdrew Gastrodon!<br></div><div class="battle-history">T♥yuya sent out <strong>Alakazam</strong>!<br></div><div class="spacer battle-history"><br></div><div class="battle-history">Zygarde used <strong>Thousand Arrows</strong>!<br></div><div class="battle-history"><small>(The opposing Alakazam lost <abbr title="−251/251">100%</abbr> of its health!)</small><br></div><div class="spacer battle-history"><br></div><div class="battle-history">The opposing Alakazam fainted!<br></div><div class="spacer battle-history"><br></div><div class="battle-history">T♥yuya sent out <strong>Kartana</strong>!<br></div><div class="battle-history"><small>Pointed stones dug into the opposing Kartana!</small><br></div><div class="spacer battle-history"><br></div><h2 class="battle-history">Turn 34</h2><div class="spacer battle-history"><br></div><div class="battle-history">Zygarde, come back!<br></div><div class="battle-history">Go! <strong>Excadrill</strong>!<br></div><div class="battle-history"><small>[Excadrill's Mold Breaker]</small><br><small>Excadrill breaks the mold!</small><br></div><div class="spacer battle-history"><br></div><div class="battle-history">The opposing Kartana used <strong>Sacred Sword</strong>!<br></div><div class="battle-history"><small>It's super effective!</small><br></div><div class="battle-history"><small>(Excadrill lost <abbr title="−151/362">41.7%</abbr> of its health!)</small><br></div><div class="spacer battle-history"><br></div><div class="battle-history">Excadrill fainted!<br></div><div class="battle-history"><small>[The opposing Kartana's Beast Boost]</small><br></div><div class="battle-history"><small>The opposing Kartana's Attack rose!</small><br></div><div class="spacer battle-history"><br></div><div class="battle-history">Go! <strong>Magearna</strong>!<br></div><div class="spacer battle-history"><br></div><h2 class="battle-history">Turn 35</h2><div class="spacer battle-history"><br></div><div class="battle-history">T♥yuya withdrew Kartana!<br></div><div class="battle-history">T♥yuya sent out Gastrodon (<strong>Gastrodon-East</strong>)!<br></div><div class="battle-history"><small>Pointed stones dug into the opposing Gastrodon!</small><br></div><div class="spacer battle-history"><br></div><div class="battle-history">Magearna used <strong>Thunderbolt</strong>!<br></div><div class="battle-history"><small>It doesn't affect the opposing Gastrodon...</small><br></div><div class="spacer battle-history"><br></div><div class="battle-history"><small>Magearna restored a little HP using its Leftovers!</small><br></div><div class="battle-history"><small>The opposing Gastrodon restored a little HP using its Leftovers!</small><br></div><div class="spacer battle-history"><br></div><h2 class="battle-history">Turn 36</h2><div class="spacer battle-history"><br></div><div class="battle-history">Magearna, come back!<br></div><div class="battle-history">Go! <strong>Zygarde</strong>!<br></div><div class="battle-history"><small>[Zygarde's Aura Break]</small><br><small>Zygarde reversed all other Pokémon's auras!</small><br></div><div class="spacer battle-history"><br></div><div class="battle-history">The opposing Gastrodon used <strong>Earthquake</strong>!<br></div><div class="battle-history"><small>(Zygarde lost <abbr title="−75/404">18.6%</abbr> of its health!)</small><br></div><div class="spacer battle-history"><br></div><div class="battle-history">Zygarde fainted!<br></div><div class="spacer battle-history"><br></div><div class="battle-history">Go! <strong>Sharpedo</strong>!<br></div><div class="spacer battle-history"><br></div><h2 class="battle-history">Turn 37</h2><div class="spacer battle-history"><br></div><div class="battle-history">T♥yuya withdrew Gastrodon!<br></div><div class="battle-history">T♥yuya sent out <strong>Magnezone</strong>!<br></div><div class="battle-history"><small>Pointed stones dug into the opposing Magnezone!</small><br></div><div class="spacer battle-history"><br></div><div class="battle-history">Sharpedo used <strong>Crunch</strong>!<br></div><div class="battle-history"><small>(The opposing Magnezone lost <abbr title="−136/283">48.1%</abbr> of its health!)</small><br></div><div class="spacer battle-history"><br></div><div class="battle-history"><small>[Sharpedo's Speed Boost]</small><br></div><div class="battle-history"><small>Sharpedo's Speed rose!</small><br></div><div class="spacer battle-history"><br></div><h2 class="battle-history">Turn 38</h2><div class="spacer battle-history"><br></div><div class="battle-history">Sharpedo used <strong>Protect</strong>!<br></div><div class="battle-history"><small>Sharpedo protected itself!</small><br></div><div class="battle-history"><small>The opposing Magnezone surrounded itself with its Z-Power!</small><br></div><div class="spacer battle-history"><br></div><div class="battle-history">The opposing Magnezone used <strong>Gigavolt Havoc</strong>!<br></div><div class="battle-history"><small>It's super effective!</small><br></div><div class="battle-history"><small>Sharpedo couldn't fully protect itself and got hurt!</small><br></div><div class="battle-history"><small>(Sharpedo lost <abbr title="−189/281">67.3%</abbr> of its health!)</small><br></div><div class="spacer battle-history"><br></div><div class="battle-history">Sharpedo fainted!<br></div><div class="chat chatmessage-luisgr"><strong style="color:hsl(74,49%,36%)"><small>☆</small><span class="username" data-name="LuisGR">LuisGR</span>:</strong> <em>baiaaaa</em></div><div class="spacer battle-history"><br></div><div class="battle-history"><small>LuisGR se rindió.</small><br></div><div class="spacer battle-history"><br></div><div class="battle-history"><strong>T♥yuya</strong> won the battle!<br></div></div><div class="inner-preempt"></div></div></div>
</div>
<script>
let daily = Math.floor(Date.now()/1000/60/60/24);document.write('<script src="https://play.pokemonshowdown.com/js/replay-embed.js?version'+daily+'"></'+'script>');
</script>
