<!DOCTYPE html>
<meta charset="utf-8" />
<!-- version 1 -->
<title>OU replay: James Black Blood vs. DraconSer</title>
<style>
html,body {font-family:Verdana, sans-serif;font-size:10pt;margin:0;padding:0;}body{padding:12px 0;} .battle-log {font-family:Verdana, sans-serif;font-size:10pt;} .battle-log-inline {border:1px solid #AAAAAA;background:#EEF2F5;color:black;max-width:640px;margin:0 auto 80px;padding-bottom:5px;} .battle-log .inner {padding:4px 8px 0px 8px;} .battle-log .inner-preempt {padding:0 8px 4px 8px;} .battle-log .inner-after {margin-top:0.5em;} .battle-log h2 {margin:0.5em -8px;padding:4px 8px;border:1px solid #AAAAAA;background:#E0E7EA;border-left:0;border-right:0;font-family:Verdana, sans-serif;font-size:13pt;} .battle-log .chat {vertical-align:middle;padding:3px 0 3px 0;font-size:8pt;} .battle-log .chat strong {color:#40576A;} .battle-log .chat em {padding:1px 4px 1px 3px;color:#000000;font-style:normal;} .chat.mine {background:rgba(0,0,0,0.05);margin-left:-8px;margin-right:-8px;padding-left:8px;padding-right:8px;} .spoiler {color:#BBBBBB;background:#BBBBBB;padding:0px 3px;} .spoiler:hover, .spoiler:active, .spoiler-shown {color:#000000;background:#E2E2E2;padding:0px 3px;} .spoiler a {color:#BBBBBB;} .spoiler:hover a, .spoiler:active a, .spoiler-shown a {color:#2288CC;} .chat code, .chat .spoiler:hover code, .chat .spoiler:active code, .chat .spoiler-shown code {border:1px solid #C0C0C0;background:#EEEEEE;color:black;padding:0 2px;} .chat .spoiler code {border:1px solid #CCCCCC;background:#CCCCCC;color:#CCCCCC;} .battle-log .rated {padding:3px 4px;} .battle-log .rated strong {color:white;background:#89A;padding:1px 4px;border-radius:4px;} .spacer {margin-top:0.5em;} .message-announce {background:#6688AA;color:white;padding:1px 4px 2px;} .message-announce a, .broadcast-green a, .broadcast-blue a, .broadcast-red a {color:#DDEEFF;} .broadcast-green {background-color:#559955;color:white;padding:2px 4px;} .broadcast-blue {background-color:#6688AA;color:white;padding:2px 4px;} .infobox {border:1px solid #6688AA;padding:2px 4px;} .infobox-limited {max-height:200px;overflow:auto;overflow-x:hidden;} .broadcast-red {background-color:#AA5544;color:white;padding:2px 4px;} .message-learn-canlearn {font-weight:bold;color:#228822;text-decoration:underline;} .message-learn-cannotlearn {font-weight:bold;color:#CC2222;text-decoration:underline;} .message-effect-weak {font-weight:bold;color:#CC2222;} .message-effect-resist {font-weight:bold;color:#6688AA;} .message-effect-immune {font-weight:bold;color:#666666;} .message-learn-list {margin-top:0;margin-bottom:0;} .message-throttle-notice, .message-error {color:#992222;} .message-overflow, .chat small.message-overflow {font-size:0pt;} .message-overflow::before {font-size:9pt;content:'...';} .subtle {color:#3A4A66;}
</style>
<div class="wrapper replay-wrapper" style="max-width:1180px;margin:0 auto">
<input type="hidden" name="replayid" value="destiny-ou-499572" />
<div class="battle"></div><div class="battle-log"></div><div class="replay-controls"></div><div class="replay-controls-2"></div>
<h1 style="font-weight:normal;text-align:center"><strong>OU</strong><br /><a href="http://pokemonshowdown.com/users/jamesblackblood" class="subtle" target="_blank">James Black Blood</a> vs. <a href="http://pokemonshowdown.com/users/draconser" class="subtle" target="_blank">DraconSer</a></h1>
<script type="text/plain" class="battle-log-data">|player|p1|James Black Blood|99
|teamsize|p1|6
|player|p2|DraconSer|1084
|teamsize|p2|6
|teamsize|p1|6
|teamsize|p2|6
|gametype|singles
|gen|7
|tier|OU
|seed|14449,5422,16933,2656
|rule|Cláusula-Mod de Dormir: solo puedes dormir a uno de tus oponentes a la vez.
|rule|Cláusula de Especie: Hasta un Pokémon de cada especie
|rule|Cláusula de Golpe Fulminante: los movimientos fulminantes (OHKO) estan prohibidos
|rule|Cláusula de Veleta: la habilidad Veleta está prohibida
|rule|Cláusula de Movimientos Evasivos: los movimientos de Evasión están prohibidos.
|rule|Cláusula de Batallas Eternas: forzar batallas eternas está prohibido
|clearpoke
|poke|p1|Golem, F|item
|poke|p1|Tyranitar, F, shiny|item
|poke|p1|Cradily, F, shiny|item
|poke|p1|Carracosta, F|item
|poke|p1|Rhydon, M, shiny|item
|poke|p1|Aerodactyl, F, shiny|item
|poke|p2|Kyurem-Black, shiny|item
|poke|p2|Kommo-o, M, shiny|item
|poke|p2|Garchomp, M, shiny|item
|poke|p2|Dragonite, F, shiny|item
|poke|p2|Charizard, F, shiny|item
|poke|p2|Guzzlord, shiny|item
|teampreview|undefined
|choice|*|*team 213456
|choice|*team 523416|*
|choice|team 5, 2, 3, 4, 1, 6|team 2, 1, 3, 4, 5, 6
|
|start
|switch|p1a: Rhydon|Rhydon, M, shiny|414\/414
|switch|p2a: Kommo-o|Kommo-o, M, shiny|291\/291
|turn|1
|choice|*|*move 4
|choice|*move 1|*
|choice|move doubleedge|move dragondance
|
|move|p2a: Kommo-o|Dragon Dance|p2a: Kommo-o
|-boost|p2a: Kommo-o|atk|1
|-boost|p2a: Kommo-o|spe|1
|move|p1a: Rhydon|Double-Edge|p2a: Kommo-o
|-damage|p2a: Kommo-o|169\/291
|
|upkeep
|turn|2
|choice|*|*move 2
|choice|*move 4|*
|choice|move drillrun|move closecombat
|
|move|p2a: Kommo-o|Close Combat|p1a: Rhydon
|-supereffective|p1a: Rhydon
|-crit|p1a: Rhydon
|-damage|p1a: Rhydon|0 fnt
|-unboost|p2a: Kommo-o|def|1
|-unboost|p2a: Kommo-o|spd|1
|-damage|p2a: Kommo-o|140\/291|[from] item: Life Orb
|faint|p1a: Rhydon
|
|upkeep
|choice|*switch 4|*
|choice|switch 4|
|
|switch|p1a: Carracosta|Carracosta, F|289\/289
|turn|3
|choice|*move 2|*
|choice|*|*move 2
|choice|move shellsmash|move closecombat
|
|move|p2a: Kommo-o|Close Combat|p1a: Carracosta
|-supereffective|p1a: Carracosta
|-ability|p1a: Carracosta|Sturdy
|-damage|p1a: Carracosta|1\/289
|-unboost|p2a: Kommo-o|def|1
|-unboost|p2a: Kommo-o|spd|1
|-damage|p2a: Kommo-o|111\/291|[from] item: Life Orb
|move|p1a: Carracosta|Shell Smash|p1a: Carracosta
|-unboost|p1a: Carracosta|def|1
|-unboost|p1a: Carracosta|spd|1
|-boost|p1a: Carracosta|atk|2
|-boost|p1a: Carracosta|spa|2
|-boost|p1a: Carracosta|spe|2
|-enditem|p1a: Carracosta|White Herb
|-clearnegativeboost|p1a: Carracosta|[silent]
|
|upkeep
|turn|4
|choice|*|*move 1
|choice|*move 3|*
|choice|move rockslide|move dragonclaw
|
|move|p2a: Kommo-o|Dragon Claw|p1a: Carracosta
|-damage|p1a: Carracosta|0 fnt
|-damage|p2a: Kommo-o|82\/291|[from] item: Life Orb
|faint|p1a: Carracosta
|
|upkeep
|choice|*switch 5|*
|choice|switch 5|
|
|switch|p1a: Golem|Golem, F|364\/364
|turn|5
|choice|*|*move 2
|choice|*move 3|*
|choice|move suckerpunch|move closecombat
|
|move|p1a: Golem|Sucker Punch|p2a: Kommo-o
|-resisted|p2a: Kommo-o
|-damage|p2a: Kommo-o|11\/291
|move|p2a: Kommo-o|Close Combat|p1a: Golem
|-supereffective|p1a: Golem
|-ability|p1a: Golem|Sturdy
|-damage|p1a: Golem|1\/364
|-enditem|p1a: Golem|Weakness Policy
|-boost|p1a: Golem|atk|2
|-boost|p1a: Golem|spa|2
|-unboost|p2a: Kommo-o|def|1
|-unboost|p2a: Kommo-o|spd|1
|-damage|p2a: Kommo-o|0 fnt|[from] item: Life Orb
|faint|p2a: Kommo-o
|
|upkeep
|choice|*|*switch 3
|choice||switch 3
|
|switch|p2a: Garchomp|Garchomp, M, shiny|357\/357
|turn|6
|choice|*|*move 2
|choice|*move 3|*
|choice|move suckerpunch|move dragonclaw
|
|move|p1a: Golem|Sucker Punch|p2a: Garchomp
|-damage|p2a: Garchomp|182\/357
|-damage|p1a: Golem|0 fnt|[from] ability: Rough Skin|[of] p2a: Garchomp
|faint|p1a: Golem
|move|p2a: Garchomp|Dragon Claw|p1: Golem|[notarget]
|-notarget
|
|upkeep
|choice|*switch 6|*
|choice|switch 6|
|
|switch|p1a: Aerodactyl|Aerodactyl, F, shiny|301\/301
|turn|7
|choice|*move 3 mega|*
|choice|*|*move 2
|choice|move icefang mega|move dragonclaw
|
|-mega|p1a: Aerodactyl|Aerodactyl|Aerodactylite
|detailschange|p1a: Aerodactyl|Aerodactyl-Mega, F, shiny
|move|p1a: Aerodactyl|Ice Fang|p2a: Garchomp
|-supereffective|p2a: Garchomp
|-damage|p2a: Garchomp|0 fnt
|-damage|p1a: Aerodactyl|264\/301|[from] ability: Rough Skin|[of] p2a: Garchomp
|faint|p2a: Garchomp
|
|upkeep
|choice|*|*switch 5
|choice||switch 5
|
|switch|p2a: Charizard|Charizard, F, shiny|297\/297
|turn|8
|choice|*|*move 1 mega
|choice|*move 2|*
|choice|move stoneedge|move thunderpunch mega
|
|-mega|p2a: Charizard|Charizard|Charizardite X
|detailschange|p2a: Charizard|Charizard-Mega-X, F, shiny
|move|p1a: Aerodactyl|Stone Edge|p2a: Charizard
|-supereffective|p2a: Charizard
|-damage|p2a: Charizard|0 fnt
|faint|p2a: Charizard
|
|upkeep
|choice|*|*switch 6
|choice||switch 6
|
|switch|p2a: Guzzlord|Guzzlord, shiny|650\/650
|turn|9
|choice|*move 1|*
|choice|*|*move 1
|choice|move honeclaws|move dracometeor
|
|move|p1a: Aerodactyl|Hone Claws|p1a: Aerodactyl
|-boost|p1a: Aerodactyl|atk|1
|-boost|p1a: Aerodactyl|accuracy|1
|move|p2a: Guzzlord|Draco Meteor|p1a: Aerodactyl
|-damage|p1a: Aerodactyl|41\/301
|-unboost|p2a: Guzzlord|spa|2
|
|upkeep
|turn|10
|choice|*|*move 1
|choice|*move 2|*
|choice|move stoneedge|move dracometeor
|
|move|p1a: Aerodactyl|Stone Edge|p2a: Guzzlord
|-damage|p2a: Guzzlord|182\/650
|move|p2a: Guzzlord|Draco Meteor|p1a: Aerodactyl|[miss]
|-miss|p2a: Guzzlord|p1a: Aerodactyl
|
|upkeep
|turn|11
|choice|*move 3|*
|c|☆DraconSer|._.
|choice|*|*move 2
|choice|move icefang|move darkpulse
|
|move|p1a: Aerodactyl|Ice Fang|p2a: Guzzlord
|-supereffective|p2a: Guzzlord
|-damage|p2a: Guzzlord|0 fnt
|faint|p2a: Guzzlord
|
|upkeep
|choice|*|*switch 4
|choice||switch 4
|
|switch|p2a: Dragonite|Dragonite, F, shiny|323\/323
|turn|12
|choice|*|*move 3
|choice|*move 2|*
|choice|move stoneedge|move thunderpunch
|
|move|p1a: Aerodactyl|Stone Edge|p2a: Dragonite
|-supereffective|p2a: Dragonite
|-damage|p2a: Dragonite|13\/323
|move|p2a: Dragonite|Thunder Punch|p1a: Aerodactyl
|-supereffective|p1a: Aerodactyl
|-damage|p1a: Aerodactyl|0 fnt
|faint|p1a: Aerodactyl
|
|-heal|p2a: Dragonite|33\/323|[from] item: Leftovers
|upkeep
|choice|*switch 2|*
|choice|switch 2|
|
|switch|p1a: Tyranitar|Tyranitar, F, shiny|404\/404
|-weather|Sandstorm|[from] ability: Sand Stream|[of] p1a: Tyranitar
|turn|13
|choice|*|*move 1
|choice|*move 1|*
|choice|move rockslide|move dragonclaw
|
|move|p2a: Dragonite|Dragon Claw|p1a: Tyranitar
|-damage|p1a: Tyranitar|257\/404
|move|p1a: Tyranitar|Rock Slide|p2a: Dragonite
|-supereffective|p2a: Dragonite
|-damage|p2a: Dragonite|0 fnt
|faint|p2a: Dragonite
|
|-weather|Sandstorm|[upkeep]
|upkeep
|choice|*|*switch 2
|choice||switch 2
|
|switch|p2a: Kyurem|Kyurem-Black, shiny|454\/454
|-ability|p2a: Kyurem|Teravolt
|turn|14
|choice|*|*move 3
|choice|*move 2|*
|choice|move dragontail|move ironhead
|
|move|p2a: Kyurem|Iron Head|p1a: Tyranitar
|-supereffective|p1a: Tyranitar
|-damage|p1a: Tyranitar|5\/404
|cant|p1a: Tyranitar|flinch
|
|-weather|Sandstorm|[upkeep]
|-damage|p2a: Kyurem|426\/454|[from] sandstorm
|upkeep
|turn|15
|choice|*move 2|*
|choice|*|*move 3
|choice|move dragontail|move ironhead
|
|move|p2a: Kyurem|Iron Head|p1a: Tyranitar
|-supereffective|p1a: Tyranitar
|-damage|p1a: Tyranitar|0 fnt
|faint|p1a: Tyranitar
|
|-weather|Sandstorm|[upkeep]
|-damage|p2a: Kyurem|398\/454|[from] sandstorm
|upkeep
|choice|*switch 3|*
|choice|switch 3|
|
|switch|p1a: Cradily|Cradily, F, shiny|376\/376
|turn|16
|choice|*move 3|*
|choice|*|*move 4
|choice|move stockpile|move fusionbolt
|
|move|p2a: Kyurem|Fusion Bolt|p1a: Cradily
|-resisted|p1a: Cradily
|-damage|p1a: Cradily|309\/376
|move|p1a: Cradily|Stockpile|p1a: Cradily
|-start|p1a: Cradily|stockpile1
|-boost|p1a: Cradily|def|1
|-boost|p1a: Cradily|spd|1
|
|-weather|Sandstorm|[upkeep]
|-damage|p2a: Kyurem|370\/454|[from] sandstorm
|-heal|p1a: Cradily|332\/376|[from] item: Leftovers
|upkeep
|turn|17
|choice|*move 3|*
|choice|*|*move 3
|choice|move stockpile|move ironhead
|
|move|p2a: Kyurem|Iron Head|p1a: Cradily
|-supereffective|p1a: Cradily
|-damage|p1a: Cradily|182\/376
|move|p1a: Cradily|Stockpile|p1a: Cradily
|-start|p1a: Cradily|stockpile2
|-boost|p1a: Cradily|def|1
|-boost|p1a: Cradily|spd|1
|
|-weather|none
|-heal|p1a: Cradily|205\/376|[from] item: Leftovers
|upkeep
|turn|18
|choice|*|*move 3
|choice|*move 2|*
|choice|move rest|move ironhead
|
|move|p2a: Kyurem|Iron Head|p1a: Cradily
|-supereffective|p1a: Cradily
|-crit|p1a: Cradily
|-damage|p1a: Cradily|0 fnt
|faint|p1a: Cradily
|
|win|DraconSer
</script>
</div>
<div class="battle-log battle-log-inline"><div class="inner"><div class="battle-options"></div><div class="inner"><div class=""><small>Format:</small> <br><strong>OU</strong></div><div class=""><small><em>Cláusula-Mod de Dormir:</em> solo puedes dormir a uno de tus oponentes a la vez.</small></div><div class=""><small><em>Cláusula de Especie:</em> Hasta un Pokémon de cada especie</small></div><div class=""><small><em>Cláusula de Golpe Fulminante:</em> los movimientos fulminantes (OHKO) estan prohibidos</small></div><div class=""><small><em>Cláusula de Veleta:</em> la habilidad Veleta está prohibida</small></div><div class=""><small><em>Cláusula de Movimientos Evasivos:</em> los movimientos de Evasión están prohibidos.</small></div><div class=""><small><em>Cláusula de Batallas Eternas:</em> forzar batallas eternas está prohibido</small></div><div class="chat battle-history"><strong>James Black Blood's team:</strong> <em style="color:#445566;display:block;">Golem / Tyranitar / Cradily / Carracosta / Rhydon / Aerodactyl</em></div><div class="chat battle-history"><strong>DraconSer's team:</strong> <em style="color:#445566;display:block;">Kyurem-Black / Kommo-o / Garchomp / Dragonite / Charizard / Guzzlord</em></div><div class="spacer battle-history"><br></div><div class="battle-history">Battle started between James Black Blood and DraconSer!<br></div><div class="spacer battle-history"><br></div><div class="battle-history">Go! <strong>Rhydon</strong>!<br></div><div class="spacer battle-history"><br></div><div class="battle-history">DraconSer sent out <strong>Kommo-o</strong>!<br></div><div class="spacer battle-history"><br></div><h2 class="battle-history">Turn 1</h2><div class="spacer battle-history"><br></div><div class="battle-history">The opposing Kommo-o used <strong>Dragon Dance</strong>!<br></div><div class="battle-history"><small>The opposing Kommo-o's Attack rose!</small><br></div><div class="battle-history"><small>The opposing Kommo-o's Speed rose!</small><br></div><div class="spacer battle-history"><br></div><div class="battle-history">Rhydon used <strong>Double-Edge</strong>!<br></div><div class="battle-history"><small>(The opposing Kommo-o lost <abbr title="−122/291">41.9%</abbr> of its health!)</small><br></div><div class="spacer battle-history"><br></div><h2 class="battle-history">Turn 2</h2><div class="spacer battle-history"><br></div><div class="battle-history">The opposing Kommo-o used <strong>Close Combat</strong>!<br></div><div class="battle-history"><small>It's super effective!</small><br></div><div class="battle-history"><small>A critical hit!</small><br></div><div class="battle-history"><small>(Rhydon lost <abbr title="−414/414">100%</abbr> of its health!)</small><br></div><div class="battle-history"><small>The opposing Kommo-o's Defense fell!</small><br></div><div class="battle-history"><small>The opposing Kommo-o's Special Defense fell!</small><br></div><div class="battle-history"><small>The opposing Kommo-o lost some of its HP!</small><br></div><div class="spacer battle-history"><br></div><div class="battle-history">Rhydon fainted!<br></div><div class="spacer battle-history"><br></div><div class="battle-history">Go! <strong>Carracosta</strong>!<br></div><div class="spacer battle-history"><br></div><h2 class="battle-history">Turn 3</h2><div class="spacer battle-history"><br></div><div class="battle-history">The opposing Kommo-o used <strong>Close Combat</strong>!<br></div><div class="battle-history"><small>It's super effective!</small><br></div><div class="battle-history"><small>[Carracosta's Sturdy]</small><br><small>Carracosta endured the hit!</small><br></div><div class="battle-history"><small>(Carracosta lost <abbr title="−288/289">99.7%</abbr> of its health!)</small><br></div><div class="battle-history"><small>The opposing Kommo-o's Defense fell!</small><br></div><div class="battle-history"><small>The opposing Kommo-o's Special Defense fell!</small><br></div><div class="battle-history"><small>The opposing Kommo-o lost some of its HP!</small><br></div><div class="spacer battle-history"><br></div><div class="battle-history">Carracosta used <strong>Shell Smash</strong>!<br></div><div class="battle-history"><small>Carracosta's Defense fell!</small><br></div><div class="battle-history"><small>Carracosta's Special Defense fell!</small><br></div><div class="battle-history"><small>Carracosta's Attack rose sharply!</small><br></div><div class="battle-history"><small>Carracosta's Special Attack rose sharply!</small><br></div><div class="battle-history"><small>Carracosta's Speed rose sharply!</small><br></div><div class="battle-history"><small>Carracosta returned its status to normal using its White Herb!</small><br></div><div class="spacer battle-history"><br></div><h2 class="battle-history">Turn 4</h2><div class="spacer battle-history"><br></div><div class="battle-history">The opposing Kommo-o used <strong>Dragon Claw</strong>!<br></div><div class="battle-history"><small>(Carracosta lost <abbr title="−1/289">0.3%</abbr> of its health!)</small><br></div><div class="battle-history"><small>The opposing Kommo-o lost some of its HP!</small><br></div><div class="spacer battle-history"><br></div><div class="battle-history">Carracosta fainted!<br></div><div class="spacer battle-history"><br></div><div class="battle-history">Go! <strong>Golem</strong>!<br></div><div class="spacer battle-history"><br></div><h2 class="battle-history">Turn 5</h2><div class="spacer battle-history"><br></div><div class="battle-history">Golem used <strong>Sucker Punch</strong>!<br></div><div class="battle-history"><small>It's not very effective...</small><br></div><div class="battle-history"><small>(The opposing Kommo-o lost <abbr title="−71/291">24.4%</abbr> of its health!)</small><br></div><div class="spacer battle-history"><br></div><div class="battle-history">The opposing Kommo-o used <strong>Close Combat</strong>!<br></div><div class="battle-history"><small>It's super effective!</small><br></div><div class="battle-history"><small>[Golem's Sturdy]</small><br><small>Golem endured the hit!</small><br></div><div class="battle-history"><small>(Golem lost <abbr title="−363/364">99.7%</abbr> of its health!)</small><br></div><div class="battle-history"><small>(Golem used its Weakness Policy!)</small><br></div><div class="battle-history"><small>Golem's Attack rose sharply!</small><br></div><div class="battle-history"><small>Golem's Special Attack rose sharply!</small><br></div><div class="battle-history"><small>The opposing Kommo-o's Defense fell!</small><br></div><div class="battle-history"><small>The opposing Kommo-o's Special Defense fell!</small><br></div><div class="battle-history"><small>The opposing Kommo-o lost some of its HP!</small><br></div><div class="spacer battle-history"><br></div><div class="battle-history">The opposing Kommo-o fainted!<br></div><div class="spacer battle-history"><br></div><div class="battle-history">DraconSer sent out <strong>Garchomp</strong>!<br></div><div class="spacer battle-history"><br></div><h2 class="battle-history">Turn 6</h2><div class="spacer battle-history"><br></div><div class="battle-history">Golem used <strong>Sucker Punch</strong>!<br></div><div class="battle-history"><small>(The opposing Garchomp lost <abbr title="−175/357">49.0%</abbr> of its health!)</small><br></div><div class="battle-history"><small>[The opposing Garchomp's Rough Skin]</small><br><small>Golem was hurt!</small><br></div><div class="spacer battle-history"><br></div><div class="battle-history">Golem fainted!<br></div><div class="battle-history">The opposing Garchomp used <strong>Dragon Claw</strong>!<br></div><div class="battle-history"><small>But there was no target...</small><br></div><div class="spacer battle-history"><br></div><div class="battle-history">Go! <strong>Aerodactyl</strong>!<br></div><div class="spacer battle-history"><br></div><h2 class="battle-history">Turn 7</h2><div class="spacer battle-history"><br></div><div class="battle-history"><small>Aerodactyl's Aerodactylite is reacting to the Key Stone!</small><br>Aerodactyl has Mega Evolved into Mega Aerodactyl!<br></div><div class="spacer battle-history"><br></div><div class="battle-history">Aerodactyl used <strong>Ice Fang</strong>!<br></div><div class="battle-history"><small>It's super effective!</small><br></div><div class="battle-history"><small>(The opposing Garchomp lost <abbr title="−182/357">51.0%</abbr> of its health!)</small><br></div><div class="battle-history"><small>[The opposing Garchomp's Rough Skin]</small><br><small>Aerodactyl was hurt!</small><br></div><div class="spacer battle-history"><br></div><div class="battle-history">The opposing Garchomp fainted!<br></div><div class="spacer battle-history"><br></div><div class="battle-history">DraconSer sent out <strong>Charizard</strong>!<br></div><div class="spacer battle-history"><br></div><h2 class="battle-history">Turn 8</h2><div class="spacer battle-history"><br></div><div class="battle-history"><small>The opposing Charizard's Charizardite X is reacting to the Key Stone!</small><br>The opposing Charizard has Mega Evolved into Mega Charizard!<br></div><div class="spacer battle-history"><br></div><div class="battle-history">Aerodactyl used <strong>Stone Edge</strong>!<br></div><div class="battle-history"><small>It's super effective!</small><br></div><div class="battle-history"><small>(The opposing Charizard lost <abbr title="−297/297">100%</abbr> of its health!)</small><br></div><div class="spacer battle-history"><br></div><div class="battle-history">The opposing Charizard fainted!<br></div><div class="spacer battle-history"><br></div><div class="battle-history">DraconSer sent out <strong>Guzzlord</strong>!<br></div><div class="spacer battle-history"><br></div><h2 class="battle-history">Turn 9</h2><div class="spacer battle-history"><br></div><div class="battle-history">Aerodactyl used <strong>Hone Claws</strong>!<br></div><div class="battle-history"><small>Aerodactyl's Attack rose!</small><br></div><div class="battle-history"><small>Aerodactyl's accuracy rose!</small><br></div><div class="spacer battle-history"><br></div><div class="battle-history">The opposing Guzzlord used <strong>Draco Meteor</strong>!<br></div><div class="battle-history"><small>(Aerodactyl lost <abbr title="−223/301">74.1%</abbr> of its health!)</small><br></div><div class="battle-history"><small>The opposing Guzzlord's Special Attack fell harshly!</small><br></div><div class="spacer battle-history"><br></div><h2 class="battle-history">Turn 10</h2><div class="spacer battle-history"><br></div><div class="battle-history">Aerodactyl used <strong>Stone Edge</strong>!<br></div><div class="battle-history"><small>(The opposing Guzzlord lost <abbr title="−468/650">72%</abbr> of its health!)</small><br></div><div class="spacer battle-history"><br></div><div class="battle-history">The opposing Guzzlord used <strong>Draco Meteor</strong>!<br></div><div class="battle-history"><small>Aerodactyl avoided the attack!</small><br></div><div class="spacer battle-history"><br></div><h2 class="battle-history">Turn 11</h2><div class="chat chatmessage-draconser"><strong style="color:hsl(100,46%,42%)"><small>☆</small><span class="username" data-name="DraconSer">DraconSer</span>:</strong> <em>._.</em></div><div class="spacer battle-history"><br></div><div class="battle-history">Aerodactyl used <strong>Ice Fang</strong>!<br></div><div class="battle-history"><small>It's super effective!</small><br></div><div class="battle-history"><small>(The opposing Guzzlord lost <abbr title="−182/650">28.0%</abbr> of its health!)</small><br></div><div class="spacer battle-history"><br></div><div class="battle-history">The opposing Guzzlord fainted!<br></div><div class="spacer battle-history"><br></div><div class="battle-history">DraconSer sent out <strong>Dragonite</strong>!<br></div><div class="spacer battle-history"><br></div><h2 class="battle-history">Turn 12</h2><div class="spacer battle-history"><br></div><div class="battle-history">Aerodactyl used <strong>Stone Edge</strong>!<br></div><div class="battle-history"><small>It's super effective!</small><br></div><div class="battle-history"><small>(The opposing Dragonite lost <abbr title="−310/323">96.0%</abbr> of its health!)</small><br></div><div class="spacer battle-history"><br></div><div class="battle-history">The opposing Dragonite used <strong>Thunder Punch</strong>!<br></div><div class="battle-history"><small>It's super effective!</small><br></div><div class="battle-history"><small>(Aerodactyl lost <abbr title="−41/301">13.6%</abbr> of its health!)</small><br></div><div class="spacer battle-history"><br></div><div class="battle-history">Aerodactyl fainted!<br></div><div class="spacer battle-history"><br></div><div class="battle-history"><small>The opposing Dragonite restored a little HP using its Leftovers!</small><br></div><div class="spacer battle-history"><br></div><div class="battle-history">Go! <strong>Tyranitar</strong>!<br></div><div class="battle-history"><small>[Tyranitar's Sand Stream]</small><br><small>A sandstorm kicked up!</small><br></div><div class="spacer battle-history"><br></div><h2 class="battle-history">Turn 13</h2><div class="spacer battle-history"><br></div><div class="battle-history">The opposing Dragonite used <strong>Dragon Claw</strong>!<br></div><div class="battle-history"><small>(Tyranitar lost <abbr title="−147/404">36.4%</abbr> of its health!)</small><br></div><div class="spacer battle-history"><br></div><div class="battle-history">Tyranitar used <strong>Rock Slide</strong>!<br></div><div class="battle-history"><small>It's super effective!</small><br></div><div class="battle-history"><small>(The opposing Dragonite lost <abbr title="−33/323">10.2%</abbr> of its health!)</small><br></div><div class="spacer battle-history"><br></div><div class="battle-history">The opposing Dragonite fainted!<br></div><div class="spacer battle-history"><br></div><div class="battle-history"><small>The sandstorm is raging.</small><br></div><div class="spacer battle-history"><br></div><div class="battle-history">DraconSer sent out Kyurem (<strong>Kyurem-Black</strong>)!<br></div><div class="battle-history"><small>[The opposing Kyurem's Teravolt]</small><br><small>The opposing Kyurem is radiating a bursting aura!</small><br></div><div class="spacer battle-history"><br></div><h2 class="battle-history">Turn 14</h2><div class="spacer battle-history"><br></div><div class="battle-history">The opposing Kyurem used <strong>Iron Head</strong>!<br></div><div class="battle-history"><small>It's super effective!</small><br></div><div class="battle-history"><small>(Tyranitar lost <abbr title="−252/404">62.4%</abbr> of its health!)</small><br></div><div class="spacer battle-history"><br></div><div class="battle-history">Tyranitar flinched and couldn't move!<br></div><div class="spacer battle-history"><br></div><div class="battle-history"><small>The sandstorm is raging.</small><br></div><div class="battle-history"><small>The opposing Kyurem is buffeted by the sandstorm!</small><br></div><div class="spacer battle-history"><br></div><h2 class="battle-history">Turn 15</h2><div class="spacer battle-history"><br></div><div class="battle-history">The opposing Kyurem used <strong>Iron Head</strong>!<br></div><div class="battle-history"><small>It's super effective!</small><br></div><div class="battle-history"><small>(Tyranitar lost <abbr title="−5/404">1.2%</abbr> of its health!)</small><br></div><div class="spacer battle-history"><br></div><div class="battle-history">Tyranitar fainted!<br></div><div class="spacer battle-history"><br></div><div class="battle-history"><small>The sandstorm is raging.</small><br></div><div class="battle-history"><small>The opposing Kyurem is buffeted by the sandstorm!</small><br></div><div class="spacer battle-history"><br></div><div class="battle-history">Go! <strong>Cradily</strong>!<br></div><div class="spacer battle-history"><br></div><h2 class="battle-history">Turn 16</h2><div class="spacer battle-history"><br></div><div class="battle-history">The opposing Kyurem used <strong>Fusion Bolt</strong>!<br></div><div class="battle-history"><small>It's not very effective...</small><br></div><div class="battle-history"><small>(Cradily lost <abbr title="−67/376">17.8%</abbr> of its health!)</small><br></div><div class="spacer battle-history"><br></div><div class="battle-history">Cradily used <strong>Stockpile</strong>!<br></div><div class="battle-history"><small>Cradily stockpiled 1!</small><br></div><div class="battle-history"><small>Cradily's Defense rose!</small><br></div><div class="battle-history"><small>Cradily's Special Defense rose!</small><br></div><div class="spacer battle-history"><br></div><div class="battle-history"><small>The sandstorm is raging.</small><br></div><div class="battle-history"><small>The opposing Kyurem is buffeted by the sandstorm!</small><br></div><div class="battle-history"><small>Cradily restored a little HP using its Leftovers!</small><br></div><div class="spacer battle-history"><br></div><h2 class="battle-history">Turn 17</h2><div class="spacer battle-history"><br></div><div class="battle-history">The opposing Kyurem used <strong>Iron Head</strong>!<br></div><div class="battle-history"><small>It's super effective!</small><br></div><div class="battle-history"><small>(Cradily lost <abbr title="−150/376">39.9%</abbr> of its health!)</small><br></div><div class="spacer battle-history"><br></div><div class="battle-history">Cradily used <strong>Stockpile</strong>!<br></div><div class="battle-history"><small>Cradily stockpiled 2!</small><br></div><div class="battle-history"><small>Cradily's Defense rose!</small><br></div><div class="battle-history"><small>Cradily's Special Defense rose!</small><br></div><div class="spacer battle-history"><br></div><div class="battle-history"><small>The sandstorm subsided.</small><br></div><div class="battle-history"><small>Cradily restored a little HP using its Leftovers!</small><br></div><div class="spacer battle-history"><br></div><h2 class="battle-history">Turn 18</h2><div class="spacer battle-history"><br></div><div class="battle-history">The opposing Kyurem used <strong>Iron Head</strong>!<br></div><div class="battle-history"><small>It's super effective!</small><br></div><div class="battle-history"><small>A critical hit!</small><br></div><div class="battle-history"><small>(Cradily lost <abbr title="−205/376">54.5%</abbr> of its health!)</small><br></div><div class="spacer battle-history"><br></div><div class="battle-history">Cradily fainted!<br></div><div class="spacer battle-history"><br></div><div class="battle-history"><strong>DraconSer</strong> won the battle!<br></div></div><div class="inner-preempt"></div></div></div>
</div>
<script>
let daily = Math.floor(Date.now()/1000/60/60/24);document.write('<script src="https://play.pokemonshowdown.com/js/replay-embed.js?version'+daily+'"></'+'script>');
</script>
