<!DOCTYPE html>
<meta charset="utf-8" />
<!-- version 1 -->
<title>OU replay: No man's hax vs. №56 Cyan</title>
<style>
html,body {font-family:Verdana, sans-serif;font-size:10pt;margin:0;padding:0;}body{padding:12px 0;} .battle-log {font-family:Verdana, sans-serif;font-size:10pt;} .battle-log-inline {border:1px solid #AAAAAA;background:#EEF2F5;color:black;max-width:640px;margin:0 auto 80px;padding-bottom:5px;} .battle-log .inner {padding:4px 8px 0px 8px;} .battle-log .inner-preempt {padding:0 8px 4px 8px;} .battle-log .inner-after {margin-top:0.5em;} .battle-log h2 {margin:0.5em -8px;padding:4px 8px;border:1px solid #AAAAAA;background:#E0E7EA;border-left:0;border-right:0;font-family:Verdana, sans-serif;font-size:13pt;} .battle-log .chat {vertical-align:middle;padding:3px 0 3px 0;font-size:8pt;} .battle-log .chat strong {color:#40576A;} .battle-log .chat em {padding:1px 4px 1px 3px;color:#000000;font-style:normal;} .chat.mine {background:rgba(0,0,0,0.05);margin-left:-8px;margin-right:-8px;padding-left:8px;padding-right:8px;} .spoiler {color:#BBBBBB;background:#BBBBBB;padding:0px 3px;} .spoiler:hover, .spoiler:active, .spoiler-shown {color:#000000;background:#E2E2E2;padding:0px 3px;} .spoiler a {color:#BBBBBB;} .spoiler:hover a, .spoiler:active a, .spoiler-shown a {color:#2288CC;} .chat code, .chat .spoiler:hover code, .chat .spoiler:active code, .chat .spoiler-shown code {border:1px solid #C0C0C0;background:#EEEEEE;color:black;padding:0 2px;} .chat .spoiler code {border:1px solid #CCCCCC;background:#CCCCCC;color:#CCCCCC;} .battle-log .rated {padding:3px 4px;} .battle-log .rated strong {color:white;background:#89A;padding:1px 4px;border-radius:4px;} .spacer {margin-top:0.5em;} .message-announce {background:#6688AA;color:white;padding:1px 4px 2px;} .message-announce a, .broadcast-green a, .broadcast-blue a, .broadcast-red a {color:#DDEEFF;} .broadcast-green {background-color:#559955;color:white;padding:2px 4px;} .broadcast-blue {background-color:#6688AA;color:white;padding:2px 4px;} .infobox {border:1px solid #6688AA;padding:2px 4px;} .infobox-limited {max-height:200px;overflow:auto;overflow-x:hidden;} .broadcast-red {background-color:#AA5544;color:white;padding:2px 4px;} .message-learn-canlearn {font-weight:bold;color:#228822;text-decoration:underline;} .message-learn-cannotlearn {font-weight:bold;color:#CC2222;text-decoration:underline;} .message-effect-weak {font-weight:bold;color:#CC2222;} .message-effect-resist {font-weight:bold;color:#6688AA;} .message-effect-immune {font-weight:bold;color:#666666;} .message-learn-list {margin-top:0;margin-bottom:0;} .message-throttle-notice, .message-error {color:#992222;} .message-overflow, .chat small.message-overflow {font-size:0pt;} .message-overflow::before {font-size:9pt;content:'...';} .subtle {color:#3A4A66;}
</style>
<div class="wrapper replay-wrapper" style="max-width:1180px;margin:0 auto">
<input type="hidden" name="replayid" value="destiny-ou-426566" />
<div class="battle"></div><div class="battle-log"></div><div class="replay-controls"></div><div class="replay-controls-2"></div>
<h1 style="font-weight:normal;text-align:center"><strong>OU</strong><br /><a href="http://pokemonshowdown.com/users/nomanshax" class="subtle" target="_blank">No man's hax</a> vs. <a href="http://pokemonshowdown.com/users/56cyan" class="subtle" target="_blank">№56 Cyan</a></h1>
<script type="text/plain" class="battle-log-data">|unlink|||tour
|player|p1|No man's hax|nomanshax-6.gif?745f8766
|teamsize|p1|6
|player|p2|№56 Cyan|56cyan.gif?ee883f7c
|teamsize|p2|6
|teamsize|p1|6
|teamsize|p2|6
|gametype|singles
|gen|7
|tier|OU
|seed|20017,9508,48970,54111
|rule|Cláusula-Mod de Dormir: solo puedes dormir a uno de tus oponentes a la vez.
|rule|Cláusula de Especie: Hasta un Pokémon de cada especie
|rule|Cláusula de Golpe Fulminante: los movimientos fulminantes (OHKO) estan prohibidos
|rule|Cláusula de Veleta: la habilidad Veleta está prohibida
|rule|Cláusula de Movimientos Evasivos: los movimientos de Evasión están prohibidos.
|rule|Cláusula de Batallas Eternas: forzar batallas eternas está prohibido
|clearpoke
|poke|p1|Keldeo-Resolute|item
|poke|p1|Lopunny, M|item
|poke|p1|Celesteela|item
|poke|p1|Mamoswine, M|item
|poke|p1|Clefable, F|item
|poke|p1|Zapdos|item
|poke|p2|Emboar, F|item
|poke|p2|Pikachu, M|item
|poke|p2|Goodra, F|item
|poke|p2|Alakazam, M|item
|poke|p2|Chesnaught, F|item
|poke|p2|Landorus-Therian, M|item
|teampreview|undefined
|c|☆No man's hax|que la hax te acompañe
|choice|*team 123456|*
|inactive|Reloj de batalla ENCENDIDO. El jugador inactivo será descalificado (solicitado por No man's hax).
|inactive|№56 Cyan tiene 285 segundos restantes.
|choice|*|*team 213456
|choice|team 1, 2, 3, 4, 5, 6|team 2, 1, 3, 4, 5, 6
|
|start
|switch|p1a: Keldeo|Keldeo-Resolute|323\/323
|switch|p2a: Pikachu|Pikachu, M|211\/211
|turn|1
|choice|*|*switch 3
|choice|*move 4 zmove|*
|choice|move hydropump zmove|switch 3
|
|switch|p2a: Goodra|Goodra, F|371\/371
|-zpower|p1a: Keldeo
|move|p1a: Keldeo|Hydro Vortex|p2a: Goodra|[zeffect]
|-resisted|p2a: Goodra
|-damage|p2a: Goodra|251\/371
|
|upkeep
|turn|2
|choice|*move 3|*
|choice|*|*move 3
|choice|move calmmind|move dragonpulse
|
|move|p1a: Keldeo|Calm Mind|p1a: Keldeo
|-boost|p1a: Keldeo|spa|1
|-boost|p1a: Keldeo|spd|1
|move|p2a: Goodra|Dragon Pulse|p1a: Keldeo
|-damage|p1a: Keldeo|217\/323
|
|upkeep
|turn|3
|choice|*move 2|*
|choice|*|*move 3
|choice|move secretsword|move dragonpulse
|
|move|p1a: Keldeo|Secret Sword|p2a: Goodra
|-crit|p2a: Goodra
|-damage|p2a: Goodra|0 fnt
|faint|p2a: Goodra
|
|upkeep
|choice|*|*switch 4
|choice||switch 4
|
|switch|p2a: Alakazam|Alakazam, M|251\/251
|turn|4
|choice|*|*move 4
|choice|*switch 3|*
|choice|switch 3|move psyshock
|
|switch|p1a: Celesteela|Celesteela|397\/397
|move|p2a: Alakazam|Psyshock|p1a: Celesteela
|-resisted|p1a: Celesteela
|-damage|p1a: Celesteela|337\/397
|
|-heal|p1a: Celesteela|361\/397|[from] item: Leftovers
|upkeep
|turn|5
|choice|*move 1|*
|choice|*|*switch 6
|choice|move leechseed|switch 6
|
|switch|p2a: Landorus|Landorus-Therian, M|382\/382
|-ability|p2a: Landorus|Intimidate|boost
|-unboost|p1a: Celesteela|atk|1
|move|p1a: Celesteela|Leech Seed|p2a: Landorus|[miss]
|-miss|p1a: Celesteela|p2a: Landorus
|
|-heal|p1a: Celesteela|385\/397|[from] item: Leftovers
|upkeep
|turn|6
|choice|*|*switch 3
|inactive|No man's hax tiene 285 segundos restantes.
|choice|*move 1|*
|choice|move leechseed|switch 3
|
|switch|p2a: Pikachu|Pikachu, M|211\/211
|move|p1a: Celesteela|Leech Seed|p2a: Pikachu
|-start|p2a: Pikachu|move: Leech Seed
|
|-heal|p1a: Celesteela|397\/397|[from] item: Leftovers
|-damage|p2a: Pikachu|185\/211|[from] Leech Seed|[of] p1a: Celesteela
|upkeep
|turn|7
|choice|*move 4|*
|choice|*|*switch 3
|choice|move protect|switch 3
|
|switch|p2a: Landorus|Landorus-Therian, M|382\/382
|-ability|p2a: Landorus|Intimidate|boost
|-unboost|p1a: Celesteela|atk|1
|move|p1a: Celesteela|Protect|p1a: Celesteela
|-fail|p1a: Celesteela
|
|upkeep
|turn|8
|choice|*move 1|*
|choice|*|*switch 5
|choice|move leechseed|switch 5
|
|switch|p2a: Chesnaught|Chesnaught, F|317\/317
|move|p1a: Celesteela|Leech Seed|p2a: Chesnaught
|-immune|p2a: Chesnaught|[msg]
|
|upkeep
|turn|9
|choice|*move 2|*
|choice|*|*switch 2
|choice|move flamethrower|switch 2
|
|switch|p2a: Emboar|Emboar, F|423\/423
|move|p1a: Celesteela|Flamethrower|p2a: Emboar
|-resisted|p2a: Emboar
|-damage|p2a: Emboar|390\/423
|
|upkeep
|turn|10
|choice|*move 4|*
|choice|*|*move 3
|choice|move protect|move poweruppunch
|
|move|p1a: Celesteela|Protect|p1a: Celesteela
|-singleturn|p1a: Celesteela|Protect
|move|p2a: Emboar|Power-Up Punch|p1a: Celesteela
|-activate|p1a: Celesteela|move: Protect
|
|upkeep
|turn|11
|c| Paulo G|№56 Cyan me gusta tu equipo :D
|choice|*|*move 2
|choice|*switch 3|*
|choice|switch 3|move thunderpunch
|
|switch|p1a: Keldeo|Keldeo-Resolute|217\/323
|move|p2a: Emboar|Thunder Punch|p1a: Keldeo
|-supereffective|p1a: Keldeo
|-damage|p1a: Keldeo|3\/323
|
|upkeep
|turn|12
|choice|*|*move 1
|choice|*move 4|*
|choice|move hydropump|move suckerpunch
|
|move|p2a: Emboar|Sucker Punch|p1a: Keldeo
|-resisted|p1a: Keldeo
|-damage|p1a: Keldeo|0 fnt
|faint|p1a: Keldeo
|
|upkeep
|choice|*switch 4|*
|choice|switch 4|
|
|switch|p1a: Mamoswine|Mamoswine, M|361\/361
|turn|13
|choice|*move 2|*
|choice|*|*move 4
|choice|move earthquake|move flareblitz
|
|move|p1a: Mamoswine|Earthquake|p2a: Emboar
|-supereffective|p2a: Emboar
|-damage|p2a: Emboar|0 fnt
|-damage|p1a: Mamoswine|325\/361|[from] item: Life Orb
|faint|p2a: Emboar
|
|upkeep
|choice|*|*switch 3
|choice||switch 3
|
|switch|p2a: Pikachu|Pikachu, M|185\/211
|turn|14
|choice|*|*move 1
|choice|*move 2|*
|choice|move earthquake|move brickbreak
|
|move|p2a: Pikachu|Brick Break|p1a: Mamoswine
|-supereffective|p1a: Mamoswine
|-damage|p1a: Mamoswine|155\/361
|move|p1a: Mamoswine|Earthquake|p2a: Pikachu
|-supereffective|p2a: Pikachu
|-damage|p2a: Pikachu|0 fnt
|-damage|p1a: Mamoswine|119\/361|[from] item: Life Orb
|faint|p2a: Pikachu
|
|upkeep
|choice|*|*switch 5
|choice||switch 5
|
|switch|p2a: Landorus|Landorus-Therian, M|382\/382
|-ability|p2a: Landorus|Intimidate|boost
|-unboost|p1a: Mamoswine|atk|1
|turn|15
|choice|*|*move 3
|choice|*move 1|*
|choice|move iciclecrash|move earthquake
|
|move|p1a: Mamoswine|Icicle Crash|p2a: Landorus|[miss]
|-miss|p1a: Mamoswine|p2a: Landorus
|move|p2a: Landorus|Earthquake|p1a: Mamoswine
|-damage|p1a: Mamoswine|0 fnt
|faint|p1a: Mamoswine
|
|upkeep
|choice|*switch 5|*
|choice|switch 5|
|
|switch|p1a: Clefable|Clefable, F|394\/394
|turn|16
|choice|*|*move 4
|choice|*move 2|*
|choice|move moonblast|move explosion
|
|move|p2a: Landorus|Explosion|p1a: Clefable
|-damage|p1a: Clefable|111\/394
|faint|p2a: Landorus
|move|p1a: Clefable|Moonblast|p2: Landorus|[notarget]
|-notarget
|
|-heal|p1a: Clefable|135\/394|[from] item: Leftovers
|upkeep
|choice|*|*switch 6
|choice||switch 6
|
|switch|p2a: Alakazam|Alakazam, M|251\/251
|turn|17
|c|☆No man's hax|gg
|choice|*|*move 2
|choice|*switch 6|*
|choice|switch 6|move substitute
|
|switch|p1a: Zapdos|Zapdos|383\/383
|move|p2a: Alakazam|Substitute|p2a: Alakazam
|-start|p2a: Alakazam|Substitute
|-damage|p2a: Alakazam|189\/251
|
|upkeep
|turn|18
|choice|*move 1|*
|choice|*|*move 4 mega
|choice|move discharge|move psyshock mega
|
|-mega|p2a: Alakazam|Alakazam|Alakazite
|detailschange|p2a: Alakazam|Alakazam-Mega, M
|-ability|p2a: Alakazam|Static|[from] ability: Trace|[of] p1a: Zapdos
|move|p2a: Alakazam|Psyshock|p1a: Zapdos
|-damage|p1a: Zapdos|239\/383
|move|p1a: Zapdos|Discharge|p2a: Alakazam
|-end|p2a: Alakazam|Substitute
|
|-heal|p1a: Zapdos|262\/383|[from] item: Leftovers
|upkeep
|turn|19
|choice|*move 1|*
|choice|*|*move 4
|choice|move discharge|move psyshock
|
|move|p2a: Alakazam|Psyshock|p1a: Zapdos
|-damage|p1a: Zapdos|105\/383
|move|p1a: Zapdos|Discharge|p2a: Alakazam
|-damage|p2a: Alakazam|75\/251
|
|-heal|p1a: Zapdos|128\/383|[from] item: Leftovers
|upkeep
|turn|20
|choice|*move 1|*
|choice|*|*move 4
|choice|move discharge|move psyshock
|
|move|p2a: Alakazam|Psyshock|p1a: Zapdos
|-damage|p1a: Zapdos|0 fnt
|faint|p1a: Zapdos
|
|upkeep
|choice|*switch 2|*
|choice|switch 2|
|
|switch|p1a: Lopunny|Lopunny, M|272\/272
|turn|21
|choice|*move 1 mega|*
|choice|*|*move 4
|choice|move return mega|move psyshock
|
|-mega|p1a: Lopunny|Lopunny|Lopunnite
|detailschange|p1a: Lopunny|Lopunny-Mega, M
|move|p2a: Alakazam|Psyshock|p1a: Lopunny
|-supereffective|p1a: Lopunny
|-damage|p1a: Lopunny|0 fnt
|faint|p1a: Lopunny
|
|upkeep
|choice|*switch 3|*
|choice|switch 3|
|
|switch|p1a: Celesteela|Celesteela|397\/397
|turn|22
|choice|*move 3|*
|choice|*|*move 1
|choice|move heavyslam|move focusblast
|
|move|p2a: Alakazam|Focus Blast|p1a: Celesteela
|-damage|p1a: Celesteela|241\/397
|move|p1a: Celesteela|Heavy Slam|p2a: Alakazam
|-damage|p2a: Alakazam|0 fnt
|faint|p2a: Alakazam
|-ability|p1a: Celesteela|Beast Boost|boost
|-boost|p1a: Celesteela|def|1
|
|-heal|p1a: Celesteela|265\/397|[from] item: Leftovers
|upkeep
|choice|*|*switch 2
|choice||switch 2
|
|switch|p2a: Chesnaught|Chesnaught, F|317\/317
|turn|23
|choice|*move 2|*
|choice|*|*move 3
|choice|move flamethrower|move bellydrum
|
|move|p2a: Chesnaught|Belly Drum|p2a: Chesnaught
|-damage|p2a: Chesnaught|159\/317
|-setboost|p2a: Chesnaught|atk|6|[from] move: Belly Drum
|move|p1a: Celesteela|Flamethrower|p2a: Chesnaught
|-supereffective|p2a: Chesnaught
|-damage|p2a: Chesnaught|0 fnt
|faint|p2a: Chesnaught
|
|win|No man's hax
|c|☆№56 Cyan|sad
|c|☆№56 Cyan|no resistía
</script>
</div>
<div class="battle-log battle-log-inline"><div class="inner"><div class="battle-options"></div><div class="inner"><div class=""><small>Format:</small> <br><strong>OU</strong></div><div class=""><small><em>Cláusula-Mod de Dormir:</em> solo puedes dormir a uno de tus oponentes a la vez.</small></div><div class=""><small><em>Cláusula de Especie:</em> Hasta un Pokémon de cada especie</small></div><div class=""><small><em>Cláusula de Golpe Fulminante:</em> los movimientos fulminantes (OHKO) estan prohibidos</small></div><div class=""><small><em>Cláusula de Veleta:</em> la habilidad Veleta está prohibida</small></div><div class=""><small><em>Cláusula de Movimientos Evasivos:</em> los movimientos de Evasión están prohibidos.</small></div><div class=""><small><em>Cláusula de Batallas Eternas:</em> forzar batallas eternas está prohibido</small></div><div class="chat battle-history"><strong>No man's hax's team:</strong> <em style="color:#445566;display:block;">Keldeo-Resolute / Lopunny / Celesteela / Mamoswine / Clefable / Zapdos</em></div><div class="chat battle-history"><strong>№56 Cyan's team:</strong> <em style="color:#445566;display:block;">Emboar / Pikachu / Goodra / Alakazam / Chesnaught / Landorus-Therian</em></div><div class="chat chatmessage-nomanshax"><strong style="color:hsl(105,82%,35%)"><small>☆</small><span class="username" data-name="No man's hax">No man's hax</span>:</strong> <em>que la hax te acompañe</em></div><div class="chat message-error">Reloj de batalla ENCENDIDO. El jugador inactivo será descalificado (solicitado por No man's hax).</div><div class="chat message-error">№56 Cyan tiene 285 segundos restantes.</div><div class="spacer battle-history"><br></div><div class="battle-history">Battle started between No man's hax and №56 Cyan!<br></div><div class="spacer battle-history"><br></div><div class="battle-history">Go! Keldeo (<strong>Keldeo-Resolute</strong>)!<br></div><div class="spacer battle-history"><br></div><div class="battle-history">№56 Cyan sent out <strong>Pikachu</strong>!<br></div><div class="spacer battle-history"><br></div><h2 class="battle-history">Turn 1</h2><div class="spacer battle-history"><br></div><div class="battle-history">№56 Cyan withdrew Pikachu!<br></div><div class="battle-history">№56 Cyan sent out <strong>Goodra</strong>!<br></div><div class="battle-history"><small>Keldeo surrounded itself with its Z-Power!</small><br></div><div class="spacer battle-history"><br></div><div class="battle-history">Keldeo used <strong>Hydro Vortex</strong>!<br></div><div class="battle-history"><small>It's not very effective...</small><br></div><div class="battle-history"><small>(The opposing Goodra lost <abbr title="−120/371">32.3%</abbr> of its health!)</small><br></div><div class="spacer battle-history"><br></div><h2 class="battle-history">Turn 2</h2><div class="spacer battle-history"><br></div><div class="battle-history">Keldeo used <strong>Calm Mind</strong>!<br></div><div class="battle-history"><small>Keldeo's Special Attack rose!</small><br></div><div class="battle-history"><small>Keldeo's Special Defense rose!</small><br></div><div class="spacer battle-history"><br></div><div class="battle-history">The opposing Goodra used <strong>Dragon Pulse</strong>!<br></div><div class="battle-history"><small>(Keldeo lost <abbr title="−106/323">32.8%</abbr> of its health!)</small><br></div><div class="spacer battle-history"><br></div><h2 class="battle-history">Turn 3</h2><div class="spacer battle-history"><br></div><div class="battle-history">Keldeo used <strong>Secret Sword</strong>!<br></div><div class="battle-history"><small>A critical hit!</small><br></div><div class="battle-history"><small>(The opposing Goodra lost <abbr title="−251/371">67.7%</abbr> of its health!)</small><br></div><div class="spacer battle-history"><br></div><div class="battle-history">The opposing Goodra fainted!<br></div><div class="spacer battle-history"><br></div><div class="battle-history">№56 Cyan sent out <strong>Alakazam</strong>!<br></div><div class="spacer battle-history"><br></div><h2 class="battle-history">Turn 4</h2><div class="spacer battle-history"><br></div><div class="battle-history">Keldeo, come back!<br></div><div class="battle-history">Go! <strong>Celesteela</strong>!<br></div><div class="spacer battle-history"><br></div><div class="battle-history">The opposing Alakazam used <strong>Psyshock</strong>!<br></div><div class="battle-history"><small>It's not very effective...</small><br></div><div class="battle-history"><small>(Celesteela lost <abbr title="−60/397">15.1%</abbr> of its health!)</small><br></div><div class="spacer battle-history"><br></div><div class="battle-history"><small>Celesteela restored a little HP using its Leftovers!</small><br></div><div class="spacer battle-history"><br></div><h2 class="battle-history">Turn 5</h2><div class="spacer battle-history"><br></div><div class="battle-history">№56 Cyan withdrew Alakazam!<br></div><div class="battle-history">№56 Cyan sent out Landorus (<strong>Landorus-Therian</strong>)!<br></div><div class="battle-history"><small>[The opposing Landorus's Intimidate]</small><br></div><div class="battle-history"><small>Celesteela's Attack fell!</small><br></div><div class="spacer battle-history"><br></div><div class="battle-history">Celesteela used <strong>Leech Seed</strong>!<br></div><div class="battle-history"><small>The opposing Landorus avoided the attack!</small><br></div><div class="spacer battle-history"><br></div><div class="battle-history"><small>Celesteela restored a little HP using its Leftovers!</small><br></div><div class="spacer battle-history"><br></div><h2 class="battle-history">Turn 6</h2><div class="chat message-error">No man's hax tiene 285 segundos restantes.</div><div class="spacer battle-history"><br></div><div class="battle-history">№56 Cyan withdrew Landorus!<br></div><div class="battle-history">№56 Cyan sent out <strong>Pikachu</strong>!<br></div><div class="spacer battle-history"><br></div><div class="battle-history">Celesteela used <strong>Leech Seed</strong>!<br></div><div class="battle-history"><small>The opposing Pikachu was seeded!</small><br></div><div class="spacer battle-history"><br></div><div class="battle-history"><small>Celesteela restored a little HP using its Leftovers!</small><br></div><div class="battle-history"><small>The opposing Pikachu's health is sapped by Leech Seed!</small><br></div><div class="spacer battle-history"><br></div><h2 class="battle-history">Turn 7</h2><div class="spacer battle-history"><br></div><div class="battle-history">№56 Cyan withdrew Pikachu!<br></div><div class="battle-history">№56 Cyan sent out Landorus (<strong>Landorus-Therian</strong>)!<br></div><div class="battle-history"><small>[The opposing Landorus's Intimidate]</small><br></div><div class="battle-history"><small>Celesteela's Attack fell!</small><br></div><div class="spacer battle-history"><br></div><div class="battle-history">Celesteela used <strong>Protect</strong>!<br></div><div class="battle-history"><small>But it failed!</small><br></div><div class="spacer battle-history"><br></div><h2 class="battle-history">Turn 8</h2><div class="spacer battle-history"><br></div><div class="battle-history">№56 Cyan withdrew Landorus!<br></div><div class="battle-history">№56 Cyan sent out <strong>Chesnaught</strong>!<br></div><div class="spacer battle-history"><br></div><div class="battle-history">Celesteela used <strong>Leech Seed</strong>!<br></div><div class="battle-history"><small>It doesn't affect the opposing Chesnaught...</small><br></div><div class="spacer battle-history"><br></div><h2 class="battle-history">Turn 9</h2><div class="spacer battle-history"><br></div><div class="battle-history">№56 Cyan withdrew Chesnaught!<br></div><div class="battle-history">№56 Cyan sent out <strong>Emboar</strong>!<br></div><div class="spacer battle-history"><br></div><div class="battle-history">Celesteela used <strong>Flamethrower</strong>!<br></div><div class="battle-history"><small>It's not very effective...</small><br></div><div class="battle-history"><small>(The opposing Emboar lost <abbr title="−33/423">7.8%</abbr> of its health!)</small><br></div><div class="spacer battle-history"><br></div><h2 class="battle-history">Turn 10</h2><div class="spacer battle-history"><br></div><div class="battle-history">Celesteela used <strong>Protect</strong>!<br></div><div class="battle-history"><small>Celesteela protected itself!</small><br></div><div class="spacer battle-history"><br></div><div class="battle-history">The opposing Emboar used <strong>Power-Up Punch</strong>!<br></div><div class="battle-history"><small>Celesteela protected itself!</small><br></div><div class="spacer battle-history"><br></div><h2 class="battle-history">Turn 11</h2><div class="chat chatmessage-paulog"><strong style="color:hsl(55,70%,35%)"><small> </small><span class="username" data-name="Paulo G">Paulo G</span>:</strong> <em>№56 Cyan me gusta tu equipo :D</em></div><div class="spacer battle-history"><br></div><div class="battle-history">Celesteela, come back!<br></div><div class="battle-history">Go! Keldeo (<strong>Keldeo-Resolute</strong>)!<br></div><div class="spacer battle-history"><br></div><div class="battle-history">The opposing Emboar used <strong>Thunder Punch</strong>!<br></div><div class="battle-history"><small>It's super effective!</small><br></div><div class="battle-history"><small>(Keldeo lost <abbr title="−214/323">66.3%</abbr> of its health!)</small><br></div><div class="spacer battle-history"><br></div><h2 class="battle-history">Turn 12</h2><div class="spacer battle-history"><br></div><div class="battle-history">The opposing Emboar used <strong>Sucker Punch</strong>!<br></div><div class="battle-history"><small>It's not very effective...</small><br></div><div class="battle-history"><small>(Keldeo lost <abbr title="−3/323">0.9%</abbr> of its health!)</small><br></div><div class="spacer battle-history"><br></div><div class="battle-history">Keldeo fainted!<br></div><div class="spacer battle-history"><br></div><div class="battle-history">Go! <strong>Mamoswine</strong>!<br></div><div class="spacer battle-history"><br></div><h2 class="battle-history">Turn 13</h2><div class="spacer battle-history"><br></div><div class="battle-history">Mamoswine used <strong>Earthquake</strong>!<br></div><div class="battle-history"><small>It's super effective!</small><br></div><div class="battle-history"><small>(The opposing Emboar lost <abbr title="−390/423">92.2%</abbr> of its health!)</small><br></div><div class="battle-history"><small>Mamoswine lost some of its HP!</small><br></div><div class="spacer battle-history"><br></div><div class="battle-history">The opposing Emboar fainted!<br></div><div class="spacer battle-history"><br></div><div class="battle-history">№56 Cyan sent out <strong>Pikachu</strong>!<br></div><div class="spacer battle-history"><br></div><h2 class="battle-history">Turn 14</h2><div class="spacer battle-history"><br></div><div class="battle-history">The opposing Pikachu used <strong>Brick Break</strong>!<br></div><div class="battle-history"><small>It's super effective!</small><br></div><div class="battle-history"><small>(Mamoswine lost <abbr title="−170/361">47.1%</abbr> of its health!)</small><br></div><div class="spacer battle-history"><br></div><div class="battle-history">Mamoswine used <strong>Earthquake</strong>!<br></div><div class="battle-history"><small>It's super effective!</small><br></div><div class="battle-history"><small>(The opposing Pikachu lost <abbr title="−185/211">87.7%</abbr> of its health!)</small><br></div><div class="battle-history"><small>Mamoswine lost some of its HP!</small><br></div><div class="spacer battle-history"><br></div><div class="battle-history">The opposing Pikachu fainted!<br></div><div class="spacer battle-history"><br></div><div class="battle-history">№56 Cyan sent out Landorus (<strong>Landorus-Therian</strong>)!<br></div><div class="battle-history"><small>[The opposing Landorus's Intimidate]</small><br></div><div class="battle-history"><small>Mamoswine's Attack fell!</small><br></div><div class="spacer battle-history"><br></div><h2 class="battle-history">Turn 15</h2><div class="spacer battle-history"><br></div><div class="battle-history">Mamoswine used <strong>Icicle Crash</strong>!<br></div><div class="battle-history"><small>The opposing Landorus avoided the attack!</small><br></div><div class="spacer battle-history"><br></div><div class="battle-history">The opposing Landorus used <strong>Earthquake</strong>!<br></div><div class="battle-history"><small>(Mamoswine lost <abbr title="−119/361">33.0%</abbr> of its health!)</small><br></div><div class="spacer battle-history"><br></div><div class="battle-history">Mamoswine fainted!<br></div><div class="spacer battle-history"><br></div><div class="battle-history">Go! <strong>Clefable</strong>!<br></div><div class="spacer battle-history"><br></div><h2 class="battle-history">Turn 16</h2><div class="spacer battle-history"><br></div><div class="battle-history">The opposing Landorus used <strong>Explosion</strong>!<br></div><div class="battle-history"><small>(Clefable lost <abbr title="−283/394">71.8%</abbr> of its health!)</small><br></div><div class="spacer battle-history"><br></div><div class="battle-history">The opposing Landorus fainted!<br></div><div class="battle-history">Clefable used <strong>Moonblast</strong>!<br></div><div class="battle-history"><small>But there was no target...</small><br></div><div class="spacer battle-history"><br></div><div class="battle-history"><small>Clefable restored a little HP using its Leftovers!</small><br></div><div class="spacer battle-history"><br></div><div class="battle-history">№56 Cyan sent out <strong>Alakazam</strong>!<br></div><div class="spacer battle-history"><br></div><h2 class="battle-history">Turn 17</h2><div class="chat chatmessage-nomanshax"><strong style="color:hsl(105,82%,35%)"><small>☆</small><span class="username" data-name="No man's hax">No man's hax</span>:</strong> <em>gg</em></div><div class="spacer battle-history"><br></div><div class="battle-history">Clefable, come back!<br></div><div class="battle-history">Go! <strong>Zapdos</strong>!<br></div><div class="spacer battle-history"><br></div><div class="battle-history">The opposing Alakazam used <strong>Substitute</strong>!<br></div><div class="battle-history"><small>The opposing Alakazam put in a substitute!</small><br></div><div class="battle-history"><small>(The opposing Alakazam lost <abbr title="−62/251">24.7%</abbr> of its health!)</small><br></div><div class="spacer battle-history"><br></div><h2 class="battle-history">Turn 18</h2><div class="spacer battle-history"><br></div><div class="battle-history"><small>The opposing Alakazam's Alakazite is reacting to the Key Stone!</small><br>The opposing Alakazam has Mega Evolved into Mega Alakazam!<br></div><div class="battle-history"><small>[The opposing Alakazam's Trace]</small><br><small>[The opposing Alakazam's Static]</small><br><small>The opposing Alakazam traced Zapdos's Static!</small><br></div><div class="spacer battle-history"><br></div><div class="battle-history">The opposing Alakazam used <strong>Psyshock</strong>!<br></div><div class="battle-history"><small>(Zapdos lost <abbr title="−144/383">37.6%</abbr> of its health!)</small><br></div><div class="spacer battle-history"><br></div><div class="battle-history">Zapdos used <strong>Discharge</strong>!<br></div><div class="battle-history"><small>The opposing Alakazam's substitute faded!</small><br></div><div class="spacer battle-history"><br></div><div class="battle-history"><small>Zapdos restored a little HP using its Leftovers!</small><br></div><div class="spacer battle-history"><br></div><h2 class="battle-history">Turn 19</h2><div class="spacer battle-history"><br></div><div class="battle-history">The opposing Alakazam used <strong>Psyshock</strong>!<br></div><div class="battle-history"><small>(Zapdos lost <abbr title="−157/383">41.0%</abbr> of its health!)</small><br></div><div class="spacer battle-history"><br></div><div class="battle-history">Zapdos used <strong>Discharge</strong>!<br></div><div class="battle-history"><small>(The opposing Alakazam lost <abbr title="−114/251">45.4%</abbr> of its health!)</small><br></div><div class="spacer battle-history"><br></div><div class="battle-history"><small>Zapdos restored a little HP using its Leftovers!</small><br></div><div class="spacer battle-history"><br></div><h2 class="battle-history">Turn 20</h2><div class="spacer battle-history"><br></div><div class="battle-history">The opposing Alakazam used <strong>Psyshock</strong>!<br></div><div class="battle-history"><small>(Zapdos lost <abbr title="−128/383">33.4%</abbr> of its health!)</small><br></div><div class="spacer battle-history"><br></div><div class="battle-history">Zapdos fainted!<br></div><div class="spacer battle-history"><br></div><div class="battle-history">Go! <strong>Lopunny</strong>!<br></div><div class="spacer battle-history"><br></div><h2 class="battle-history">Turn 21</h2><div class="spacer battle-history"><br></div><div class="battle-history"><small>Lopunny's Lopunnite is reacting to the Key Stone!</small><br>Lopunny has Mega Evolved into Mega Lopunny!<br></div><div class="spacer battle-history"><br></div><div class="battle-history">The opposing Alakazam used <strong>Psyshock</strong>!<br></div><div class="battle-history"><small>It's super effective!</small><br></div><div class="battle-history"><small>(Lopunny lost <abbr title="−272/272">100%</abbr> of its health!)</small><br></div><div class="spacer battle-history"><br></div><div class="battle-history">Lopunny fainted!<br></div><div class="spacer battle-history"><br></div><div class="battle-history">Go! <strong>Celesteela</strong>!<br></div><div class="spacer battle-history"><br></div><h2 class="battle-history">Turn 22</h2><div class="spacer battle-history"><br></div><div class="battle-history">The opposing Alakazam used <strong>Focus Blast</strong>!<br></div><div class="battle-history"><small>(Celesteela lost <abbr title="−156/397">39.3%</abbr> of its health!)</small><br></div><div class="spacer battle-history"><br></div><div class="battle-history">Celesteela used <strong>Heavy Slam</strong>!<br></div><div class="battle-history"><small>(The opposing Alakazam lost <abbr title="−75/251">29.9%</abbr> of its health!)</small><br></div><div class="spacer battle-history"><br></div><div class="battle-history">The opposing Alakazam fainted!<br></div><div class="battle-history"><small>[Celesteela's Beast Boost]</small><br></div><div class="battle-history"><small>Celesteela's Defense rose!</small><br></div><div class="spacer battle-history"><br></div><div class="battle-history"><small>Celesteela restored a little HP using its Leftovers!</small><br></div><div class="spacer battle-history"><br></div><div class="battle-history">№56 Cyan sent out <strong>Chesnaught</strong>!<br></div><div class="spacer battle-history"><br></div><h2 class="battle-history">Turn 23</h2><div class="spacer battle-history"><br></div><div class="battle-history">The opposing Chesnaught used <strong>Belly Drum</strong>!<br></div><div class="battle-history"><small>(The opposing Chesnaught lost <abbr title="−158/317">49.8%</abbr> of its health!)</small><br></div><div class="battle-history"><small>The opposing Chesnaught cut its own HP and maximized its Attack!</small><br></div><div class="spacer battle-history"><br></div><div class="battle-history">Celesteela used <strong>Flamethrower</strong>!<br></div><div class="battle-history"><small>It's super effective!</small><br></div><div class="battle-history"><small>(The opposing Chesnaught lost <abbr title="−159/317">50.2%</abbr> of its health!)</small><br></div><div class="spacer battle-history"><br></div><div class="battle-history">The opposing Chesnaught fainted!<br></div><div class="spacer battle-history"><br></div><div class="battle-history"><strong>No man's hax</strong> won the battle!<br></div><div class="chat chatmessage-56cyan"><strong style="color:hsl(21,44%,44.192338832808616%)"><small>☆</small><span class="username" data-name="№56 Cyan">№56 Cyan</span>:</strong> <em>sad</em></div><div class="chat chatmessage-56cyan"><strong style="color:hsl(21,44%,44.192338832808616%)"><small>☆</small><span class="username" data-name="№56 Cyan">№56 Cyan</span>:</strong> <em>no resistía</em></div></div><div class="inner-preempt"></div></div></div>
</div>
<script>
let daily = Math.floor(Date.now()/1000/60/60/24);document.write('<script src="https://play.pokemonshowdown.com/js/replay-embed.js?version'+daily+'"></'+'script>');
</script>
