<!DOCTYPE html>
<meta charset="utf-8" />
<!-- version 1 -->
<title>OU replay: Maury XD vs. Mi Persona Murio</title>
<style>
html,body {font-family:Verdana, sans-serif;font-size:10pt;margin:0;padding:0;}body{padding:12px 0;} .battle-log {font-family:Verdana, sans-serif;font-size:10pt;} .battle-log-inline {border:1px solid #AAAAAA;background:#EEF2F5;color:black;max-width:640px;margin:0 auto 80px;padding-bottom:5px;} .battle-log .inner {padding:4px 8px 0px 8px;} .battle-log .inner-preempt {padding:0 8px 4px 8px;} .battle-log .inner-after {margin-top:0.5em;} .battle-log h2 {margin:0.5em -8px;padding:4px 8px;border:1px solid #AAAAAA;background:#E0E7EA;border-left:0;border-right:0;font-family:Verdana, sans-serif;font-size:13pt;} .battle-log .chat {vertical-align:middle;padding:3px 0 3px 0;font-size:8pt;} .battle-log .chat strong {color:#40576A;} .battle-log .chat em {padding:1px 4px 1px 3px;color:#000000;font-style:normal;} .chat.mine {background:rgba(0,0,0,0.05);margin-left:-8px;margin-right:-8px;padding-left:8px;padding-right:8px;} .spoiler {color:#BBBBBB;background:#BBBBBB;padding:0px 3px;} .spoiler:hover, .spoiler:active, .spoiler-shown {color:#000000;background:#E2E2E2;padding:0px 3px;} .spoiler a {color:#BBBBBB;} .spoiler:hover a, .spoiler:active a, .spoiler-shown a {color:#2288CC;} .chat code, .chat .spoiler:hover code, .chat .spoiler:active code, .chat .spoiler-shown code {border:1px solid #C0C0C0;background:#EEEEEE;color:black;padding:0 2px;} .chat .spoiler code {border:1px solid #CCCCCC;background:#CCCCCC;color:#CCCCCC;} .battle-log .rated {padding:3px 4px;} .battle-log .rated strong {color:white;background:#89A;padding:1px 4px;border-radius:4px;} .spacer {margin-top:0.5em;} .message-announce {background:#6688AA;color:white;padding:1px 4px 2px;} .message-announce a, .broadcast-green a, .broadcast-blue a, .broadcast-red a {color:#DDEEFF;} .broadcast-green {background-color:#559955;color:white;padding:2px 4px;} .broadcast-blue {background-color:#6688AA;color:white;padding:2px 4px;} .infobox {border:1px solid #6688AA;padding:2px 4px;} .infobox-limited {max-height:200px;overflow:auto;overflow-x:hidden;} .broadcast-red {background-color:#AA5544;color:white;padding:2px 4px;} .message-learn-canlearn {font-weight:bold;color:#228822;text-decoration:underline;} .message-learn-cannotlearn {font-weight:bold;color:#CC2222;text-decoration:underline;} .message-effect-weak {font-weight:bold;color:#CC2222;} .message-effect-resist {font-weight:bold;color:#6688AA;} .message-effect-immune {font-weight:bold;color:#666666;} .message-learn-list {margin-top:0;margin-bottom:0;} .message-throttle-notice, .message-error {color:#992222;} .message-overflow, .chat small.message-overflow {font-size:0pt;} .message-overflow::before {font-size:9pt;content:'...';} .subtle {color:#3A4A66;}
</style>
<div class="wrapper replay-wrapper" style="max-width:1180px;margin:0 auto">
<input type="hidden" name="replayid" value="destiny-ou-491011" />
<div class="battle"></div><div class="battle-log"></div><div class="replay-controls"></div><div class="replay-controls-2"></div>
<h1 style="font-weight:normal;text-align:center"><strong>OU</strong><br /><a href="http://pokemonshowdown.com/users/mauryxd" class="subtle" target="_blank">Maury XD</a> vs. <a href="http://pokemonshowdown.com/users/mipersonamurio" class="subtle" target="_blank">Mi Persona Murio</a></h1>
<script type="text/plain" class="battle-log-data">|player|p1|Maury XD|maury.gif?f0a6488a
|teamsize|p1|6
|player|p2|Mi Persona Murio|mipersonamurio-3.gif?7372f500
|teamsize|p2|6
|teamsize|p1|6
|teamsize|p2|6
|gametype|singles
|gen|7
|tier|OU
|seed|9138,44169,17585,58196
|rule|Cláusula-Mod de Dormir: solo puedes dormir a uno de tus oponentes a la vez.
|rule|Cláusula de Especie: Hasta un Pokémon de cada especie
|rule|Cláusula de Golpe Fulminante: los movimientos fulminantes (OHKO) estan prohibidos
|rule|Cláusula de Veleta: la habilidad Veleta está prohibida
|rule|Cláusula de Movimientos Evasivos: los movimientos de Evasión están prohibidos.
|rule|Cláusula de Batallas Eternas: forzar batallas eternas está prohibido
|clearpoke
|poke|p1|Absol, M|item
|poke|p1|Jirachi|item
|poke|p1|Zapdos|item
|poke|p1|Keldeo-Resolute|item
|poke|p1|Tyranitar, M|item
|poke|p1|Zygarde|item
|poke|p2|Reuniclus, F|item
|poke|p2|Greninja, F|item
|poke|p2|Zygarde|item
|poke|p2|Tangrowth, F|item
|poke|p2|Zapdos|item
|poke|p2|Mawile, M|item
|teampreview|undefined
|c|☆Mi Persona Murio|absol lol
|choice|*|*team 213456
|c|☆Maury XD|hace rato tengo este team, lo voy a probar e.e
|c|☆Mi Persona Murio|juega pos :v
|choice|*team 213456|*
|choice|team 2, 1, 3, 4, 5, 6|team 2, 1, 3, 4, 5, 6
|
|start
|switch|p1a: Jirachi|Jirachi|404\/404
|switch|p2a: Greninja|Greninja, F|285\/285
|turn|1
|choice|*|*move 2
|choice|*move 2|*
|choice|move uturn|move uturn
|
|move|p2a: Greninja|U-turn|p1a: Jirachi
|-start|p2a: Greninja|typechange|Bug|[from] Protean
|-damage|p1a: Jirachi|305\/404
|choice|*|*switch 5
|choice||switch 5
|
|switch|p2a: Zapdos|Zapdos|383\/383|[from]move: U-turn
|move|p1a: Jirachi|U-turn|p2a: Zapdos
|-resisted|p2a: Zapdos
|-damage|p2a: Zapdos|362\/383
|choice|*switch 5|*
|choice|switch 5|
|
|switch|p1a: Tyranitar|Tyranitar, M|404\/404|[from]move: U-turn
|-weather|Sandstorm|[from] ability: Sand Stream|[of] p1a: Tyranitar
|
|-weather|Sandstorm|[upkeep]
|-damage|p2a: Zapdos|339\/383|[from] sandstorm
|-heal|p2a: Zapdos|362\/383|[from] item: Leftovers
|upkeep
|turn|2
|choice|*move 1|*
|choice|*|*switch 3
|choice|move crunch|switch 3
|
|switch|p2a: Zygarde|Zygarde|357\/357
|-ability|p2a: Zygarde|Aura Break
|move|p1a: Tyranitar|Crunch|p2a: Zygarde
|-damage|p2a: Zygarde|135\/357
|
|-weather|Sandstorm|[upkeep]
|upkeep
|turn|3
|choice|*|*move 1
|choice|*switch 6|*
|choice|switch 6|move thousandarrows
|
|switch|p1a: Zygarde|Zygarde|357\/357
|-ability|p1a: Zygarde|Aura Break
|move|p2a: Zygarde|Thousand Arrows|p1a: Zygarde
|-damage|p1a: Zygarde|171\/357
|
|-weather|Sandstorm|[upkeep]
|upkeep
|turn|4
|choice|*|*switch 4
|choice|*move 4|*
|choice|move thousandarrows|switch 4
|
|switch|p2a: Tangrowth|Tangrowth, F|404\/404
|move|p1a: Zygarde|Thousand Arrows|p2a: Tangrowth
|-resisted|p2a: Tangrowth
|-damage|p2a: Tangrowth|347\/404
|
|-weather|Sandstorm|[upkeep]
|-damage|p2a: Tangrowth|322\/404|[from] sandstorm
|upkeep
|turn|5
|choice|*switch 5|*
|choice|*|*move 2
|choice|switch 5|move knockoff
|
|switch|p1a: Jirachi|Jirachi|305\/404
|move|p2a: Tangrowth|Knock Off|p1a: Jirachi
|-supereffective|p1a: Jirachi
|-damage|p1a: Jirachi|149\/404
|-enditem|p1a: Jirachi|Leftovers|[from] move: Knock Off|[of] p2a: Tangrowth
|
|-weather|none
|upkeep
|turn|6
|choice|*move 4|*
|choice|*|*switch 4
|choice|move stealthrock|switch 4
|
|switch|p2a: Zygarde|Zygarde|135\/357
|-ability|p2a: Zygarde|Aura Break
|move|p1a: Jirachi|Stealth Rock|p2a: Zygarde
|-sidestart|p2: Mi Persona Murio|move: Stealth Rock
|
|upkeep
|turn|7
|choice|*move 1|*
|choice|*|*move 4
|choice|move ironhead|move rest
|
|move|p1a: Jirachi|Iron Head|p2a: Zygarde
|-damage|p2a: Zygarde|47\/357
|move|p2a: Zygarde|Rest|p2a: Zygarde
|-status|p2a: Zygarde|slp
|-heal|p2a: Zygarde|357\/357 slp|[silent]
|-status|p2a: Zygarde|slp|[from] move: Rest
|
|upkeep
|turn|8
|choice|*move 3|*
|c|☆Mi Persona Murio|es neta?
|choice|*|*switch 3
|choice|move wish|switch 3
|
|switch|p2a: Zapdos|Zapdos|362\/383
|-damage|p2a: Zapdos|267\/383|[from] Stealth Rock
|move|p1a: Jirachi|Wish|p1a: Jirachi
|
|-heal|p2a: Zapdos|290\/383|[from] item: Leftovers
|upkeep
|turn|9
|choice|*|*move 4
|choice|*move 1|*
|choice|move ironhead|move defog
|
|move|p1a: Jirachi|Iron Head|p2a: Zapdos
|-resisted|p2a: Zapdos
|-damage|p2a: Zapdos|253\/383
|cant|p2a: Zapdos|flinch
|
|-heal|p1a: Jirachi|351\/404|[from] move: Wish|[wisher] Jirachi
|-heal|p2a: Zapdos|276\/383|[from] item: Leftovers
|upkeep
|turn|10
|c|☆Mi Persona Murio|eres jirachi leftis wissh full speed?
|c|☆Mi Persona Murio|oc
|choice|*|*move 4
|choice|*move 3|*
|choice|move wish|move defog
|
|move|p1a: Jirachi|Wish|p1a: Jirachi
|move|p2a: Zapdos|Defog|p1a: Jirachi
|-unboost|p1a: Jirachi|evasion|1
|-sideend|p2: Mi Persona Murio|Stealth Rock|[from] move: Defog|[of] p2a: Zapdos
|
|-heal|p2a: Zapdos|299\/383|[from] item: Leftovers
|upkeep
|turn|11
|choice|*|*move 1
|choice|*move 4|*
|choice|move stealthrock|move discharge
|
|move|p1a: Jirachi|Stealth Rock|p2a: Zapdos
|-sidestart|p2: Mi Persona Murio|move: Stealth Rock
|move|p2a: Zapdos|Discharge|p1a: Jirachi
|-damage|p1a: Jirachi|233\/404
|-status|p1a: Jirachi|par
|
|-heal|p1a: Jirachi|404\/404 par|[from] move: Wish|[wisher] Jirachi
|-heal|p2a: Zapdos|322\/383|[from] item: Leftovers
|upkeep
|turn|12
|choice|*|*move 4
|choice|*move 3|*
|choice|move wish|move defog
|
|move|p2a: Zapdos|Defog|p1a: Jirachi
|-unboost|p1a: Jirachi|evasion|1
|-sideend|p2: Mi Persona Murio|Stealth Rock|[from] move: Defog|[of] p2a: Zapdos
|cant|p1a: Jirachi|par
|
|-heal|p2a: Zapdos|345\/383|[from] item: Leftovers
|upkeep
|turn|13
|choice|*switch 5|*
|choice|*|*move 3
|choice|switch 5|move heatwave
|
|switch|p1a: Zygarde|Zygarde|171\/357
|-ability|p1a: Zygarde|Aura Break
|move|p2a: Zapdos|Heat Wave|p1a: Zygarde
|-resisted|p1a: Zygarde
|-damage|p1a: Zygarde|128\/357
|-status|p1a: Zygarde|brn
|
|-heal|p2a: Zapdos|368\/383|[from] item: Leftovers
|-damage|p1a: Zygarde|106\/357 brn|[from] brn
|upkeep
|turn|14
|c|☆Mi Persona Murio|lol
|choice|*|*switch 4
|c|☆Maury XD|ay que asco que das isra por el amor de dios
|c|☆Mi Persona Murio|espero y sea rest como el mio :v
|c|☆Maury XD|sos mas sucio que cac viva hermano
|c|☆Maury XD|caca*
|c|☆Mi Persona Murio|jajaja
|choice|*switch 6|*
|choice|switch 6|switch 4
|
|switch|p1a: Tyranitar|Tyranitar, M|404\/404
|-weather|Sandstorm|[from] ability: Sand Stream|[of] p1a: Tyranitar
|switch|p2a: Tangrowth|Tangrowth, F|404\/404
|
|-weather|Sandstorm|[upkeep]
|-damage|p2a: Tangrowth|379\/404|[from] sandstorm
|upkeep
|turn|15
|c|☆Mi Persona Murio|no mames
|choice|*|*move 1
|c|☆Maury XD|no c:
|choice|*move 1|*
|choice|move crunch|move gigadrain
|
|move|p1a: Tyranitar|Crunch|p2a: Tangrowth
|-damage|p2a: Tangrowth|196\/404
|move|p2a: Tangrowth|Giga Drain|p1a: Tyranitar
|-supereffective|p1a: Tyranitar
|-damage|p1a: Tyranitar|284\/404
|-heal|p2a: Tangrowth|256\/404|[from] drain|[of] p1a: Tyranitar
|
|-weather|Sandstorm|[upkeep]
|-damage|p2a: Tangrowth|231\/404|[from] sandstorm
|upkeep
|turn|16
|choice|*move 1|*
|choice|*|*move 1
|choice|move crunch|move gigadrain
|
|move|p1a: Tyranitar|Crunch|p2a: Tangrowth
|-damage|p2a: Tangrowth|27\/404
|move|p2a: Tangrowth|Giga Drain|p1a: Tyranitar
|-supereffective|p1a: Tyranitar
|-damage|p1a: Tyranitar|158\/404
|-heal|p2a: Tangrowth|90\/404|[from] drain|[of] p1a: Tyranitar
|
|-weather|Sandstorm|[upkeep]
|-damage|p2a: Tangrowth|65\/404|[from] sandstorm
|upkeep
|turn|17
|choice|*|*switch 6
|choice|*move 1|*
|choice|move crunch|switch 6
|
|switch|p2a: Mawile|Mawile, M|281\/281
|move|p1a: Tyranitar|Crunch|p2a: Mawile
|-resisted|p2a: Mawile
|-damage|p2a: Mawile|150\/281
|
|-weather|Sandstorm|[upkeep]
|upkeep
|turn|18
|choice|*|*move 4 mega
|choice|*switch 3|*
|choice|switch 3|move stealthrock mega
|
|switch|p1a: Zapdos|Zapdos|384\/384
|-mega|p2a: Mawile|Mawile|Mawilite
|detailschange|p2a: Mawile|Mawile-Mega, M
|move|p2a: Mawile|Stealth Rock|p1a: Zapdos
|-sidestart|p1: Maury XD|move: Stealth Rock
|
|-weather|none
|upkeep
|turn|19
|choice|*move 1|*
|choice|*|*switch 6
|choice|move defog|switch 6
|
|switch|p2a: Tangrowth|Tangrowth, F|199\/404
|move|p1a: Zapdos|Defog|p2a: Tangrowth
|-unboost|p2a: Tangrowth|evasion|1
|-sideend|p1: Maury XD|Stealth Rock|[from] move: Defog|[of] p1a: Zapdos
|
|upkeep
|turn|20
|choice|*|*switch 3
|choice|*switch 5|*
|choice|switch 5|switch 3
|
|switch|p1a: Jirachi|Jirachi|404\/404 par
|switch|p2a: Zygarde|Zygarde|357\/357 slp
|-ability|p2a: Zygarde|Aura Break
|
|upkeep
|turn|21
|choice|*move 4|*
|choice|*|*move 3
|choice|move stealthrock|move sleeptalk
|
|cant|p2a: Zygarde|slp
|move|p2a: Zygarde|Sleep Talk|p2a: Zygarde
|move|p2a: Zygarde|Thousand Arrows|p1a: Jirachi|[from]Sleep Talk
|-supereffective|p1a: Jirachi
|-damage|p1a: Jirachi|0 fnt
|faint|p1a: Jirachi
|
|upkeep
|c|☆Mi Persona Murio|rip
|choice|*switch 2|*
|choice|switch 2|
|
|switch|p1a: Absol|Absol, M|271\/271
|turn|22
|choice|*move 4 mega|*
|choice|*|*switch 5
|choice|move icebeam mega|switch 5
|
|switch|p2a: Greninja|Greninja, F|285\/285
|-mega|p1a: Absol|Absol|Absolite
|detailschange|p1a: Absol|Absol-Mega, M
|move|p1a: Absol|Ice Beam|p2a: Greninja
|-resisted|p2a: Greninja
|-damage|p2a: Greninja|230\/285
|
|upkeep
|turn|23
|choice|*switch 5|*
|choice|*|*move 2
|choice|switch 5|move uturn
|
|switch|p1a: Zapdos|Zapdos|384\/384
|move|p2a: Greninja|U-turn|p1a: Zapdos
|-start|p2a: Greninja|typechange|Bug|[from] Protean
|-resisted|p1a: Zapdos
|-damage|p1a: Zapdos|345\/384
|choice|*|*switch 5
|choice||switch 5
|
|switch|p2a: Zygarde|Zygarde|357\/357 slp|[from]move: U-turn
|-ability|p2a: Zygarde|Aura Break
|
|-heal|p1a: Zapdos|369\/384|[from] item: Leftovers
|upkeep
|turn|24
|choice|*move 3|*
|choice|*|*switch 4
|choice|move hiddenpower|switch 4
|
|switch|p2a: Zapdos|Zapdos|368\/383
|move|p1a: Zapdos|Hidden Power|p2a: Zapdos
|-supereffective|p2a: Zapdos
|-damage|p2a: Zapdos|244\/383
|
|-heal|p1a: Zapdos|384\/384|[from] item: Leftovers
|-heal|p2a: Zapdos|267\/383|[from] item: Leftovers
|upkeep
|turn|25
|choice|*switch 6|*
|choice|*|*move 1
|choice|switch 6|move discharge
|
|switch|p1a: Zygarde|Zygarde|106\/357 brn
|-ability|p1a: Zygarde|Aura Break
|move|p2a: Zapdos|Discharge|p1a: Zygarde
|-immune|p1a: Zygarde|[msg]
|
|-heal|p2a: Zapdos|290\/383|[from] item: Leftovers
|-damage|p1a: Zygarde|84\/357 brn|[from] brn
|upkeep
|turn|26
|choice|*|*switch 3
|choice|*move 1|*
|choice|move dragondance|switch 3
|
|switch|p2a: Tangrowth|Tangrowth, F|333\/404
|move|p1a: Zygarde|Dragon Dance|p1a: Zygarde
|-boost|p1a: Zygarde|atk|1
|-boost|p1a: Zygarde|spe|1
|
|-damage|p1a: Zygarde|62\/357 brn|[from] brn
|upkeep
|turn|27
|choice|*switch 6|*
|choice|*|*move 3
|choice|switch 6|move hiddenpower
|
|switch|p1a: Zapdos|Zapdos|384\/384
|move|p2a: Tangrowth|Hidden Power|p1a: Zapdos
|-supereffective|p1a: Zapdos
|-damage|p1a: Zapdos|282\/384
|
|-heal|p1a: Zapdos|306\/384|[from] item: Leftovers
|upkeep
|turn|28
|choice|*move 2|*
|choice|*|*move 2
|choice|move discharge|move knockoff
|
|move|p1a: Zapdos|Discharge|p2a: Tangrowth
|-resisted|p2a: Tangrowth
|-damage|p2a: Tangrowth|292\/404
|move|p2a: Tangrowth|Knock Off|p1a: Zapdos
|-damage|p1a: Zapdos|241\/384
|-enditem|p1a: Zapdos|Leftovers|[from] move: Knock Off|[of] p2a: Tangrowth
|
|upkeep
|turn|29
|choice|*|*switch 3
|choice|*move 4|*
|choice|move roost|switch 3
|
|switch|p2a: Zapdos|Zapdos|290\/383
|move|p1a: Zapdos|Roost|p1a: Zapdos
|-heal|p1a: Zapdos|384\/384
|
|-heal|p2a: Zapdos|313\/383|[from] item: Leftovers
|upkeep
|turn|30
|c|☆Mi Persona Murio|no me paralizo
|choice|*switch 6|*
|c|☆Mi Persona Murio|ALELUYA
|choice|*|*move 1
|choice|switch 6|move discharge
|
|switch|p1a: Zygarde|Zygarde|62\/357 brn
|-ability|p1a: Zygarde|Aura Break
|move|p2a: Zapdos|Discharge|p1a: Zygarde
|-immune|p1a: Zygarde|[msg]
|
|-heal|p2a: Zapdos|336\/383|[from] item: Leftovers
|-damage|p1a: Zygarde|40\/357 brn|[from] brn
|upkeep
|turn|31
|choice|*|*switch 3
|choice|*move 4|*
|choice|move thousandarrows|switch 3
|
|switch|p2a: Tangrowth|Tangrowth, F|404\/404
|move|p1a: Zygarde|Thousand Arrows|p2a: Tangrowth
|-resisted|p2a: Tangrowth
|-damage|p2a: Tangrowth|376\/404
|
|-damage|p1a: Zygarde|18\/357 brn|[from] brn
|upkeep
|turn|32
|choice|*move 3 zmove|*
|choice|*|*move 3
|choice|move irontail zmove|move hiddenpower
|
|-zpower|p1a: Zygarde
|move|p1a: Zygarde|Corkscrew Crash|p2a: Tangrowth|[zeffect]
|-damage|p2a: Tangrowth|299\/404
|move|p2a: Tangrowth|Hidden Power|p1a: Zygarde
|-supereffective|p1a: Zygarde
|-damage|p1a: Zygarde|0 fnt
|faint|p1a: Zygarde
|
|upkeep
|choice|*switch 5|*
|choice|switch 5|
|
|switch|p1a: Absol|Absol-Mega, M|271\/271
|turn|33
|choice|*move 1|*
|choice|*|*move 1
|choice|move swordsdance|move gigadrain
|
|move|p1a: Absol|Swords Dance|p1a: Absol
|-boost|p1a: Absol|atk|2
|move|p2a: Tangrowth|Giga Drain|p1a: Absol
|-damage|p1a: Absol|132\/271
|-heal|p2a: Tangrowth|369\/404|[from] drain|[of] p1a: Absol
|
|upkeep
|turn|34
|choice|*move 2|*
|choice|*|*move 1
|choice|move knockoff|move gigadrain
|
|move|p1a: Absol|Knock Off|p2a: Tangrowth
|-damage|p2a: Tangrowth|77\/404
|-enditem|p2a: Tangrowth|Assault Vest|[from] move: Knock Off|[of] p1a: Absol
|move|p2a: Tangrowth|Giga Drain|p1a: Absol
|-damage|p1a: Absol|0 fnt
|-heal|p2a: Tangrowth|143\/404|[from] drain|[of] p1a: Absol
|faint|p1a: Absol
|
|upkeep
|choice|*switch 3|*
|choice|switch 3|
|
|switch|p1a: Tyranitar|Tyranitar, M|158\/404
|-weather|Sandstorm|[from] ability: Sand Stream|[of] p1a: Tyranitar
|turn|35
|choice|*|*move 1
|choice|*move 3|*
|choice|move pursuit|move gigadrain
|
|move|p1a: Tyranitar|Pursuit|p2a: Tangrowth
|-damage|p2a: Tangrowth|43\/404
|move|p2a: Tangrowth|Giga Drain|p1a: Tyranitar
|-supereffective|p1a: Tyranitar
|-damage|p1a: Tyranitar|36\/404
|-heal|p2a: Tangrowth|104\/404|[from] drain|[of] p1a: Tyranitar
|
|-weather|Sandstorm|[upkeep]
|-damage|p2a: Tangrowth|79\/404|[from] sandstorm
|upkeep
|turn|36
|choice|*move 3|*
|choice|*|*move 1
|choice|move pursuit|move gigadrain
|
|move|p1a: Tyranitar|Pursuit|p2a: Tangrowth
|-damage|p2a: Tangrowth|0 fnt
|faint|p2a: Tangrowth
|
|-weather|Sandstorm|[upkeep]
|upkeep
|choice|*|*switch 5
|choice||switch 5
|
|switch|p2a: Greninja|Greninja, F|230\/285
|turn|37
|choice|*switch 6|*
|choice|*|*move 4
|choice|switch 6|move toxicspikes
|
|switch|p1a: Zapdos|Zapdos|384\/384
|move|p2a: Greninja|Toxic Spikes|p1a: Zapdos
|-start|p2a: Greninja|typechange|Poison|[from] Protean
|-sidestart|p1: Maury XD|move: Toxic Spikes
|
|-weather|Sandstorm|[upkeep]
|-damage|p2a: Greninja|213\/285|[from] sandstorm
|-damage|p1a: Zapdos|360\/384|[from] sandstorm
|upkeep
|turn|38
|choice|*move 1|*
|choice|*|*switch 2
|choice|move defog|switch 2
|
|switch|p2a: Reuniclus|Reuniclus, F|424\/424
|move|p1a: Zapdos|Defog|p2a: Reuniclus
|-unboost|p2a: Reuniclus|evasion|1
|-sideend|p1: Maury XD|Toxic Spikes|[from] move: Defog|[of] p1a: Zapdos
|
|-weather|Sandstorm|[upkeep]
|-damage|p1a: Zapdos|336\/384|[from] sandstorm
|upkeep
|turn|39
|choice|*switch 6|*
|choice|*|*move 1
|choice|switch 6|move acidarmor
|
|switch|p1a: Tyranitar|Tyranitar, M|36\/404
|move|p2a: Reuniclus|Acid Armor|p2a: Reuniclus
|-boost|p2a: Reuniclus|def|2
|
|-weather|none
|upkeep
|turn|40
|choice|*move 1|*
|choice|*|*move 4
|choice|move crunch|move recover
|
|move|p1a: Tyranitar|Crunch|p2a: Reuniclus
|-supereffective|p2a: Reuniclus
|-damage|p2a: Reuniclus|218\/424
|-unboost|p2a: Reuniclus|def|1
|move|p2a: Reuniclus|Recover|p2a: Reuniclus
|-heal|p2a: Reuniclus|424\/424
|
|upkeep
|turn|41
|choice|*move 1|*
|c|☆Mi Persona Murio|a oc
|choice|*|*switch 4
|choice|move crunch|switch 4
|
|switch|p2a: Zygarde|Zygarde|357\/357 slp
|-ability|p2a: Zygarde|Aura Break
|move|p1a: Tyranitar|Crunch|p2a: Zygarde
|-damage|p2a: Zygarde|161\/357 slp
|
|upkeep
|turn|42
|choice|*switch 4|*
|choice|*|*move 1
|choice|switch 4|move thousandarrows
|
|switch|p1a: Keldeo|Keldeo-Resolute|323\/323
|cant|p2a: Zygarde|slp
|
|upkeep
|turn|43
|choice|*move 1|*
|choice|*|*switch 3
|choice|move hydropump|switch 3
|
|switch|p2a: Zapdos|Zapdos|336\/383
|move|p1a: Keldeo|Hydro Pump|p2a: Zapdos
|-damage|p2a: Zapdos|108\/383
|
|-heal|p2a: Zapdos|131\/383|[from] item: Leftovers
|upkeep
|turn|44
|choice|*|*move 1
|choice|*move 1|*
|choice|move hydropump|move discharge
|
|move|p1a: Keldeo|Hydro Pump|p2a: Zapdos
|-damage|p2a: Zapdos|0 fnt
|faint|p2a: Zapdos
|
|upkeep
|choice|*|*switch 4
|choice||switch 4
|
|switch|p2a: Reuniclus|Reuniclus, F|424\/424
|turn|45
|choice|*|*move 3
|choice|*switch 4|*
|choice|switch 4|move calmmind
|
|switch|p1a: Tyranitar|Tyranitar, M|36\/404
|-weather|Sandstorm|[from] ability: Sand Stream|[of] p1a: Tyranitar
|move|p2a: Reuniclus|Calm Mind|p2a: Reuniclus
|-boost|p2a: Reuniclus|spa|1
|-boost|p2a: Reuniclus|spd|1
|
|-weather|Sandstorm|[upkeep]
|upkeep
|turn|46
|choice|*move 1|*
|c|☆Mi Persona Murio|joder
|choice|*|*switch 2
|choice|move crunch|switch 2
|
|switch|p2a: Greninja|Greninja, F|213\/285
|move|p1a: Tyranitar|Crunch|p2a: Greninja
|-resisted|p2a: Greninja
|-damage|p2a: Greninja|42\/285
|-unboost|p2a: Greninja|def|1
|
|-weather|Sandstorm|[upkeep]
|-damage|p2a: Greninja|25\/285|[from] sandstorm
|upkeep
|turn|47
|choice|*|*move 2
|choice|*switch 6|*
|choice|switch 6|move uturn
|
|switch|p1a: Zapdos|Zapdos|336\/384
|move|p2a: Greninja|U-turn|p1a: Zapdos
|-start|p2a: Greninja|typechange|Bug|[from] Protean
|-resisted|p1a: Zapdos
|-damage|p1a: Zapdos|297\/384
|-status|p2a: Greninja|par|[from] ability: Static|[of] p1a: Zapdos
|c|☆Maury XD|ups
|choice|*|*switch 3
|choice||switch 3
|
|switch|p2a: Zygarde|Zygarde|161\/357 slp|[from]move: U-turn
|-ability|p2a: Zygarde|Aura Break
|
|-weather|Sandstorm|[upkeep]
|-damage|p1a: Zapdos|273\/384|[from] sandstorm
|upkeep
|turn|48
|choice|*|*move 1
|choice|*move 3|*
|choice|move hiddenpower|move thousandarrows
|
|-curestatus|p2a: Zygarde|slp|[msg]
|move|p2a: Zygarde|Thousand Arrows|p1a: Zapdos
|-damage|p1a: Zapdos|104\/384
|-start|p1a: Zapdos|Smack Down
|move|p1a: Zapdos|Hidden Power|p2a: Zygarde
|-supereffective|p2a: Zygarde
|-damage|p2a: Zygarde|0 fnt
|faint|p2a: Zygarde
|
|-weather|Sandstorm|[upkeep]
|-damage|p1a: Zapdos|80\/384|[from] sandstorm
|upkeep
|choice|*|*switch 6
|choice||switch 6
|
|switch|p2a: Mawile|Mawile-Mega, M|150\/281
|turn|49
|choice|*|*move 1
|choice|*move 2|*
|choice|move discharge|move playrough
|
|move|p1a: Zapdos|Discharge|p2a: Mawile
|-damage|p2a: Mawile|35\/281
|move|p2a: Mawile|Play Rough|p1a: Zapdos
|-damage|p1a: Zapdos|0 fnt
|faint|p1a: Zapdos
|
|-weather|none
|upkeep
|choice|*switch 4|*
|choice|switch 4|
|
|switch|p1a: Keldeo|Keldeo-Resolute|323\/323
|turn|50
|choice|*move 2|*
|choice|*|*switch 3
|choice|move scald|switch 3
|
|switch|p2a: Greninja|Greninja, F|25\/285 par
|move|p1a: Keldeo|Scald|p2a: Greninja
|-resisted|p2a: Greninja
|-damage|p2a: Greninja|0 fnt
|faint|p2a: Greninja
|
|upkeep
|choice|*|*switch 2
|choice||switch 2
|
|switch|p2a: Reuniclus|Reuniclus, F|424\/424
|turn|51
|choice|*|*switch 3
|choice|*move 2|*
|choice|move scald|switch 3
|
|switch|p2a: Mawile|Mawile-Mega, M|35\/281
|move|p1a: Keldeo|Scald|p2a: Mawile
|-damage|p2a: Mawile|0 fnt
|faint|p2a: Mawile
|
|upkeep
|c|☆Maury XD|(:
|c|☆Mi Persona Murio|el rei
|c|☆Mi Persona Murio|jajaja
|choice|*|*switch 3
|choice||switch 3
|
|switch|p2a: Reuniclus|Reuniclus, F|424\/424
|turn|52
|choice|*|*move 1
|c|☆Maury XD|jajaja
|c|☆Maury XD|estoy volviendo nana estoy volviendo(?
|choice|*switch 6|*
|choice|switch 6|move acidarmor
|
|switch|p1a: Tyranitar|Tyranitar, M|36\/404
|-weather|Sandstorm|[from] ability: Sand Stream|[of] p1a: Tyranitar
|move|p2a: Reuniclus|Acid Armor|p2a: Reuniclus
|-boost|p2a: Reuniclus|def|2
|
|-weather|Sandstorm|[upkeep]
|upkeep
|turn|53
|choice|*move 1|*
|choice|*|*move 1
|choice|move crunch|move acidarmor
|
|move|p1a: Tyranitar|Crunch|p2a: Reuniclus
|-supereffective|p2a: Reuniclus
|-crit|p2a: Reuniclus
|-damage|p2a: Reuniclus|0 fnt
|faint|p2a: Reuniclus
|
|win|Maury XD
|c|☆Mi Persona Murio|si
|c|☆Maury XD|como macho :D
|c|☆Mi Persona Murio|volviendo a haxear :v
|c|☆Mi Persona Murio|jajaja gg men
|c|☆Maury XD|gg bro
|c|☆Maury XD|xD
</script>
</div>
<div class="battle-log battle-log-inline"><div class="inner"><div class="battle-options"></div><div class="inner"><div class=""><small>Format:</small> <br><strong>OU</strong></div><div class=""><small><em>Cláusula-Mod de Dormir:</em> solo puedes dormir a uno de tus oponentes a la vez.</small></div><div class=""><small><em>Cláusula de Especie:</em> Hasta un Pokémon de cada especie</small></div><div class=""><small><em>Cláusula de Golpe Fulminante:</em> los movimientos fulminantes (OHKO) estan prohibidos</small></div><div class=""><small><em>Cláusula de Veleta:</em> la habilidad Veleta está prohibida</small></div><div class=""><small><em>Cláusula de Movimientos Evasivos:</em> los movimientos de Evasión están prohibidos.</small></div><div class=""><small><em>Cláusula de Batallas Eternas:</em> forzar batallas eternas está prohibido</small></div><div class="chat battle-history"><strong>Maury XD's team:</strong> <em style="color:#445566;display:block;">Absol / Jirachi / Zapdos / Keldeo-Resolute / Tyranitar / Zygarde</em></div><div class="chat battle-history"><strong>Mi Persona Murio's team:</strong> <em style="color:#445566;display:block;">Reuniclus / Greninja / Zygarde / Tangrowth / Zapdos / Mawile</em></div><div class="chat chatmessage-mipersonamurio"><strong style="color:hsl(316,53%,47.29341622733849%)"><small>☆</small><span class="username" data-name="Mi Persona Murio">Mi Persona Murio</span>:</strong> <em>absol lol</em></div><div class="chat chatmessage-mauryxd"><strong style="color:hsl(141,75%,36.60069767872%)"><small>☆</small><span class="username" data-name="Maury XD">Maury XD</span>:</strong> <em>hace rato tengo este team, lo voy a probar e.e</em></div><div class="chat chatmessage-mipersonamurio"><strong style="color:hsl(316,53%,47.29341622733849%)"><small>☆</small><span class="username" data-name="Mi Persona Murio">Mi Persona Murio</span>:</strong> <em>juega pos :v</em></div><div class="spacer battle-history"><br></div><div class="battle-history">Battle started between Maury XD and Mi Persona Murio!<br></div><div class="spacer battle-history"><br></div><div class="battle-history">Go! <strong>Jirachi</strong>!<br></div><div class="spacer battle-history"><br></div><div class="battle-history">Mi Persona Murio sent out <strong>Greninja</strong>!<br></div><div class="spacer battle-history"><br></div><h2 class="battle-history">Turn 1</h2><div class="spacer battle-history"><br></div><div class="battle-history">The opposing Greninja used <strong>U-turn</strong>!<br></div><div class="spacer battle-history"><br></div><div class="battle-history"><small>[The opposing Greninja's Protean]</small><br><small>The opposing Greninja transformed into the Bug type!</small><br></div><div class="battle-history"><small>(Jirachi lost <abbr title="−99/404">24.5%</abbr> of its health!)</small><br></div><div class="spacer battle-history"><br></div><div class="battle-history">The opposing Greninja went back to Mi Persona Murio!<br></div><div class="battle-history">Mi Persona Murio sent out <strong>Zapdos</strong>!<br></div><div class="spacer battle-history"><br></div><div class="battle-history">Jirachi used <strong>U-turn</strong>!<br></div><div class="battle-history"><small>It's not very effective...</small><br></div><div class="battle-history"><small>(The opposing Zapdos lost <abbr title="−21/383">5.5%</abbr> of its health!)</small><br></div><div class="spacer battle-history"><br></div><div class="battle-history">Jirachi went back to Maury XD!<br></div><div class="battle-history">Go! <strong>Tyranitar</strong>!<br></div><div class="battle-history"><small>[Tyranitar's Sand Stream]</small><br><small>A sandstorm kicked up!</small><br></div><div class="spacer battle-history"><br></div><div class="battle-history"><small>The sandstorm is raging.</small><br></div><div class="battle-history"><small>The opposing Zapdos is buffeted by the sandstorm!</small><br></div><div class="battle-history"><small>The opposing Zapdos restored a little HP using its Leftovers!</small><br></div><div class="spacer battle-history"><br></div><h2 class="battle-history">Turn 2</h2><div class="spacer battle-history"><br></div><div class="battle-history">Mi Persona Murio withdrew Zapdos!<br></div><div class="battle-history">Mi Persona Murio sent out <strong>Zygarde</strong>!<br></div><div class="battle-history"><small>[The opposing Zygarde's Aura Break]</small><br><small>The opposing Zygarde reversed all other Pokémon's auras!</small><br></div><div class="spacer battle-history"><br></div><div class="battle-history">Tyranitar used <strong>Crunch</strong>!<br></div><div class="battle-history"><small>(The opposing Zygarde lost <abbr title="−222/357">62.2%</abbr> of its health!)</small><br></div><div class="spacer battle-history"><br></div><div class="battle-history"><small>The sandstorm is raging.</small><br></div><div class="spacer battle-history"><br></div><h2 class="battle-history">Turn 3</h2><div class="spacer battle-history"><br></div><div class="battle-history">Tyranitar, come back!<br></div><div class="battle-history">Go! <strong>Zygarde</strong>!<br></div><div class="battle-history"><small>[Zygarde's Aura Break]</small><br><small>Zygarde reversed all other Pokémon's auras!</small><br></div><div class="spacer battle-history"><br></div><div class="battle-history">The opposing Zygarde used <strong>Thousand Arrows</strong>!<br></div><div class="battle-history"><small>(Zygarde lost <abbr title="−186/357">52.1%</abbr> of its health!)</small><br></div><div class="spacer battle-history"><br></div><div class="battle-history"><small>The sandstorm is raging.</small><br></div><div class="spacer battle-history"><br></div><h2 class="battle-history">Turn 4</h2><div class="spacer battle-history"><br></div><div class="battle-history">Mi Persona Murio withdrew Zygarde!<br></div><div class="battle-history">Mi Persona Murio sent out <strong>Tangrowth</strong>!<br></div><div class="spacer battle-history"><br></div><div class="battle-history">Zygarde used <strong>Thousand Arrows</strong>!<br></div><div class="battle-history"><small>It's not very effective...</small><br></div><div class="battle-history"><small>(The opposing Tangrowth lost <abbr title="−57/404">14.1%</abbr> of its health!)</small><br></div><div class="spacer battle-history"><br></div><div class="battle-history"><small>The sandstorm is raging.</small><br></div><div class="battle-history"><small>The opposing Tangrowth is buffeted by the sandstorm!</small><br></div><div class="spacer battle-history"><br></div><h2 class="battle-history">Turn 5</h2><div class="spacer battle-history"><br></div><div class="battle-history">Zygarde, come back!<br></div><div class="battle-history">Go! <strong>Jirachi</strong>!<br></div><div class="spacer battle-history"><br></div><div class="battle-history">The opposing Tangrowth used <strong>Knock Off</strong>!<br></div><div class="battle-history"><small>It's super effective!</small><br></div><div class="battle-history"><small>(Jirachi lost <abbr title="−156/404">38.6%</abbr> of its health!)</small><br></div><div class="battle-history"><small>The opposing Tangrowth knocked off Jirachi's Leftovers!</small><br></div><div class="spacer battle-history"><br></div><div class="battle-history"><small>The sandstorm subsided.</small><br></div><div class="spacer battle-history"><br></div><h2 class="battle-history">Turn 6</h2><div class="spacer battle-history"><br></div><div class="battle-history">Mi Persona Murio withdrew Tangrowth!<br></div><div class="battle-history">Mi Persona Murio sent out <strong>Zygarde</strong>!<br></div><div class="battle-history"><small>[The opposing Zygarde's Aura Break]</small><br><small>The opposing Zygarde reversed all other Pokémon's auras!</small><br></div><div class="spacer battle-history"><br></div><div class="battle-history">Jirachi used <strong>Stealth Rock</strong>!<br></div><div class="battle-history"><small>Pointed stones float in the air around the opposing team!</small><br></div><div class="spacer battle-history"><br></div><h2 class="battle-history">Turn 7</h2><div class="spacer battle-history"><br></div><div class="battle-history">Jirachi used <strong>Iron Head</strong>!<br></div><div class="battle-history"><small>(The opposing Zygarde lost <abbr title="−88/357">24.6%</abbr> of its health!)</small><br></div><div class="spacer battle-history"><br></div><div class="battle-history">The opposing Zygarde used <strong>Rest</strong>!<br></div><div class="battle-history"><small>The opposing Zygarde fell asleep!</small><br></div><div class="battle-history"><small>The opposing Zygarde slept and became healthy!</small><br></div><div class="spacer battle-history"><br></div><h2 class="battle-history">Turn 8</h2><div class="chat chatmessage-mipersonamurio"><strong style="color:hsl(316,53%,47.29341622733849%)"><small>☆</small><span class="username" data-name="Mi Persona Murio">Mi Persona Murio</span>:</strong> <em>es neta?</em></div><div class="spacer battle-history"><br></div><div class="battle-history">Mi Persona Murio withdrew Zygarde!<br></div><div class="battle-history">Mi Persona Murio sent out <strong>Zapdos</strong>!<br></div><div class="battle-history"><small>Pointed stones dug into the opposing Zapdos!</small><br></div><div class="spacer battle-history"><br></div><div class="battle-history">Jirachi used <strong>Wish</strong>!<br></div><div class="spacer battle-history"><br></div><div class="battle-history"><small>The opposing Zapdos restored a little HP using its Leftovers!</small><br></div><div class="spacer battle-history"><br></div><h2 class="battle-history">Turn 9</h2><div class="spacer battle-history"><br></div><div class="battle-history">Jirachi used <strong>Iron Head</strong>!<br></div><div class="battle-history"><small>It's not very effective...</small><br></div><div class="battle-history"><small>(The opposing Zapdos lost <abbr title="−37/383">9.7%</abbr> of its health!)</small><br></div><div class="spacer battle-history"><br></div><div class="battle-history">The opposing Zapdos flinched and couldn't move!<br></div><div class="spacer battle-history"><br></div><div class="battle-history"><small>Jirachi's wish came true!</small><br></div><div class="battle-history"><small>The opposing Zapdos restored a little HP using its Leftovers!</small><br></div><div class="spacer battle-history"><br></div><h2 class="battle-history">Turn 10</h2><div class="chat chatmessage-mipersonamurio"><strong style="color:hsl(316,53%,47.29341622733849%)"><small>☆</small><span class="username" data-name="Mi Persona Murio">Mi Persona Murio</span>:</strong> <em>eres jirachi leftis wissh full speed?</em></div><div class="chat chatmessage-mipersonamurio"><strong style="color:hsl(316,53%,47.29341622733849%)"><small>☆</small><span class="username" data-name="Mi Persona Murio">Mi Persona Murio</span>:</strong> <em>oc</em></div><div class="spacer battle-history"><br></div><div class="battle-history">Jirachi used <strong>Wish</strong>!<br></div><div class="spacer battle-history"><br></div><div class="battle-history">The opposing Zapdos used <strong>Defog</strong>!<br></div><div class="battle-history"><small>Jirachi's evasiveness fell!</small><br></div><div class="battle-history"><small>The pointed stones disappeared from around the opposing team!</small><br></div><div class="spacer battle-history"><br></div><div class="battle-history"><small>The opposing Zapdos restored a little HP using its Leftovers!</small><br></div><div class="spacer battle-history"><br></div><h2 class="battle-history">Turn 11</h2><div class="spacer battle-history"><br></div><div class="battle-history">Jirachi used <strong>Stealth Rock</strong>!<br></div><div class="battle-history"><small>Pointed stones float in the air around the opposing team!</small><br></div><div class="spacer battle-history"><br></div><div class="battle-history">The opposing Zapdos used <strong>Discharge</strong>!<br></div><div class="battle-history"><small>(Jirachi lost <abbr title="−118/404">29.2%</abbr> of its health!)</small><br></div><div class="battle-history"><small>Jirachi is paralyzed! It may be unable to move!</small><br></div><div class="spacer battle-history"><br></div><div class="battle-history"><small>Jirachi's wish came true!</small><br></div><div class="battle-history"><small>The opposing Zapdos restored a little HP using its Leftovers!</small><br></div><div class="spacer battle-history"><br></div><h2 class="battle-history">Turn 12</h2><div class="spacer battle-history"><br></div><div class="battle-history">The opposing Zapdos used <strong>Defog</strong>!<br></div><div class="battle-history"><small>Jirachi's evasiveness fell!</small><br></div><div class="battle-history"><small>The pointed stones disappeared from around the opposing team!</small><br></div><div class="spacer battle-history"><br></div><div class="battle-history">Jirachi is paralyzed! It can't move!<br></div><div class="spacer battle-history"><br></div><div class="battle-history"><small>The opposing Zapdos restored a little HP using its Leftovers!</small><br></div><div class="spacer battle-history"><br></div><h2 class="battle-history">Turn 13</h2><div class="spacer battle-history"><br></div><div class="battle-history">Jirachi, come back!<br></div><div class="battle-history">Go! <strong>Zygarde</strong>!<br></div><div class="battle-history"><small>[Zygarde's Aura Break]</small><br><small>Zygarde reversed all other Pokémon's auras!</small><br></div><div class="spacer battle-history"><br></div><div class="battle-history">The opposing Zapdos used <strong>Heat Wave</strong>!<br></div><div class="battle-history"><small>It's not very effective...</small><br></div><div class="battle-history"><small>(Zygarde lost <abbr title="−43/357">12.0%</abbr> of its health!)</small><br></div><div class="battle-history"><small>Zygarde was burned!</small><br></div><div class="spacer battle-history"><br></div><div class="battle-history"><small>The opposing Zapdos restored a little HP using its Leftovers!</small><br></div><div class="battle-history"><small>Zygarde was hurt by its burn!</small><br></div><div class="spacer battle-history"><br></div><h2 class="battle-history">Turn 14</h2><div class="chat chatmessage-mipersonamurio"><strong style="color:hsl(316,53%,47.29341622733849%)"><small>☆</small><span class="username" data-name="Mi Persona Murio">Mi Persona Murio</span>:</strong> <em>lol</em></div><div class="chat chatmessage-mauryxd"><strong style="color:hsl(141,75%,36.60069767872%)"><small>☆</small><span class="username" data-name="Maury XD">Maury XD</span>:</strong> <em>ay que asco que das isra por el amor de dios</em></div><div class="chat chatmessage-mipersonamurio"><strong style="color:hsl(316,53%,47.29341622733849%)"><small>☆</small><span class="username" data-name="Mi Persona Murio">Mi Persona Murio</span>:</strong> <em>espero y sea rest como el mio :v</em></div><div class="chat chatmessage-mauryxd"><strong style="color:hsl(141,75%,36.60069767872%)"><small>☆</small><span class="username" data-name="Maury XD">Maury XD</span>:</strong> <em>sos mas sucio que cac viva hermano</em></div><div class="chat chatmessage-mauryxd"><strong style="color:hsl(141,75%,36.60069767872%)"><small>☆</small><span class="username" data-name="Maury XD">Maury XD</span>:</strong> <em>caca*</em></div><div class="chat chatmessage-mipersonamurio"><strong style="color:hsl(316,53%,47.29341622733849%)"><small>☆</small><span class="username" data-name="Mi Persona Murio">Mi Persona Murio</span>:</strong> <em>jajaja</em></div><div class="spacer battle-history"><br></div><div class="battle-history">Zygarde, come back!<br></div><div class="battle-history">Go! <strong>Tyranitar</strong>!<br></div><div class="battle-history"><small>[Tyranitar's Sand Stream]</small><br><small>A sandstorm kicked up!</small><br></div><div class="spacer battle-history"><br></div><div class="battle-history">Mi Persona Murio withdrew Zapdos!<br></div><div class="battle-history">Mi Persona Murio sent out <strong>Tangrowth</strong>!<br></div><div class="spacer battle-history"><br></div><div class="battle-history"><small>The sandstorm is raging.</small><br></div><div class="battle-history"><small>The opposing Tangrowth is buffeted by the sandstorm!</small><br></div><div class="spacer battle-history"><br></div><h2 class="battle-history">Turn 15</h2><div class="chat chatmessage-mipersonamurio"><strong style="color:hsl(316,53%,47.29341622733849%)"><small>☆</small><span class="username" data-name="Mi Persona Murio">Mi Persona Murio</span>:</strong> <em>no mames</em></div><div class="chat chatmessage-mauryxd"><strong style="color:hsl(141,75%,36.60069767872%)"><small>☆</small><span class="username" data-name="Maury XD">Maury XD</span>:</strong> <em>no c:</em></div><div class="spacer battle-history"><br></div><div class="battle-history">Tyranitar used <strong>Crunch</strong>!<br></div><div class="battle-history"><small>(The opposing Tangrowth lost <abbr title="−183/404">45.3%</abbr> of its health!)</small><br></div><div class="spacer battle-history"><br></div><div class="battle-history">The opposing Tangrowth used <strong>Giga Drain</strong>!<br></div><div class="battle-history"><small>It's super effective!</small><br></div><div class="battle-history"><small>(Tyranitar lost <abbr title="−120/404">29.7%</abbr> of its health!)</small><br></div><div class="battle-history"><small>Tyranitar had its energy drained!</small><br></div><div class="spacer battle-history"><br></div><div class="battle-history"><small>The sandstorm is raging.</small><br></div><div class="battle-history"><small>The opposing Tangrowth is buffeted by the sandstorm!</small><br></div><div class="spacer battle-history"><br></div><h2 class="battle-history">Turn 16</h2><div class="spacer battle-history"><br></div><div class="battle-history">Tyranitar used <strong>Crunch</strong>!<br></div><div class="battle-history"><small>(The opposing Tangrowth lost <abbr title="−204/404">50.5%</abbr> of its health!)</small><br></div><div class="spacer battle-history"><br></div><div class="battle-history">The opposing Tangrowth used <strong>Giga Drain</strong>!<br></div><div class="battle-history"><small>It's super effective!</small><br></div><div class="battle-history"><small>(Tyranitar lost <abbr title="−126/404">31.2%</abbr> of its health!)</small><br></div><div class="battle-history"><small>Tyranitar had its energy drained!</small><br></div><div class="spacer battle-history"><br></div><div class="battle-history"><small>The sandstorm is raging.</small><br></div><div class="battle-history"><small>The opposing Tangrowth is buffeted by the sandstorm!</small><br></div><div class="spacer battle-history"><br></div><h2 class="battle-history">Turn 17</h2><div class="spacer battle-history"><br></div><div class="battle-history">Mi Persona Murio withdrew Tangrowth!<br></div><div class="battle-history">Mi Persona Murio sent out <strong>Mawile</strong>!<br></div><div class="spacer battle-history"><br></div><div class="battle-history">Tyranitar used <strong>Crunch</strong>!<br></div><div class="battle-history"><small>It's not very effective...</small><br></div><div class="battle-history"><small>(The opposing Mawile lost <abbr title="−131/281">46.6%</abbr> of its health!)</small><br></div><div class="spacer battle-history"><br></div><div class="battle-history"><small>The sandstorm is raging.</small><br></div><div class="spacer battle-history"><br></div><h2 class="battle-history">Turn 18</h2><div class="spacer battle-history"><br></div><div class="battle-history">Tyranitar, come back!<br></div><div class="battle-history">Go! <strong>Zapdos</strong>!<br></div><div class="spacer battle-history"><br></div><div class="battle-history"><small>The opposing Mawile's Mawilite is reacting to the Key Stone!</small><br>The opposing Mawile has Mega Evolved into Mega Mawile!<br></div><div class="spacer battle-history"><br></div><div class="battle-history">The opposing Mawile used <strong>Stealth Rock</strong>!<br></div><div class="battle-history"><small>Pointed stones float in the air around your team!</small><br></div><div class="spacer battle-history"><br></div><div class="battle-history"><small>The sandstorm subsided.</small><br></div><div class="spacer battle-history"><br></div><h2 class="battle-history">Turn 19</h2><div class="spacer battle-history"><br></div><div class="battle-history">Mi Persona Murio withdrew Mawile!<br></div><div class="battle-history">Mi Persona Murio sent out <strong>Tangrowth</strong>!<br></div><div class="spacer battle-history"><br></div><div class="battle-history">Zapdos used <strong>Defog</strong>!<br></div><div class="battle-history"><small>The opposing Tangrowth's evasiveness fell!</small><br></div><div class="battle-history"><small>The pointed stones disappeared from around your team!</small><br></div><div class="spacer battle-history"><br></div><h2 class="battle-history">Turn 20</h2><div class="spacer battle-history"><br></div><div class="battle-history">Zapdos, come back!<br></div><div class="battle-history">Go! <strong>Jirachi</strong>!<br></div><div class="spacer battle-history"><br></div><div class="battle-history">Mi Persona Murio withdrew Tangrowth!<br></div><div class="battle-history">Mi Persona Murio sent out <strong>Zygarde</strong>!<br></div><div class="battle-history"><small>[The opposing Zygarde's Aura Break]</small><br><small>The opposing Zygarde reversed all other Pokémon's auras!</small><br></div><div class="spacer battle-history"><br></div><h2 class="battle-history">Turn 21</h2><div class="spacer battle-history"><br></div><div class="battle-history">The opposing Zygarde is fast asleep.<br></div><div class="spacer battle-history"><br></div><div class="battle-history">The opposing Zygarde used <strong>Sleep Talk</strong>!<br></div><div class="spacer battle-history"><br></div><div class="battle-history">The opposing Zygarde used <strong>Thousand Arrows</strong>!<br></div><div class="battle-history"><small>It's super effective!</small><br></div><div class="battle-history"><small>(Jirachi lost <abbr title="−404/404">100%</abbr> of its health!)</small><br></div><div class="spacer battle-history"><br></div><div class="battle-history">Jirachi fainted!<br></div><div class="chat chatmessage-mipersonamurio"><strong style="color:hsl(316,53%,47.29341622733849%)"><small>☆</small><span class="username" data-name="Mi Persona Murio">Mi Persona Murio</span>:</strong> <em>rip</em></div><div class="spacer battle-history"><br></div><div class="battle-history">Go! <strong>Absol</strong>!<br></div><div class="spacer battle-history"><br></div><h2 class="battle-history">Turn 22</h2><div class="spacer battle-history"><br></div><div class="battle-history">Mi Persona Murio withdrew Zygarde!<br></div><div class="battle-history">Mi Persona Murio sent out <strong>Greninja</strong>!<br></div><div class="spacer battle-history"><br></div><div class="battle-history"><small>Absol's Absolite is reacting to the Key Stone!</small><br>Absol has Mega Evolved into Mega Absol!<br></div><div class="spacer battle-history"><br></div><div class="battle-history">Absol used <strong>Ice Beam</strong>!<br></div><div class="battle-history"><small>It's not very effective...</small><br></div><div class="battle-history"><small>(The opposing Greninja lost <abbr title="−55/285">19.3%</abbr> of its health!)</small><br></div><div class="spacer battle-history"><br></div><h2 class="battle-history">Turn 23</h2><div class="spacer battle-history"><br></div><div class="battle-history">Absol, come back!<br></div><div class="battle-history">Go! <strong>Zapdos</strong>!<br></div><div class="spacer battle-history"><br></div><div class="battle-history">The opposing Greninja used <strong>U-turn</strong>!<br></div><div class="spacer battle-history"><br></div><div class="battle-history"><small>[The opposing Greninja's Protean]</small><br><small>The opposing Greninja transformed into the Bug type!</small><br></div><div class="battle-history"><small>It's not very effective...</small><br></div><div class="battle-history"><small>(Zapdos lost <abbr title="−39/384">10.2%</abbr> of its health!)</small><br></div><div class="spacer battle-history"><br></div><div class="battle-history">The opposing Greninja went back to Mi Persona Murio!<br></div><div class="battle-history">Mi Persona Murio sent out <strong>Zygarde</strong>!<br></div><div class="battle-history"><small>[The opposing Zygarde's Aura Break]</small><br><small>The opposing Zygarde reversed all other Pokémon's auras!</small><br></div><div class="spacer battle-history"><br></div><div class="battle-history"><small>Zapdos restored a little HP using its Leftovers!</small><br></div><div class="spacer battle-history"><br></div><h2 class="battle-history">Turn 24</h2><div class="spacer battle-history"><br></div><div class="battle-history">Mi Persona Murio withdrew Zygarde!<br></div><div class="battle-history">Mi Persona Murio sent out <strong>Zapdos</strong>!<br></div><div class="spacer battle-history"><br></div><div class="battle-history">Zapdos used <strong>Hidden Power</strong>!<br></div><div class="battle-history"><small>It's super effective!</small><br></div><div class="battle-history"><small>(The opposing Zapdos lost <abbr title="−124/383">32.4%</abbr> of its health!)</small><br></div><div class="spacer battle-history"><br></div><div class="battle-history"><small>Zapdos restored a little HP using its Leftovers!</small><br></div><div class="battle-history"><small>The opposing Zapdos restored a little HP using its Leftovers!</small><br></div><div class="spacer battle-history"><br></div><h2 class="battle-history">Turn 25</h2><div class="spacer battle-history"><br></div><div class="battle-history">Zapdos, come back!<br></div><div class="battle-history">Go! <strong>Zygarde</strong>!<br></div><div class="battle-history"><small>[Zygarde's Aura Break]</small><br><small>Zygarde reversed all other Pokémon's auras!</small><br></div><div class="spacer battle-history"><br></div><div class="battle-history">The opposing Zapdos used <strong>Discharge</strong>!<br></div><div class="battle-history"><small>It doesn't affect Zygarde...</small><br></div><div class="spacer battle-history"><br></div><div class="battle-history"><small>The opposing Zapdos restored a little HP using its Leftovers!</small><br></div><div class="battle-history"><small>Zygarde was hurt by its burn!</small><br></div><div class="spacer battle-history"><br></div><h2 class="battle-history">Turn 26</h2><div class="spacer battle-history"><br></div><div class="battle-history">Mi Persona Murio withdrew Zapdos!<br></div><div class="battle-history">Mi Persona Murio sent out <strong>Tangrowth</strong>!<br></div><div class="spacer battle-history"><br></div><div class="battle-history">Zygarde used <strong>Dragon Dance</strong>!<br></div><div class="battle-history"><small>Zygarde's Attack rose!</small><br></div><div class="battle-history"><small>Zygarde's Speed rose!</small><br></div><div class="spacer battle-history"><br></div><div class="battle-history"><small>Zygarde was hurt by its burn!</small><br></div><div class="spacer battle-history"><br></div><h2 class="battle-history">Turn 27</h2><div class="spacer battle-history"><br></div><div class="battle-history">Zygarde, come back!<br></div><div class="battle-history">Go! <strong>Zapdos</strong>!<br></div><div class="spacer battle-history"><br></div><div class="battle-history">The opposing Tangrowth used <strong>Hidden Power</strong>!<br></div><div class="battle-history"><small>It's super effective!</small><br></div><div class="battle-history"><small>(Zapdos lost <abbr title="−102/384">26.6%</abbr> of its health!)</small><br></div><div class="spacer battle-history"><br></div><div class="battle-history"><small>Zapdos restored a little HP using its Leftovers!</small><br></div><div class="spacer battle-history"><br></div><h2 class="battle-history">Turn 28</h2><div class="spacer battle-history"><br></div><div class="battle-history">Zapdos used <strong>Discharge</strong>!<br></div><div class="battle-history"><small>It's not very effective...</small><br></div><div class="battle-history"><small>(The opposing Tangrowth lost <abbr title="−41/404">10.1%</abbr> of its health!)</small><br></div><div class="spacer battle-history"><br></div><div class="battle-history">The opposing Tangrowth used <strong>Knock Off</strong>!<br></div><div class="battle-history"><small>(Zapdos lost <abbr title="−65/384">16.9%</abbr> of its health!)</small><br></div><div class="battle-history"><small>The opposing Tangrowth knocked off Zapdos's Leftovers!</small><br></div><div class="spacer battle-history"><br></div><h2 class="battle-history">Turn 29</h2><div class="spacer battle-history"><br></div><div class="battle-history">Mi Persona Murio withdrew Tangrowth!<br></div><div class="battle-history">Mi Persona Murio sent out <strong>Zapdos</strong>!<br></div><div class="spacer battle-history"><br></div><div class="battle-history">Zapdos used <strong>Roost</strong>!<br></div><div class="battle-history"><small>Zapdos restored its HP.</small><br></div><div class="spacer battle-history"><br></div><div class="battle-history"><small>The opposing Zapdos restored a little HP using its Leftovers!</small><br></div><div class="spacer battle-history"><br></div><h2 class="battle-history">Turn 30</h2><div class="chat chatmessage-mipersonamurio"><strong style="color:hsl(316,53%,47.29341622733849%)"><small>☆</small><span class="username" data-name="Mi Persona Murio">Mi Persona Murio</span>:</strong> <em>no me paralizo</em></div><div class="chat chatmessage-mipersonamurio"><strong style="color:hsl(316,53%,47.29341622733849%)"><small>☆</small><span class="username" data-name="Mi Persona Murio">Mi Persona Murio</span>:</strong> <em>ALELUYA</em></div><div class="spacer battle-history"><br></div><div class="battle-history">Zapdos, come back!<br></div><div class="battle-history">Go! <strong>Zygarde</strong>!<br></div><div class="battle-history"><small>[Zygarde's Aura Break]</small><br><small>Zygarde reversed all other Pokémon's auras!</small><br></div><div class="spacer battle-history"><br></div><div class="battle-history">The opposing Zapdos used <strong>Discharge</strong>!<br></div><div class="battle-history"><small>It doesn't affect Zygarde...</small><br></div><div class="spacer battle-history"><br></div><div class="battle-history"><small>The opposing Zapdos restored a little HP using its Leftovers!</small><br></div><div class="battle-history"><small>Zygarde was hurt by its burn!</small><br></div><div class="spacer battle-history"><br></div><h2 class="battle-history">Turn 31</h2><div class="spacer battle-history"><br></div><div class="battle-history">Mi Persona Murio withdrew Zapdos!<br></div><div class="battle-history">Mi Persona Murio sent out <strong>Tangrowth</strong>!<br></div><div class="spacer battle-history"><br></div><div class="battle-history">Zygarde used <strong>Thousand Arrows</strong>!<br></div><div class="battle-history"><small>It's not very effective...</small><br></div><div class="battle-history"><small>(The opposing Tangrowth lost <abbr title="−28/404">6.9%</abbr> of its health!)</small><br></div><div class="spacer battle-history"><br></div><div class="battle-history"><small>Zygarde was hurt by its burn!</small><br></div><div class="spacer battle-history"><br></div><h2 class="battle-history">Turn 32</h2><div class="spacer battle-history"><br></div><div class="battle-history"><small>Zygarde surrounded itself with its Z-Power!</small><br></div><div class="spacer battle-history"><br></div><div class="battle-history">Zygarde used <strong>Corkscrew Crash</strong>!<br></div><div class="battle-history"><small>(The opposing Tangrowth lost <abbr title="−77/404">19.1%</abbr> of its health!)</small><br></div><div class="spacer battle-history"><br></div><div class="battle-history">The opposing Tangrowth used <strong>Hidden Power</strong>!<br></div><div class="battle-history"><small>It's super effective!</small><br></div><div class="battle-history"><small>(Zygarde lost <abbr title="−18/357">5.0%</abbr> of its health!)</small><br></div><div class="spacer battle-history"><br></div><div class="battle-history">Zygarde fainted!<br></div><div class="spacer battle-history"><br></div><div class="battle-history">Go! Absol (<strong>Absol-Mega</strong>)!<br></div><div class="spacer battle-history"><br></div><h2 class="battle-history">Turn 33</h2><div class="spacer battle-history"><br></div><div class="battle-history">Absol used <strong>Swords Dance</strong>!<br></div><div class="battle-history"><small>Absol's Attack rose sharply!</small><br></div><div class="spacer battle-history"><br></div><div class="battle-history">The opposing Tangrowth used <strong>Giga Drain</strong>!<br></div><div class="battle-history"><small>(Absol lost <abbr title="−139/271">51.3%</abbr> of its health!)</small><br></div><div class="battle-history"><small>Absol had its energy drained!</small><br></div><div class="spacer battle-history"><br></div><h2 class="battle-history">Turn 34</h2><div class="spacer battle-history"><br></div><div class="battle-history">Absol used <strong>Knock Off</strong>!<br></div><div class="battle-history"><small>(The opposing Tangrowth lost <abbr title="−292/404">72.3%</abbr> of its health!)</small><br></div><div class="battle-history"><small>Absol knocked off the opposing Tangrowth's Assault Vest!</small><br></div><div class="spacer battle-history"><br></div><div class="battle-history">The opposing Tangrowth used <strong>Giga Drain</strong>!<br></div><div class="battle-history"><small>(Absol lost <abbr title="−132/271">48.7%</abbr> of its health!)</small><br></div><div class="battle-history"><small>Absol had its energy drained!</small><br></div><div class="spacer battle-history"><br></div><div class="battle-history">Absol fainted!<br></div><div class="spacer battle-history"><br></div><div class="battle-history">Go! <strong>Tyranitar</strong>!<br></div><div class="battle-history"><small>[Tyranitar's Sand Stream]</small><br><small>A sandstorm kicked up!</small><br></div><div class="spacer battle-history"><br></div><h2 class="battle-history">Turn 35</h2><div class="spacer battle-history"><br></div><div class="battle-history">Tyranitar used <strong>Pursuit</strong>!<br></div><div class="battle-history"><small>(The opposing Tangrowth lost <abbr title="−100/404">24.8%</abbr> of its health!)</small><br></div><div class="spacer battle-history"><br></div><div class="battle-history">The opposing Tangrowth used <strong>Giga Drain</strong>!<br></div><div class="battle-history"><small>It's super effective!</small><br></div><div class="battle-history"><small>(Tyranitar lost <abbr title="−122/404">30.2%</abbr> of its health!)</small><br></div><div class="battle-history"><small>Tyranitar had its energy drained!</small><br></div><div class="spacer battle-history"><br></div><div class="battle-history"><small>The sandstorm is raging.</small><br></div><div class="battle-history"><small>The opposing Tangrowth is buffeted by the sandstorm!</small><br></div><div class="spacer battle-history"><br></div><h2 class="battle-history">Turn 36</h2><div class="spacer battle-history"><br></div><div class="battle-history">Tyranitar used <strong>Pursuit</strong>!<br></div><div class="battle-history"><small>(The opposing Tangrowth lost <abbr title="−79/404">19.6%</abbr> of its health!)</small><br></div><div class="spacer battle-history"><br></div><div class="battle-history">The opposing Tangrowth fainted!<br></div><div class="spacer battle-history"><br></div><div class="battle-history"><small>The sandstorm is raging.</small><br></div><div class="spacer battle-history"><br></div><div class="battle-history">Mi Persona Murio sent out <strong>Greninja</strong>!<br></div><div class="spacer battle-history"><br></div><h2 class="battle-history">Turn 37</h2><div class="spacer battle-history"><br></div><div class="battle-history">Tyranitar, come back!<br></div><div class="battle-history">Go! <strong>Zapdos</strong>!<br></div><div class="spacer battle-history"><br></div><div class="battle-history">The opposing Greninja used <strong>Toxic Spikes</strong>!<br></div><div class="spacer battle-history"><br></div><div class="battle-history"><small>[The opposing Greninja's Protean]</small><br><small>The opposing Greninja transformed into the Poison type!</small><br></div><div class="battle-history"><small>Poison spikes were scattered on the ground all around your team!</small><br></div><div class="spacer battle-history"><br></div><div class="battle-history"><small>The sandstorm is raging.</small><br></div><div class="battle-history"><small>The opposing Greninja is buffeted by the sandstorm!</small><br></div><div class="battle-history"><small>Zapdos is buffeted by the sandstorm!</small><br></div><div class="spacer battle-history"><br></div><h2 class="battle-history">Turn 38</h2><div class="spacer battle-history"><br></div><div class="battle-history">Mi Persona Murio withdrew Greninja!<br></div><div class="battle-history">Mi Persona Murio sent out <strong>Reuniclus</strong>!<br></div><div class="spacer battle-history"><br></div><div class="battle-history">Zapdos used <strong>Defog</strong>!<br></div><div class="battle-history"><small>The opposing Reuniclus's evasiveness fell!</small><br></div><div class="battle-history"><small>The poison spikes disappeared from the ground around your team!</small><br></div><div class="spacer battle-history"><br></div><div class="battle-history"><small>The sandstorm is raging.</small><br></div><div class="battle-history"><small>Zapdos is buffeted by the sandstorm!</small><br></div><div class="spacer battle-history"><br></div><h2 class="battle-history">Turn 39</h2><div class="spacer battle-history"><br></div><div class="battle-history">Zapdos, come back!<br></div><div class="battle-history">Go! <strong>Tyranitar</strong>!<br></div><div class="spacer battle-history"><br></div><div class="battle-history">The opposing Reuniclus used <strong>Acid Armor</strong>!<br></div><div class="battle-history"><small>The opposing Reuniclus's Defense rose sharply!</small><br></div><div class="spacer battle-history"><br></div><div class="battle-history"><small>The sandstorm subsided.</small><br></div><div class="spacer battle-history"><br></div><h2 class="battle-history">Turn 40</h2><div class="spacer battle-history"><br></div><div class="battle-history">Tyranitar used <strong>Crunch</strong>!<br></div><div class="battle-history"><small>It's super effective!</small><br></div><div class="battle-history"><small>(The opposing Reuniclus lost <abbr title="−206/424">48.6%</abbr> of its health!)</small><br></div><div class="battle-history"><small>The opposing Reuniclus's Defense fell!</small><br></div><div class="spacer battle-history"><br></div><div class="battle-history">The opposing Reuniclus used <strong>Recover</strong>!<br></div><div class="battle-history"><small>The opposing Reuniclus restored its HP.</small><br></div><div class="spacer battle-history"><br></div><h2 class="battle-history">Turn 41</h2><div class="chat chatmessage-mipersonamurio"><strong style="color:hsl(316,53%,47.29341622733849%)"><small>☆</small><span class="username" data-name="Mi Persona Murio">Mi Persona Murio</span>:</strong> <em>a oc</em></div><div class="spacer battle-history"><br></div><div class="battle-history">Mi Persona Murio withdrew Reuniclus!<br></div><div class="battle-history">Mi Persona Murio sent out <strong>Zygarde</strong>!<br></div><div class="battle-history"><small>[The opposing Zygarde's Aura Break]</small><br><small>The opposing Zygarde reversed all other Pokémon's auras!</small><br></div><div class="spacer battle-history"><br></div><div class="battle-history">Tyranitar used <strong>Crunch</strong>!<br></div><div class="battle-history"><small>(The opposing Zygarde lost <abbr title="−196/357">54.9%</abbr> of its health!)</small><br></div><div class="spacer battle-history"><br></div><h2 class="battle-history">Turn 42</h2><div class="spacer battle-history"><br></div><div class="battle-history">Tyranitar, come back!<br></div><div class="battle-history">Go! Keldeo (<strong>Keldeo-Resolute</strong>)!<br></div><div class="spacer battle-history"><br></div><div class="battle-history">The opposing Zygarde is fast asleep.<br></div><div class="spacer battle-history"><br></div><h2 class="battle-history">Turn 43</h2><div class="spacer battle-history"><br></div><div class="battle-history">Mi Persona Murio withdrew Zygarde!<br></div><div class="battle-history">Mi Persona Murio sent out <strong>Zapdos</strong>!<br></div><div class="spacer battle-history"><br></div><div class="battle-history">Keldeo used <strong>Hydro Pump</strong>!<br></div><div class="battle-history"><small>(The opposing Zapdos lost <abbr title="−228/383">59.5%</abbr> of its health!)</small><br></div><div class="spacer battle-history"><br></div><div class="battle-history"><small>The opposing Zapdos restored a little HP using its Leftovers!</small><br></div><div class="spacer battle-history"><br></div><h2 class="battle-history">Turn 44</h2><div class="spacer battle-history"><br></div><div class="battle-history">Keldeo used <strong>Hydro Pump</strong>!<br></div><div class="battle-history"><small>(The opposing Zapdos lost <abbr title="−131/383">34.2%</abbr> of its health!)</small><br></div><div class="spacer battle-history"><br></div><div class="battle-history">The opposing Zapdos fainted!<br></div><div class="spacer battle-history"><br></div><div class="battle-history">Mi Persona Murio sent out <strong>Reuniclus</strong>!<br></div><div class="spacer battle-history"><br></div><h2 class="battle-history">Turn 45</h2><div class="spacer battle-history"><br></div><div class="battle-history">Keldeo, come back!<br></div><div class="battle-history">Go! <strong>Tyranitar</strong>!<br></div><div class="battle-history"><small>[Tyranitar's Sand Stream]</small><br><small>A sandstorm kicked up!</small><br></div><div class="spacer battle-history"><br></div><div class="battle-history">The opposing Reuniclus used <strong>Calm Mind</strong>!<br></div><div class="battle-history"><small>The opposing Reuniclus's Special Attack rose!</small><br></div><div class="battle-history"><small>The opposing Reuniclus's Special Defense rose!</small><br></div><div class="spacer battle-history"><br></div><div class="battle-history"><small>The sandstorm is raging.</small><br></div><div class="spacer battle-history"><br></div><h2 class="battle-history">Turn 46</h2><div class="chat chatmessage-mipersonamurio"><strong style="color:hsl(316,53%,47.29341622733849%)"><small>☆</small><span class="username" data-name="Mi Persona Murio">Mi Persona Murio</span>:</strong> <em>joder</em></div><div class="spacer battle-history"><br></div><div class="battle-history">Mi Persona Murio withdrew Reuniclus!<br></div><div class="battle-history">Mi Persona Murio sent out <strong>Greninja</strong>!<br></div><div class="spacer battle-history"><br></div><div class="battle-history">Tyranitar used <strong>Crunch</strong>!<br></div><div class="battle-history"><small>It's not very effective...</small><br></div><div class="battle-history"><small>(The opposing Greninja lost <abbr title="−171/285">60%</abbr> of its health!)</small><br></div><div class="battle-history"><small>The opposing Greninja's Defense fell!</small><br></div><div class="spacer battle-history"><br></div><div class="battle-history"><small>The sandstorm is raging.</small><br></div><div class="battle-history"><small>The opposing Greninja is buffeted by the sandstorm!</small><br></div><div class="spacer battle-history"><br></div><h2 class="battle-history">Turn 47</h2><div class="spacer battle-history"><br></div><div class="battle-history">Tyranitar, come back!<br></div><div class="battle-history">Go! <strong>Zapdos</strong>!<br></div><div class="spacer battle-history"><br></div><div class="battle-history">The opposing Greninja used <strong>U-turn</strong>!<br></div><div class="spacer battle-history"><br></div><div class="battle-history"><small>[The opposing Greninja's Protean]</small><br><small>The opposing Greninja transformed into the Bug type!</small><br></div><div class="battle-history"><small>It's not very effective...</small><br></div><div class="battle-history"><small>(Zapdos lost <abbr title="−39/384">10.2%</abbr> of its health!)</small><br></div><div class="battle-history"><small>[Zapdos's Static]</small><br><small>The opposing Greninja is paralyzed! It may be unable to move!</small><br></div><div class="chat chatmessage-mauryxd"><strong style="color:hsl(141,75%,36.60069767872%)"><small>☆</small><span class="username" data-name="Maury XD">Maury XD</span>:</strong> <em>ups</em></div><div class="spacer battle-history"><br></div><div class="battle-history">The opposing Greninja went back to Mi Persona Murio!<br></div><div class="battle-history">Mi Persona Murio sent out <strong>Zygarde</strong>!<br></div><div class="battle-history"><small>[The opposing Zygarde's Aura Break]</small><br><small>The opposing Zygarde reversed all other Pokémon's auras!</small><br></div><div class="spacer battle-history"><br></div><div class="battle-history"><small>The sandstorm is raging.</small><br></div><div class="battle-history"><small>Zapdos is buffeted by the sandstorm!</small><br></div><div class="spacer battle-history"><br></div><h2 class="battle-history">Turn 48</h2><div class="spacer battle-history"><br></div><div class="battle-history"><small>The opposing Zygarde woke up!</small><br></div><div class="spacer battle-history"><br></div><div class="battle-history">The opposing Zygarde used <strong>Thousand Arrows</strong>!<br></div><div class="battle-history"><small>(Zapdos lost <abbr title="−169/384">44.0%</abbr> of its health!)</small><br></div><div class="battle-history"><small>Zapdos fell straight down!</small><br></div><div class="spacer battle-history"><br></div><div class="battle-history">Zapdos used <strong>Hidden Power</strong>!<br></div><div class="battle-history"><small>It's super effective!</small><br></div><div class="battle-history"><small>(The opposing Zygarde lost <abbr title="−161/357">45.1%</abbr> of its health!)</small><br></div><div class="spacer battle-history"><br></div><div class="battle-history">The opposing Zygarde fainted!<br></div><div class="spacer battle-history"><br></div><div class="battle-history"><small>The sandstorm is raging.</small><br></div><div class="battle-history"><small>Zapdos is buffeted by the sandstorm!</small><br></div><div class="spacer battle-history"><br></div><div class="battle-history">Mi Persona Murio sent out Mawile (<strong>Mawile-Mega</strong>)!<br></div><div class="spacer battle-history"><br></div><h2 class="battle-history">Turn 49</h2><div class="spacer battle-history"><br></div><div class="battle-history">Zapdos used <strong>Discharge</strong>!<br></div><div class="battle-history"><small>(The opposing Mawile lost <abbr title="−115/281">40.9%</abbr> of its health!)</small><br></div><div class="spacer battle-history"><br></div><div class="battle-history">The opposing Mawile used <strong>Play Rough</strong>!<br></div><div class="battle-history"><small>(Zapdos lost <abbr title="−80/384">20.8%</abbr> of its health!)</small><br></div><div class="spacer battle-history"><br></div><div class="battle-history">Zapdos fainted!<br></div><div class="spacer battle-history"><br></div><div class="battle-history"><small>The sandstorm subsided.</small><br></div><div class="spacer battle-history"><br></div><div class="battle-history">Go! Keldeo (<strong>Keldeo-Resolute</strong>)!<br></div><div class="spacer battle-history"><br></div><h2 class="battle-history">Turn 50</h2><div class="spacer battle-history"><br></div><div class="battle-history">Mi Persona Murio withdrew Mawile!<br></div><div class="battle-history">Mi Persona Murio sent out <strong>Greninja</strong>!<br></div><div class="spacer battle-history"><br></div><div class="battle-history">Keldeo used <strong>Scald</strong>!<br></div><div class="battle-history"><small>It's not very effective...</small><br></div><div class="battle-history"><small>(The opposing Greninja lost <abbr title="−25/285">8.8%</abbr> of its health!)</small><br></div><div class="spacer battle-history"><br></div><div class="battle-history">The opposing Greninja fainted!<br></div><div class="spacer battle-history"><br></div><div class="battle-history">Mi Persona Murio sent out <strong>Reuniclus</strong>!<br></div><div class="spacer battle-history"><br></div><h2 class="battle-history">Turn 51</h2><div class="spacer battle-history"><br></div><div class="battle-history">Mi Persona Murio withdrew Reuniclus!<br></div><div class="battle-history">Mi Persona Murio sent out Mawile (<strong>Mawile-Mega</strong>)!<br></div><div class="spacer battle-history"><br></div><div class="battle-history">Keldeo used <strong>Scald</strong>!<br></div><div class="battle-history"><small>(The opposing Mawile lost <abbr title="−35/281">12.5%</abbr> of its health!)</small><br></div><div class="spacer battle-history"><br></div><div class="battle-history">The opposing Mawile fainted!<br></div><div class="chat chatmessage-mauryxd"><strong style="color:hsl(141,75%,36.60069767872%)"><small>☆</small><span class="username" data-name="Maury XD">Maury XD</span>:</strong> <em>(:</em></div><div class="chat chatmessage-mipersonamurio"><strong style="color:hsl(316,53%,47.29341622733849%)"><small>☆</small><span class="username" data-name="Mi Persona Murio">Mi Persona Murio</span>:</strong> <em>el rei</em></div><div class="chat chatmessage-mipersonamurio"><strong style="color:hsl(316,53%,47.29341622733849%)"><small>☆</small><span class="username" data-name="Mi Persona Murio">Mi Persona Murio</span>:</strong> <em>jajaja</em></div><div class="spacer battle-history"><br></div><div class="battle-history">Mi Persona Murio sent out <strong>Reuniclus</strong>!<br></div><div class="spacer battle-history"><br></div><h2 class="battle-history">Turn 52</h2><div class="chat chatmessage-mauryxd"><strong style="color:hsl(141,75%,36.60069767872%)"><small>☆</small><span class="username" data-name="Maury XD">Maury XD</span>:</strong> <em>jajaja</em></div><div class="chat chatmessage-mauryxd"><strong style="color:hsl(141,75%,36.60069767872%)"><small>☆</small><span class="username" data-name="Maury XD">Maury XD</span>:</strong> <em>estoy volviendo nana estoy volviendo(?</em></div><div class="spacer battle-history"><br></div><div class="battle-history">Keldeo, come back!<br></div><div class="battle-history">Go! <strong>Tyranitar</strong>!<br></div><div class="battle-history"><small>[Tyranitar's Sand Stream]</small><br><small>A sandstorm kicked up!</small><br></div><div class="spacer battle-history"><br></div><div class="battle-history">The opposing Reuniclus used <strong>Acid Armor</strong>!<br></div><div class="battle-history"><small>The opposing Reuniclus's Defense rose sharply!</small><br></div><div class="spacer battle-history"><br></div><div class="battle-history"><small>The sandstorm is raging.</small><br></div><div class="spacer battle-history"><br></div><h2 class="battle-history">Turn 53</h2><div class="spacer battle-history"><br></div><div class="battle-history">Tyranitar used <strong>Crunch</strong>!<br></div><div class="battle-history"><small>It's super effective!</small><br></div><div class="battle-history"><small>A critical hit!</small><br></div><div class="battle-history"><small>(The opposing Reuniclus lost <abbr title="−424/424">100%</abbr> of its health!)</small><br></div><div class="spacer battle-history"><br></div><div class="battle-history">The opposing Reuniclus fainted!<br></div><div class="spacer battle-history"><br></div><div class="battle-history"><strong>Maury XD</strong> won the battle!<br></div><div class="chat chatmessage-mipersonamurio"><strong style="color:hsl(316,53%,47.29341622733849%)"><small>☆</small><span class="username" data-name="Mi Persona Murio">Mi Persona Murio</span>:</strong> <em>si</em></div><div class="chat chatmessage-mauryxd"><strong style="color:hsl(141,75%,36.60069767872%)"><small>☆</small><span class="username" data-name="Maury XD">Maury XD</span>:</strong> <em>como macho :D</em></div><div class="chat chatmessage-mipersonamurio"><strong style="color:hsl(316,53%,47.29341622733849%)"><small>☆</small><span class="username" data-name="Mi Persona Murio">Mi Persona Murio</span>:</strong> <em>volviendo a haxear :v</em></div><div class="chat chatmessage-mipersonamurio"><strong style="color:hsl(316,53%,47.29341622733849%)"><small>☆</small><span class="username" data-name="Mi Persona Murio">Mi Persona Murio</span>:</strong> <em>jajaja gg men</em></div><div class="chat chatmessage-mauryxd"><strong style="color:hsl(141,75%,36.60069767872%)"><small>☆</small><span class="username" data-name="Maury XD">Maury XD</span>:</strong> <em>gg bro</em></div><div class="chat chatmessage-mauryxd"><strong style="color:hsl(141,75%,36.60069767872%)"><small>☆</small><span class="username" data-name="Maury XD">Maury XD</span>:</strong> <em>xD</em></div></div><div class="inner-preempt"></div></div></div>
</div>
<script>
let daily = Math.floor(Date.now()/1000/60/60/24);document.write('<script src="https://play.pokemonshowdown.com/js/replay-embed.js?version'+daily+'"></'+'script>');
</script>
