<!DOCTYPE html>
<meta charset="utf-8" />
<!-- version 1 -->
<title>OU replay: Wpleon vs. ✿IrumaTenko✿</title>
<style>
html,body {font-family:Verdana, sans-serif;font-size:10pt;margin:0;padding:0;}body{padding:12px 0;} .battle-log {font-family:Verdana, sans-serif;font-size:10pt;} .battle-log-inline {border:1px solid #AAAAAA;background:#EEF2F5;color:black;max-width:640px;margin:0 auto 80px;padding-bottom:5px;} .battle-log .inner {padding:4px 8px 0px 8px;} .battle-log .inner-preempt {padding:0 8px 4px 8px;} .battle-log .inner-after {margin-top:0.5em;} .battle-log h2 {margin:0.5em -8px;padding:4px 8px;border:1px solid #AAAAAA;background:#E0E7EA;border-left:0;border-right:0;font-family:Verdana, sans-serif;font-size:13pt;} .battle-log .chat {vertical-align:middle;padding:3px 0 3px 0;font-size:8pt;} .battle-log .chat strong {color:#40576A;} .battle-log .chat em {padding:1px 4px 1px 3px;color:#000000;font-style:normal;} .chat.mine {background:rgba(0,0,0,0.05);margin-left:-8px;margin-right:-8px;padding-left:8px;padding-right:8px;} .spoiler {color:#BBBBBB;background:#BBBBBB;padding:0px 3px;} .spoiler:hover, .spoiler:active, .spoiler-shown {color:#000000;background:#E2E2E2;padding:0px 3px;} .spoiler a {color:#BBBBBB;} .spoiler:hover a, .spoiler:active a, .spoiler-shown a {color:#2288CC;} .chat code, .chat .spoiler:hover code, .chat .spoiler:active code, .chat .spoiler-shown code {border:1px solid #C0C0C0;background:#EEEEEE;color:black;padding:0 2px;} .chat .spoiler code {border:1px solid #CCCCCC;background:#CCCCCC;color:#CCCCCC;} .battle-log .rated {padding:3px 4px;} .battle-log .rated strong {color:white;background:#89A;padding:1px 4px;border-radius:4px;} .spacer {margin-top:0.5em;} .message-announce {background:#6688AA;color:white;padding:1px 4px 2px;} .message-announce a, .broadcast-green a, .broadcast-blue a, .broadcast-red a {color:#DDEEFF;} .broadcast-green {background-color:#559955;color:white;padding:2px 4px;} .broadcast-blue {background-color:#6688AA;color:white;padding:2px 4px;} .infobox {border:1px solid #6688AA;padding:2px 4px;} .infobox-limited {max-height:200px;overflow:auto;overflow-x:hidden;} .broadcast-red {background-color:#AA5544;color:white;padding:2px 4px;} .message-learn-canlearn {font-weight:bold;color:#228822;text-decoration:underline;} .message-learn-cannotlearn {font-weight:bold;color:#CC2222;text-decoration:underline;} .message-effect-weak {font-weight:bold;color:#CC2222;} .message-effect-resist {font-weight:bold;color:#6688AA;} .message-effect-immune {font-weight:bold;color:#666666;} .message-learn-list {margin-top:0;margin-bottom:0;} .message-throttle-notice, .message-error {color:#992222;} .message-overflow, .chat small.message-overflow {font-size:0pt;} .message-overflow::before {font-size:9pt;content:'...';} .subtle {color:#3A4A66;}
</style>
<div class="wrapper replay-wrapper" style="max-width:1180px;margin:0 auto">
<input type="hidden" name="replayid" value="destiny-ou-439259" />
<div class="battle"></div><div class="battle-log"></div><div class="replay-controls"></div><div class="replay-controls-2"></div>
<h1 style="font-weight:normal;text-align:center"><strong>OU</strong><br /><a href="http://pokemonshowdown.com/users/wpleon" class="subtle" target="_blank">Wpleon</a> vs. <a href="http://pokemonshowdown.com/users/irumatenko" class="subtle" target="_blank">✿IrumaTenko✿</a></h1>
<script type="text/plain" class="battle-log-data">|player|p1|Wpleon|2049
|teamsize|p1|6
|player|p2|✿IrumaTenko✿|irumatenko-3.gif?9e688361
|teamsize|p2|6
|teamsize|p1|6
|teamsize|p2|6
|gametype|singles
|gen|7
|tier|OU
|rated
|seed|44701,57269,30215,54005
|rule|Cláusula-Mod de Dormir: solo puedes dormir a uno de tus oponentes a la vez.
|rule|Cláusula de Especie: Hasta un Pokémon de cada especie
|rule|Cláusula de Golpe Fulminante: los movimientos fulminantes (OHKO) estan prohibidos
|rule|Cláusula de Veleta: la habilidad Veleta está prohibida
|rule|Cláusula de Movimientos Evasivos: los movimientos de Evasión están prohibidos.
|rule|Cláusula de Batallas Eternas: forzar batallas eternas está prohibido
|clearpoke
|poke|p1|Marowak-Alola, M|item
|poke|p1|Kingler, M|item
|poke|p1|Slowbro, F|item
|poke|p1|Kecleon, F|item
|poke|p1|Hoopa-Unbound|item
|poke|p1|Zapdos|item
|poke|p2|Pelipper, M|item
|poke|p2|Swampert, M|item
|poke|p2|Tornadus-Therian, M|item
|poke|p2|Tapu Lele|item
|poke|p2|Greninja, M|item
|poke|p2|Ferrothorn, F|item
|teampreview|undefined
|choice|*team 523416|*
|choice|*team 423156|*
|choice|*|*team 123456
|choice|team 4, 2, 3, 1, 5, 6|team 1, 2, 3, 4, 5, 6
|
|start
|switch|p1a: Kecleon|Kecleon, F|324\/324
|switch|p2a: Pelipper|Pelipper, M|262\/262
|-weather|RainDance|[from] ability: Drizzle|[of] p2a: Pelipper
|turn|1
|choice|*|*move 1
|choice|*move 1|*
|choice|move trickroom|move hydropump
|
|move|p2a: Pelipper|Hydro Pump|p1a: Kecleon
|-damage|p1a: Kecleon|93\/324
|move|p1a: Kecleon|Trick Room|p1a: Kecleon
|-start|p1a: Kecleon|typechange|Psychic|[from] Protean
|-fieldstart|move: Trick Room|[of] p1a: Kecleon
|
|-weather|RainDance|[upkeep]
|upkeep
|turn|2
|choice|*|*switch 6
|choice|*move 2|*
|choice|move knockoff|switch 6
|
|switch|p2a: Ferrothorn|Ferrothorn, F|352\/352
|move|p1a: Kecleon|Knock Off|p2a: Ferrothorn
|-start|p1a: Kecleon|typechange|Dark|[from] Protean
|-damage|p2a: Ferrothorn|270\/352
|-damage|p1a: Kecleon|53\/324|[from] ability: Iron Barbs|[of] p2a: Ferrothorn
|-enditem|p2a: Ferrothorn|Leftovers|[from] move: Knock Off|[of] p1a: Kecleon
|-enditem|p1a: Kecleon|Figy Berry|[eat]
|-heal|p1a: Kecleon|215\/324|[from] item: Figy Berry
|
|-weather|RainDance|[upkeep]
|upkeep
|turn|3
|choice|*|*move 3
|choice|*switch 6|*
|choice|switch 6|move leechseed
|
|switch|p1a: Zapdos|Zapdos|321\/321
|move|p2a: Ferrothorn|Leech Seed|p1a: Zapdos
|-start|p1a: Zapdos|move: Leech Seed
|
|-weather|RainDance|[upkeep]
|-damage|p1a: Zapdos|281\/321|[from] Leech Seed|[of] p2a: Ferrothorn
|-heal|p2a: Ferrothorn|310\/352|[silent]
|upkeep
|turn|4
|choice|*|*move 2
|choice|*switch 3|*
|choice|switch 3|move stealthrock
|
|switch|p1a: Slowbro|Slowbro, F|357\/357
|move|p2a: Ferrothorn|Stealth Rock|p1a: Slowbro
|-sidestart|p1: Wpleon|move: Stealth Rock
|
|-weather|RainDance|[upkeep]
|upkeep
|turn|5
|choice|*|*move 3
|choice|*switch 3|*
|choice|switch 3|move leechseed
|
|switch|p1a: Zapdos|Zapdos|281\/321
|-damage|p1a: Zapdos|201\/321|[from] Stealth Rock
|move|p2a: Ferrothorn|Leech Seed|p1a: Zapdos
|-start|p1a: Zapdos|move: Leech Seed
|
|-weather|none
|-damage|p1a: Zapdos|161\/321|[from] Leech Seed|[of] p2a: Ferrothorn
|-heal|p2a: Ferrothorn|350\/352|[silent]
|-fieldend|move: Trick Room
|upkeep
|turn|6
|choice|*|*switch 6
|choice|*move 2|*
|choice|move defog|switch 6
|
|switch|p2a: Pelipper|Pelipper, M|262\/262
|-weather|RainDance|[from] ability: Drizzle|[of] p2a: Pelipper
|move|p1a: Zapdos|Defog|p2a: Pelipper
|-unboost|p2a: Pelipper|evasion|1
|-sideend|p1: Wpleon|Stealth Rock|[from] move: Defog|[of] p1a: Zapdos
|
|-weather|RainDance|[upkeep]
|-damage|p1a: Zapdos|121\/321|[from] Leech Seed|[of] p2a: Pelipper
|upkeep
|turn|7
|choice|*|*switch 2
|choice|*switch 3|*
|choice|*|*switch 6
|choice|switch 3|switch 6
|
|switch|p2a: Ferrothorn|Ferrothorn, F|350\/352
|switch|p1a: Slowbro|Slowbro, F|357\/357
|
|-weather|RainDance|[upkeep]
|upkeep
|turn|8
|choice|*|*move 3
|choice|*move 1 mega|*
|choice|move psychic mega|move leechseed
|
|-mega|p1a: Slowbro|Slowbro|Slowbronite
|detailschange|p1a: Slowbro|Slowbro-Mega, F
|move|p2a: Ferrothorn|Leech Seed|p1a: Slowbro
|-start|p1a: Slowbro|move: Leech Seed
|move|p1a: Slowbro|Psychic|p2a: Ferrothorn
|-resisted|p2a: Ferrothorn
|-damage|p2a: Ferrothorn|308\/352
|
|-weather|RainDance|[upkeep]
|-damage|p1a: Slowbro|313\/357|[from] Leech Seed|[of] p2a: Ferrothorn
|-heal|p2a: Ferrothorn|352\/352|[silent]
|upkeep
|turn|9
|choice|*|*move 2
|choice|*switch 2|*
|choice|switch 2|move stealthrock
|
|switch|p1a: Kingler|Kingler, M|265\/265
|move|p2a: Ferrothorn|Stealth Rock|p1a: Kingler
|-sidestart|p1: Wpleon|move: Stealth Rock
|
|-weather|RainDance|[upkeep]
|upkeep
|turn|10
|choice|*move 3|*
|choice|*|*switch 4
|choice|move superpower|switch 4
|
|switch|p2a: Tapu Lele|Tapu Lele|281\/281
|-fieldstart|move: Psychic Terrain|[from] ability: Psychic Surge|[of] p2a: Tapu Lele
|move|p1a: Kingler|Superpower|p2a: Tapu Lele
|-resisted|p2a: Tapu Lele
|-damage|p2a: Tapu Lele|230\/281
|-unboost|p1a: Kingler|atk|1
|-unboost|p1a: Kingler|def|1
|
|-weather|none
|upkeep
|turn|11
|choice|*|*move 1
|choice|*|*switch 6
|choice|*switch 5|*
|choice|switch 5|switch 6
|
|switch|p2a: Pelipper|Pelipper, M|262\/262
|-weather|RainDance|[from] ability: Drizzle|[of] p2a: Pelipper
|switch|p1a: Hoopa|Hoopa-Unbound|315\/315
|-damage|p1a: Hoopa|276\/315|[from] Stealth Rock
|
|-weather|RainDance|[upkeep]
|upkeep
|turn|12
|choice|*|*move 3
|choice|*move 1|*
|choice|move trickroom|move uturn
|
|move|p2a: Pelipper|U-turn|p1a: Hoopa
|-supereffective|p1a: Hoopa
|-damage|p1a: Hoopa|88\/315
|choice|*|*switch 4
|choice||switch 4
|
|switch|p2a: Ferrothorn|Ferrothorn, F|352\/352|[from]move: U-turn
|move|p1a: Hoopa|Trick Room|p1a: Hoopa
|-fieldstart|move: Trick Room|[of] p1a: Hoopa
|
|-weather|RainDance|[upkeep]
|upkeep
|turn|13
|choice|*|*move 4
|choice|*move 4|*
|choice|move darkpulse|move gyroball
|
|move|p2a: Ferrothorn|Gyro Ball|p1a: Hoopa
|-damage|p1a: Hoopa|1\/315
|move|p1a: Hoopa|Dark Pulse|p2a: Ferrothorn
|-damage|p2a: Ferrothorn|235\/352
|
|-weather|RainDance|[upkeep]
|upkeep
|turn|14
|choice|*|*move 4
|choice|*move 2|*
|choice|move thunderbolt|move gyroball
|
|move|p2a: Ferrothorn|Gyro Ball|p1a: Hoopa
|-damage|p1a: Hoopa|0 fnt
|faint|p1a: Hoopa
|
|-weather|RainDance|[upkeep]
|-fieldend|move: Psychic Terrain
|upkeep
|choice|*switch 6|*
|choice|switch 6|
|
|switch|p1a: Kecleon|Kecleon, F|215\/324
|-damage|p1a: Kecleon|175\/324|[from] Stealth Rock
|turn|15
|choice|*|*move 3
|choice|*move 2|*
|choice|move knockoff|move leechseed
|
|move|p2a: Ferrothorn|Leech Seed|p1a: Kecleon
|-start|p1a: Kecleon|move: Leech Seed
|move|p1a: Kecleon|Knock Off|p2a: Ferrothorn
|-start|p1a: Kecleon|typechange|Dark|[from] Protean
|-damage|p2a: Ferrothorn|181\/352
|-damage|p1a: Kecleon|135\/324|[from] ability: Iron Barbs|[of] p2a: Ferrothorn
|
|-weather|none
|-damage|p1a: Kecleon|95\/324|[from] Leech Seed|[of] p2a: Ferrothorn
|-heal|p2a: Ferrothorn|221\/352|[silent]
|upkeep
|turn|16
|choice|*|*move 4
|choice|*move 4|*
|choice|move firepunch|move gyroball
|
|move|p2a: Ferrothorn|Gyro Ball|p1a: Kecleon
|-damage|p1a: Kecleon|55\/324
|move|p1a: Kecleon|Fire Punch|p2a: Ferrothorn
|-start|p1a: Kecleon|typechange|Fire|[from] Protean
|-supereffective|p2a: Ferrothorn
|-damage|p2a: Ferrothorn|0 fnt
|-damage|p1a: Kecleon|15\/324|[from] ability: Iron Barbs|[of] p2a: Ferrothorn
|faint|p2a: Ferrothorn
|
|-fieldend|move: Trick Room
|upkeep
|choice|*|*switch 4
|choice||switch 4
|
|switch|p2a: Pelipper|Pelipper, M|262\/262
|-weather|RainDance|[from] ability: Drizzle|[of] p2a: Pelipper
|turn|17
|choice|*|*move 2
|choice|*move 3|*
|choice|move toxic|move hurricane
|
|move|p2a: Pelipper|Hurricane|p1a: Kecleon
|-damage|p1a: Kecleon|0 fnt
|faint|p1a: Kecleon
|
|-weather|RainDance|[upkeep]
|upkeep
|choice|*switch 5|*
|choice|switch 5|
|
|switch|p1a: Kingler|Kingler, M|265\/265
|-damage|p1a: Kingler|232\/265|[from] Stealth Rock
|turn|18
|choice|*|*move 2
|choice|*move 1|*
|choice|move crabhammer|move hurricane
|
|move|p2a: Pelipper|Hurricane|p1a: Kingler
|-damage|p1a: Kingler|0 fnt
|faint|p1a: Kingler
|
|-weather|RainDance|[upkeep]
|upkeep
|choice|*switch 2|*
|choice|switch 2|
|
|switch|p1a: Slowbro|Slowbro-Mega, F|313\/357
|-damage|p1a: Slowbro|269\/357|[from] Stealth Rock
|turn|19
|choice|*|*move 2
|choice|*move 3|*
|choice|move trickroom|move hurricane
|
|move|p2a: Pelipper|Hurricane|p1a: Slowbro
|-damage|p1a: Slowbro|19\/357
|move|p1a: Slowbro|Trick Room|p1a: Slowbro
|-fieldstart|move: Trick Room|[of] p1a: Slowbro
|
|-weather|RainDance|[upkeep]
|upkeep
|turn|20
|choice|*|*move 2
|choice|*move 1|*
|choice|move psychic|move hurricane
|
|move|p1a: Slowbro|Psychic|p2a: Pelipper
|-damage|p2a: Pelipper|78\/262
|move|p2a: Pelipper|Hurricane|p1a: Slowbro
|-damage|p1a: Slowbro|0 fnt
|faint|p1a: Slowbro
|
|-weather|RainDance|[upkeep]
|upkeep
|choice|*switch 4|*
|choice|switch 4|
|
|switch|p1a: Marowak|Marowak-Alola, M|296\/296
|-damage|p1a: Marowak|222\/296|[from] Stealth Rock
|turn|21
|choice|*|*switch 5
|choice|*move 4|*
|choice|move shadowbone|switch 5
|
|switch|p2a: Greninja|Greninja, M|285\/285
|move|p1a: Marowak|Shadow Bone|p2a: Greninja
|-resisted|p2a: Greninja
|-crit|p2a: Greninja
|-damage|p2a: Greninja|27\/285
|
|-weather|none
|upkeep
|turn|22
|choice|*|*switch 5
|choice|*move 4|*
|choice|move shadowbone|switch 5
|
|switch|p2a: Pelipper|Pelipper, M|78\/262
|-weather|RainDance|[from] ability: Drizzle|[of] p2a: Pelipper
|move|p1a: Marowak|Shadow Bone|p2a: Pelipper
|-damage|p2a: Pelipper|0 fnt
|faint|p2a: Pelipper
|
|-weather|RainDance|[upkeep]
|upkeep
|choice|*|*switch 5
|choice||switch 5
|
|switch|p2a: Greninja|Greninja, M|27\/285
|turn|23
|choice|*|*move 1
|choice|*move 4|*
|choice|move shadowbone|move watershuriken
|
|move|p2a: Greninja|Water Shuriken|p1a: Marowak
|-supereffective|p1a: Marowak
|-damage|p1a: Marowak|132\/296
|-supereffective|p1a: Marowak
|-damage|p1a: Marowak|48\/296
|-supereffective|p1a: Marowak
|-damage|p1a: Marowak|0 fnt
|-hitcount|p1a: Marowak|3
|faint|p1a: Marowak
|-activate|p2a: Greninja|ability: Battle Bond
|detailschange|p2a: Greninja|Greninja-Ash, M
|
|-weather|RainDance|[upkeep]
|-fieldend|move: Trick Room
|upkeep
|c|☆✿IrumaTenko✿|gg
|c|☆Wpleon|jajajaja odio los rain  team xd
|choice|*switch 3|*
|choice|switch 3|
|
|switch|p1a: Zapdos|Zapdos|121\/321
|-damage|p1a: Zapdos|41\/321|[from] Stealth Rock
|turn|24
|choice|*|*move 2
|choice|*move 1|*
|choice|move thunderbolt|move darkpulse
|
|move|p2a: Greninja|Dark Pulse|p1a: Zapdos
|-damage|p1a: Zapdos|0 fnt
|faint|p1a: Zapdos
|
|win|✿IrumaTenko✿
✿IrumaTenko✿ ha ganado 6.75 PokeDolares.
|raw|Puntaje de Wpleon: 1136 &rarr; <strong>1125<\/strong><br \/>(-11 por perder)
|raw|Puntaje de ✿IrumaTenko✿: 1292 &rarr; <strong>1307<\/strong><br \/>(+15 por ganar)
</script>
</div>
<div class="battle-log battle-log-inline"><div class="inner"><div class="battle-options"></div><div class="inner"><div class=""><small>Format:</small> <br><strong>OU</strong></div><div class="rated"><strong>Rated battle</strong></div><div class=""><small><em>Cláusula-Mod de Dormir:</em> solo puedes dormir a uno de tus oponentes a la vez.</small></div><div class=""><small><em>Cláusula de Especie:</em> Hasta un Pokémon de cada especie</small></div><div class=""><small><em>Cláusula de Golpe Fulminante:</em> los movimientos fulminantes (OHKO) estan prohibidos</small></div><div class=""><small><em>Cláusula de Veleta:</em> la habilidad Veleta está prohibida</small></div><div class=""><small><em>Cláusula de Movimientos Evasivos:</em> los movimientos de Evasión están prohibidos.</small></div><div class=""><small><em>Cláusula de Batallas Eternas:</em> forzar batallas eternas está prohibido</small></div><div class="chat battle-history"><strong>Wpleon's team:</strong> <em style="color:#445566;display:block;">Marowak-Alola / Kingler / Slowbro / Kecleon / Hoopa-Unbound / Zapdos</em></div><div class="chat battle-history"><strong>✿IrumaTenko✿'s team:</strong> <em style="color:#445566;display:block;">Pelipper / Swampert / Tornadus-Therian / Tapu Lele / Greninja / Ferrothorn</em></div><div class="spacer battle-history"><br></div><div class="battle-history">Battle started between Wpleon and ✿IrumaTenko✿!<br></div><div class="spacer battle-history"><br></div><div class="battle-history">Go! <strong>Kecleon</strong>!<br></div><div class="spacer battle-history"><br></div><div class="battle-history">✿IrumaTenko✿ sent out <strong>Pelipper</strong>!<br></div><div class="battle-history"><small>[The opposing Pelipper's Drizzle]</small><br><small>It started to rain!</small><br></div><div class="spacer battle-history"><br></div><h2 class="battle-history">Turn 1</h2><div class="spacer battle-history"><br></div><div class="battle-history">The opposing Pelipper used <strong>Hydro Pump</strong>!<br></div><div class="battle-history"><small>(Kecleon lost <abbr title="−231/324">71.3%</abbr> of its health!)</small><br></div><div class="spacer battle-history"><br></div><div class="battle-history">Kecleon used <strong>Trick Room</strong>!<br></div><div class="spacer battle-history"><br></div><div class="battle-history"><small>[Kecleon's Protean]</small><br><small>Kecleon transformed into the Psychic type!</small><br></div><div class="battle-history"><small>Kecleon twisted the dimensions!</small><br></div><div class="spacer battle-history"><br></div><div class="battle-history"><small>(Rain continues to fall!)</small><br></div><div class="spacer battle-history"><br></div><h2 class="battle-history">Turn 2</h2><div class="spacer battle-history"><br></div><div class="battle-history">✿IrumaTenko✿ withdrew Pelipper!<br></div><div class="battle-history">✿IrumaTenko✿ sent out <strong>Ferrothorn</strong>!<br></div><div class="spacer battle-history"><br></div><div class="battle-history">Kecleon used <strong>Knock Off</strong>!<br></div><div class="spacer battle-history"><br></div><div class="battle-history"><small>[Kecleon's Protean]</small><br><small>Kecleon transformed into the Dark type!</small><br></div><div class="battle-history"><small>(The opposing Ferrothorn lost <abbr title="−82/352">23.3%</abbr> of its health!)</small><br></div><div class="battle-history"><small>[The opposing Ferrothorn's Iron Barbs]</small><br><small>Kecleon was hurt!</small><br></div><div class="battle-history"><small>Kecleon knocked off the opposing Ferrothorn's Leftovers!</small><br></div><div class="battle-history"><small>Kecleon ate its Figy Berry!</small><br></div><div class="battle-history"><small>Kecleon restored HP using its Figy Berry!</small><br></div><div class="spacer battle-history"><br></div><div class="battle-history"><small>(Rain continues to fall!)</small><br></div><div class="spacer battle-history"><br></div><h2 class="battle-history">Turn 3</h2><div class="spacer battle-history"><br></div><div class="battle-history">Kecleon, come back!<br></div><div class="battle-history">Go! <strong>Zapdos</strong>!<br></div><div class="spacer battle-history"><br></div><div class="battle-history">The opposing Ferrothorn used <strong>Leech Seed</strong>!<br></div><div class="battle-history"><small>Zapdos was seeded!</small><br></div><div class="spacer battle-history"><br></div><div class="battle-history"><small>(Rain continues to fall!)</small><br></div><div class="battle-history"><small>Zapdos's health is sapped by Leech Seed!</small><br></div><div class="spacer battle-history"><br></div><h2 class="battle-history">Turn 4</h2><div class="spacer battle-history"><br></div><div class="battle-history">Zapdos, come back!<br></div><div class="battle-history">Go! <strong>Slowbro</strong>!<br></div><div class="spacer battle-history"><br></div><div class="battle-history">The opposing Ferrothorn used <strong>Stealth Rock</strong>!<br></div><div class="battle-history"><small>Pointed stones float in the air around your team!</small><br></div><div class="spacer battle-history"><br></div><div class="battle-history"><small>(Rain continues to fall!)</small><br></div><div class="spacer battle-history"><br></div><h2 class="battle-history">Turn 5</h2><div class="spacer battle-history"><br></div><div class="battle-history">Slowbro, come back!<br></div><div class="battle-history">Go! <strong>Zapdos</strong>!<br></div><div class="battle-history"><small>Pointed stones dug into Zapdos!</small><br></div><div class="spacer battle-history"><br></div><div class="battle-history">The opposing Ferrothorn used <strong>Leech Seed</strong>!<br></div><div class="battle-history"><small>Zapdos was seeded!</small><br></div><div class="spacer battle-history"><br></div><div class="battle-history"><small>The rain stopped.</small><br></div><div class="battle-history"><small>Zapdos's health is sapped by Leech Seed!</small><br></div><div class="battle-history"><small>The twisted dimensions returned to normal!</small><br></div><div class="spacer battle-history"><br></div><h2 class="battle-history">Turn 6</h2><div class="spacer battle-history"><br></div><div class="battle-history">✿IrumaTenko✿ withdrew Ferrothorn!<br></div><div class="battle-history">✿IrumaTenko✿ sent out <strong>Pelipper</strong>!<br></div><div class="battle-history"><small>[The opposing Pelipper's Drizzle]</small><br><small>It started to rain!</small><br></div><div class="spacer battle-history"><br></div><div class="battle-history">Zapdos used <strong>Defog</strong>!<br></div><div class="battle-history"><small>The opposing Pelipper's evasiveness fell!</small><br></div><div class="battle-history"><small>The pointed stones disappeared from around your team!</small><br></div><div class="spacer battle-history"><br></div><div class="battle-history"><small>(Rain continues to fall!)</small><br></div><div class="battle-history"><small>Zapdos's health is sapped by Leech Seed!</small><br></div><div class="spacer battle-history"><br></div><h2 class="battle-history">Turn 7</h2><div class="spacer battle-history"><br></div><div class="battle-history">✿IrumaTenko✿ withdrew Pelipper!<br></div><div class="battle-history">✿IrumaTenko✿ sent out <strong>Ferrothorn</strong>!<br></div><div class="spacer battle-history"><br></div><div class="battle-history">Zapdos, come back!<br></div><div class="battle-history">Go! <strong>Slowbro</strong>!<br></div><div class="spacer battle-history"><br></div><div class="battle-history"><small>(Rain continues to fall!)</small><br></div><div class="spacer battle-history"><br></div><h2 class="battle-history">Turn 8</h2><div class="spacer battle-history"><br></div><div class="battle-history"><small>Slowbro's Slowbronite is reacting to the Key Stone!</small><br>Slowbro has Mega Evolved into Mega Slowbro!<br></div><div class="spacer battle-history"><br></div><div class="battle-history">The opposing Ferrothorn used <strong>Leech Seed</strong>!<br></div><div class="battle-history"><small>Slowbro was seeded!</small><br></div><div class="spacer battle-history"><br></div><div class="battle-history">Slowbro used <strong>Psychic</strong>!<br></div><div class="battle-history"><small>It's not very effective...</small><br></div><div class="battle-history"><small>(The opposing Ferrothorn lost <abbr title="−42/352">11.9%</abbr> of its health!)</small><br></div><div class="spacer battle-history"><br></div><div class="battle-history"><small>(Rain continues to fall!)</small><br></div><div class="battle-history"><small>Slowbro's health is sapped by Leech Seed!</small><br></div><div class="spacer battle-history"><br></div><h2 class="battle-history">Turn 9</h2><div class="spacer battle-history"><br></div><div class="battle-history">Slowbro, come back!<br></div><div class="battle-history">Go! <strong>Kingler</strong>!<br></div><div class="spacer battle-history"><br></div><div class="battle-history">The opposing Ferrothorn used <strong>Stealth Rock</strong>!<br></div><div class="battle-history"><small>Pointed stones float in the air around your team!</small><br></div><div class="spacer battle-history"><br></div><div class="battle-history"><small>(Rain continues to fall!)</small><br></div><div class="spacer battle-history"><br></div><h2 class="battle-history">Turn 10</h2><div class="spacer battle-history"><br></div><div class="battle-history">✿IrumaTenko✿ withdrew Ferrothorn!<br></div><div class="battle-history">✿IrumaTenko✿ sent out <strong>Tapu Lele</strong>!<br></div><div class="battle-history"><small>[The opposing Tapu Lele's Psychic Surge]</small><br><small>The battlefield got weird!</small><br></div><div class="spacer battle-history"><br></div><div class="battle-history">Kingler used <strong>Superpower</strong>!<br></div><div class="battle-history"><small>It's not very effective...</small><br></div><div class="battle-history"><small>(The opposing Tapu Lele lost <abbr title="−51/281">18.1%</abbr> of its health!)</small><br></div><div class="battle-history"><small>Kingler's Attack fell!</small><br></div><div class="battle-history"><small>Kingler's Defense fell!</small><br></div><div class="spacer battle-history"><br></div><div class="battle-history"><small>The rain stopped.</small><br></div><div class="spacer battle-history"><br></div><h2 class="battle-history">Turn 11</h2><div class="spacer battle-history"><br></div><div class="battle-history">✿IrumaTenko✿ withdrew Tapu Lele!<br></div><div class="battle-history">✿IrumaTenko✿ sent out <strong>Pelipper</strong>!<br></div><div class="battle-history"><small>[The opposing Pelipper's Drizzle]</small><br><small>It started to rain!</small><br></div><div class="spacer battle-history"><br></div><div class="battle-history">Kingler, come back!<br></div><div class="battle-history">Go! Hoopa (<strong>Hoopa-Unbound</strong>)!<br></div><div class="battle-history"><small>Pointed stones dug into Hoopa!</small><br></div><div class="spacer battle-history"><br></div><div class="battle-history"><small>(Rain continues to fall!)</small><br></div><div class="spacer battle-history"><br></div><h2 class="battle-history">Turn 12</h2><div class="spacer battle-history"><br></div><div class="battle-history">The opposing Pelipper used <strong>U-turn</strong>!<br></div><div class="battle-history"><small>It's super effective!</small><br></div><div class="battle-history"><small>(Hoopa lost <abbr title="−188/315">59.7%</abbr> of its health!)</small><br></div><div class="spacer battle-history"><br></div><div class="battle-history">The opposing Pelipper went back to ✿IrumaTenko✿!<br></div><div class="battle-history">✿IrumaTenko✿ sent out <strong>Ferrothorn</strong>!<br></div><div class="spacer battle-history"><br></div><div class="battle-history">Hoopa used <strong>Trick Room</strong>!<br></div><div class="battle-history"><small>Hoopa twisted the dimensions!</small><br></div><div class="spacer battle-history"><br></div><div class="battle-history"><small>(Rain continues to fall!)</small><br></div><div class="spacer battle-history"><br></div><h2 class="battle-history">Turn 13</h2><div class="spacer battle-history"><br></div><div class="battle-history">The opposing Ferrothorn used <strong>Gyro Ball</strong>!<br></div><div class="battle-history"><small>(Hoopa lost <abbr title="−87/315">27.6%</abbr> of its health!)</small><br></div><div class="spacer battle-history"><br></div><div class="battle-history">Hoopa used <strong>Dark Pulse</strong>!<br></div><div class="battle-history"><small>(The opposing Ferrothorn lost <abbr title="−117/352">33.2%</abbr> of its health!)</small><br></div><div class="spacer battle-history"><br></div><div class="battle-history"><small>(Rain continues to fall!)</small><br></div><div class="spacer battle-history"><br></div><h2 class="battle-history">Turn 14</h2><div class="spacer battle-history"><br></div><div class="battle-history">The opposing Ferrothorn used <strong>Gyro Ball</strong>!<br></div><div class="battle-history"><small>(Hoopa lost <abbr title="−1/315">0.3%</abbr> of its health!)</small><br></div><div class="spacer battle-history"><br></div><div class="battle-history">Hoopa fainted!<br></div><div class="spacer battle-history"><br></div><div class="battle-history"><small>(Rain continues to fall!)</small><br></div><div class="battle-history"><small>The weirdness disappeared from the battlefield!</small><br></div><div class="spacer battle-history"><br></div><div class="battle-history">Go! <strong>Kecleon</strong>!<br></div><div class="battle-history"><small>Pointed stones dug into Kecleon!</small><br></div><div class="spacer battle-history"><br></div><h2 class="battle-history">Turn 15</h2><div class="spacer battle-history"><br></div><div class="battle-history">The opposing Ferrothorn used <strong>Leech Seed</strong>!<br></div><div class="battle-history"><small>Kecleon was seeded!</small><br></div><div class="spacer battle-history"><br></div><div class="battle-history">Kecleon used <strong>Knock Off</strong>!<br></div><div class="spacer battle-history"><br></div><div class="battle-history"><small>[Kecleon's Protean]</small><br><small>Kecleon transformed into the Dark type!</small><br></div><div class="battle-history"><small>(The opposing Ferrothorn lost <abbr title="−54/352">15.3%</abbr> of its health!)</small><br></div><div class="battle-history"><small>[The opposing Ferrothorn's Iron Barbs]</small><br><small>Kecleon was hurt!</small><br></div><div class="spacer battle-history"><br></div><div class="battle-history"><small>The rain stopped.</small><br></div><div class="battle-history"><small>Kecleon's health is sapped by Leech Seed!</small><br></div><div class="spacer battle-history"><br></div><h2 class="battle-history">Turn 16</h2><div class="spacer battle-history"><br></div><div class="battle-history">The opposing Ferrothorn used <strong>Gyro Ball</strong>!<br></div><div class="battle-history"><small>(Kecleon lost <abbr title="−40/324">12.3%</abbr> of its health!)</small><br></div><div class="spacer battle-history"><br></div><div class="battle-history">Kecleon used <strong>Fire Punch</strong>!<br></div><div class="spacer battle-history"><br></div><div class="battle-history"><small>[Kecleon's Protean]</small><br><small>Kecleon transformed into the Fire type!</small><br></div><div class="battle-history"><small>It's super effective!</small><br></div><div class="battle-history"><small>(The opposing Ferrothorn lost <abbr title="−221/352">62.8%</abbr> of its health!)</small><br></div><div class="battle-history"><small>[The opposing Ferrothorn's Iron Barbs]</small><br><small>Kecleon was hurt!</small><br></div><div class="spacer battle-history"><br></div><div class="battle-history">The opposing Ferrothorn fainted!<br></div><div class="spacer battle-history"><br></div><div class="battle-history"><small>The twisted dimensions returned to normal!</small><br></div><div class="spacer battle-history"><br></div><div class="battle-history">✿IrumaTenko✿ sent out <strong>Pelipper</strong>!<br></div><div class="battle-history"><small>[The opposing Pelipper's Drizzle]</small><br><small>It started to rain!</small><br></div><div class="spacer battle-history"><br></div><h2 class="battle-history">Turn 17</h2><div class="spacer battle-history"><br></div><div class="battle-history">The opposing Pelipper used <strong>Hurricane</strong>!<br></div><div class="battle-history"><small>(Kecleon lost <abbr title="−15/324">4.6%</abbr> of its health!)</small><br></div><div class="spacer battle-history"><br></div><div class="battle-history">Kecleon fainted!<br></div><div class="spacer battle-history"><br></div><div class="battle-history"><small>(Rain continues to fall!)</small><br></div><div class="spacer battle-history"><br></div><div class="battle-history">Go! <strong>Kingler</strong>!<br></div><div class="battle-history"><small>Pointed stones dug into Kingler!</small><br></div><div class="spacer battle-history"><br></div><h2 class="battle-history">Turn 18</h2><div class="spacer battle-history"><br></div><div class="battle-history">The opposing Pelipper used <strong>Hurricane</strong>!<br></div><div class="battle-history"><small>(Kingler lost <abbr title="−232/265">87.5%</abbr> of its health!)</small><br></div><div class="spacer battle-history"><br></div><div class="battle-history">Kingler fainted!<br></div><div class="spacer battle-history"><br></div><div class="battle-history"><small>(Rain continues to fall!)</small><br></div><div class="spacer battle-history"><br></div><div class="battle-history">Go! Slowbro (<strong>Slowbro-Mega</strong>)!<br></div><div class="battle-history"><small>Pointed stones dug into Slowbro!</small><br></div><div class="spacer battle-history"><br></div><h2 class="battle-history">Turn 19</h2><div class="spacer battle-history"><br></div><div class="battle-history">The opposing Pelipper used <strong>Hurricane</strong>!<br></div><div class="battle-history"><small>(Slowbro lost <abbr title="−250/357">70.0%</abbr> of its health!)</small><br></div><div class="spacer battle-history"><br></div><div class="battle-history">Slowbro used <strong>Trick Room</strong>!<br></div><div class="battle-history"><small>Slowbro twisted the dimensions!</small><br></div><div class="spacer battle-history"><br></div><div class="battle-history"><small>(Rain continues to fall!)</small><br></div><div class="spacer battle-history"><br></div><h2 class="battle-history">Turn 20</h2><div class="spacer battle-history"><br></div><div class="battle-history">Slowbro used <strong>Psychic</strong>!<br></div><div class="battle-history"><small>(The opposing Pelipper lost <abbr title="−184/262">70.2%</abbr> of its health!)</small><br></div><div class="spacer battle-history"><br></div><div class="battle-history">The opposing Pelipper used <strong>Hurricane</strong>!<br></div><div class="battle-history"><small>(Slowbro lost <abbr title="−19/357">5.3%</abbr> of its health!)</small><br></div><div class="spacer battle-history"><br></div><div class="battle-history">Slowbro fainted!<br></div><div class="spacer battle-history"><br></div><div class="battle-history"><small>(Rain continues to fall!)</small><br></div><div class="spacer battle-history"><br></div><div class="battle-history">Go! Marowak (<strong>Marowak-Alola</strong>)!<br></div><div class="battle-history"><small>Pointed stones dug into Marowak!</small><br></div><div class="spacer battle-history"><br></div><h2 class="battle-history">Turn 21</h2><div class="spacer battle-history"><br></div><div class="battle-history">✿IrumaTenko✿ withdrew Pelipper!<br></div><div class="battle-history">✿IrumaTenko✿ sent out <strong>Greninja</strong>!<br></div><div class="spacer battle-history"><br></div><div class="battle-history">Marowak used <strong>Shadow Bone</strong>!<br></div><div class="battle-history"><small>It's not very effective...</small><br></div><div class="battle-history"><small>A critical hit!</small><br></div><div class="battle-history"><small>(The opposing Greninja lost <abbr title="−258/285">90.5%</abbr> of its health!)</small><br></div><div class="spacer battle-history"><br></div><div class="battle-history"><small>The rain stopped.</small><br></div><div class="spacer battle-history"><br></div><h2 class="battle-history">Turn 22</h2><div class="spacer battle-history"><br></div><div class="battle-history">✿IrumaTenko✿ withdrew Greninja!<br></div><div class="battle-history">✿IrumaTenko✿ sent out <strong>Pelipper</strong>!<br></div><div class="battle-history"><small>[The opposing Pelipper's Drizzle]</small><br><small>It started to rain!</small><br></div><div class="spacer battle-history"><br></div><div class="battle-history">Marowak used <strong>Shadow Bone</strong>!<br></div><div class="battle-history"><small>(The opposing Pelipper lost <abbr title="−78/262">29.8%</abbr> of its health!)</small><br></div><div class="spacer battle-history"><br></div><div class="battle-history">The opposing Pelipper fainted!<br></div><div class="spacer battle-history"><br></div><div class="battle-history"><small>(Rain continues to fall!)</small><br></div><div class="spacer battle-history"><br></div><div class="battle-history">✿IrumaTenko✿ sent out <strong>Greninja</strong>!<br></div><div class="spacer battle-history"><br></div><h2 class="battle-history">Turn 23</h2><div class="spacer battle-history"><br></div><div class="battle-history">The opposing Greninja used <strong>Water Shuriken</strong>!<br></div><div class="battle-history"><small>It's super effective!</small><br></div><div class="battle-history"><small>(Marowak lost <abbr title="−90/296">30.4%</abbr> of its health!)</small><br></div><div class="battle-history"><small>It's super effective!</small><br></div><div class="battle-history"><small>(Marowak lost <abbr title="−84/296">28.4%</abbr> of its health!)</small><br></div><div class="battle-history"><small>It's super effective!</small><br></div><div class="battle-history"><small>(Marowak lost <abbr title="−48/296">16.2%</abbr> of its health!)</small><br></div><div class="battle-history"><small>Hit 3 times!</small><br></div><div class="spacer battle-history"><br></div><div class="battle-history">Marowak fainted!<br></div><div class="battle-history"><small>[The opposing Greninja's Battle Bond]</small><br><small>The opposing Greninja became fully charged due to its bond with its Trainer!</small><br></div><div class="battle-history">The opposing Greninja became Ash-Greninja!<br></div><div class="spacer battle-history"><br></div><div class="battle-history"><small>(Rain continues to fall!)</small><br></div><div class="battle-history"><small>The twisted dimensions returned to normal!</small><br></div><div class="chat chatmessage-irumatenko"><strong style="color:hsl(196,67%,40%)"><small>☆</small><span class="username" data-name="✿IrumaTenko✿">✿IrumaTenko✿</span>:</strong> <em>gg</em></div><div class="chat chatmessage-wpleon"><strong style="color:hsl(261,45%,58.78713127579661%)"><small>☆</small><span class="username" data-name="Wpleon">Wpleon</span>:</strong> <em>jajajaja odio los rain  team xd</em></div><div class="spacer battle-history"><br></div><div class="battle-history">Go! <strong>Zapdos</strong>!<br></div><div class="battle-history"><small>Pointed stones dug into Zapdos!</small><br></div><div class="spacer battle-history"><br></div><h2 class="battle-history">Turn 24</h2><div class="spacer battle-history"><br></div><div class="battle-history">The opposing Greninja used <strong>Dark Pulse</strong>!<br></div><div class="battle-history"><small>(Zapdos lost <abbr title="−41/321">12.8%</abbr> of its health!)</small><br></div><div class="spacer battle-history"><br></div><div class="battle-history">Zapdos fainted!<br></div><div class="spacer battle-history"><br></div><div class="battle-history"><strong>✿IrumaTenko✿</strong> won the battle!<br></div><div class="chat">✿IrumaTenko✿ ha ganado 6.75 PokeDolares.</div><div class="chat">Puntaje de Wpleon: 1136 → <strong>1125</strong><br>(-11 por perder)</div><div class="chat">Puntaje de ✿IrumaTenko✿: 1292 → <strong>1307</strong><br>(+15 por ganar)</div></div><div class="inner-preempt"></div></div></div>
</div>
<script>
let daily = Math.floor(Date.now()/1000/60/60/24);document.write('<script src="https://play.pokemonshowdown.com/js/replay-embed.js?version'+daily+'"></'+'script>');
</script>
