<!DOCTYPE html>
<meta charset="utf-8" />
<!-- version 1 -->
<title>OU replay: Marcos Pardo vs. xxxjossxxx</title>
<style>
html,body {font-family:Verdana, sans-serif;font-size:10pt;margin:0;padding:0;}body{padding:12px 0;} .battle-log {font-family:Verdana, sans-serif;font-size:10pt;} .battle-log-inline {border:1px solid #AAAAAA;background:#EEF2F5;color:black;max-width:640px;margin:0 auto 80px;padding-bottom:5px;} .battle-log .inner {padding:4px 8px 0px 8px;} .battle-log .inner-preempt {padding:0 8px 4px 8px;} .battle-log .inner-after {margin-top:0.5em;} .battle-log h2 {margin:0.5em -8px;padding:4px 8px;border:1px solid #AAAAAA;background:#E0E7EA;border-left:0;border-right:0;font-family:Verdana, sans-serif;font-size:13pt;} .battle-log .chat {vertical-align:middle;padding:3px 0 3px 0;font-size:8pt;} .battle-log .chat strong {color:#40576A;} .battle-log .chat em {padding:1px 4px 1px 3px;color:#000000;font-style:normal;} .chat.mine {background:rgba(0,0,0,0.05);margin-left:-8px;margin-right:-8px;padding-left:8px;padding-right:8px;} .spoiler {color:#BBBBBB;background:#BBBBBB;padding:0px 3px;} .spoiler:hover, .spoiler:active, .spoiler-shown {color:#000000;background:#E2E2E2;padding:0px 3px;} .spoiler a {color:#BBBBBB;} .spoiler:hover a, .spoiler:active a, .spoiler-shown a {color:#2288CC;} .chat code, .chat .spoiler:hover code, .chat .spoiler:active code, .chat .spoiler-shown code {border:1px solid #C0C0C0;background:#EEEEEE;color:black;padding:0 2px;} .chat .spoiler code {border:1px solid #CCCCCC;background:#CCCCCC;color:#CCCCCC;} .battle-log .rated {padding:3px 4px;} .battle-log .rated strong {color:white;background:#89A;padding:1px 4px;border-radius:4px;} .spacer {margin-top:0.5em;} .message-announce {background:#6688AA;color:white;padding:1px 4px 2px;} .message-announce a, .broadcast-green a, .broadcast-blue a, .broadcast-red a {color:#DDEEFF;} .broadcast-green {background-color:#559955;color:white;padding:2px 4px;} .broadcast-blue {background-color:#6688AA;color:white;padding:2px 4px;} .infobox {border:1px solid #6688AA;padding:2px 4px;} .infobox-limited {max-height:200px;overflow:auto;overflow-x:hidden;} .broadcast-red {background-color:#AA5544;color:white;padding:2px 4px;} .message-learn-canlearn {font-weight:bold;color:#228822;text-decoration:underline;} .message-learn-cannotlearn {font-weight:bold;color:#CC2222;text-decoration:underline;} .message-effect-weak {font-weight:bold;color:#CC2222;} .message-effect-resist {font-weight:bold;color:#6688AA;} .message-effect-immune {font-weight:bold;color:#666666;} .message-learn-list {margin-top:0;margin-bottom:0;} .message-throttle-notice, .message-error {color:#992222;} .message-overflow, .chat small.message-overflow {font-size:0pt;} .message-overflow::before {font-size:9pt;content:'...';} .subtle {color:#3A4A66;}
</style>
<div class="wrapper replay-wrapper" style="max-width:1180px;margin:0 auto">
<input type="hidden" name="replayid" value="destiny-ou-529938" />
<div class="battle"></div><div class="battle-log"></div><div class="replay-controls"></div><div class="replay-controls-2"></div>
<h1 style="font-weight:normal;text-align:center"><strong>OU</strong><br /><a href="http://pokemonshowdown.com/users/marcospardo" class="subtle" target="_blank">Marcos Pardo</a> vs. <a href="http://pokemonshowdown.com/users/xxxjossxxx" class="subtle" target="_blank">xxxjossxxx</a></h1>
<script type="text/plain" class="battle-log-data">|player|p1|Marcos Pardo|2
|teamsize|p1|6
|player|p2|xxxjossxxx|92
|teamsize|p2|6
|teamsize|p1|6
|teamsize|p2|6
|gametype|singles
|gen|7
|tier|OU
|seed|44357,9296,55215,2636
|rule|Cláusula-Mod de Dormir: solo puedes dormir a uno de tus oponentes a la vez.
|rule|Cláusula de Especie: Hasta un Pokémon de cada especie
|rule|Cláusula de Golpe Fulminante: los movimientos fulminantes (OHKO) estan prohibidos
|rule|Cláusula de Veleta: la habilidad Veleta está prohibida
|rule|Cláusula de Movimientos Evasivos: los movimientos de Evasión están prohibidos.
|rule|Cláusula de Batallas Eternas: forzar batallas eternas está prohibido
|clearpoke
|poke|p1|Machamp, M|item
|poke|p1|Breloom, F, shiny|item
|poke|p1|Medicham, F, shiny|item
|poke|p1|Keldeo|item
|poke|p1|Conkeldurr, M, shiny|item
|poke|p1|Throh, M|item
|poke|p2|Thundurus-Therian, M|item
|poke|p2|Dragonite, F|item
|poke|p2|Gyarados, M|item
|poke|p2|Landorus-Therian, M|item
|poke|p2|Porygon-Z|item
|poke|p2|Scizor, F|item
|teampreview|undefined
|c| Araquanid15|jaja
|c| Araquanid15|el discurso
|choice|*|*team 623451
|c| DraconSer|ola
|c| Araquanid15|jaaj
|c| Araquanid15|que tierno
|c| Araquanid15|pobre dracon
|choice|*team 623451|*
|choice|team 6, 2, 3, 4, 5, 1|team 6, 2, 3, 4, 5, 1
|
|start
|switch|p1a: Throh|Throh, M|381\/381
|switch|p2a: Scizor|Scizor, F|344\/344
|-ability|p1a: Throh|Mold Breaker
|turn|1
|choice|*|*move 2
|choice|*move 2|*
|choice|move superpower|move swordsdance
|
|move|p1a: Throh|Superpower|p2a: Scizor
|-damage|p2a: Scizor|238\/344
|-unboost|p1a: Throh|atk|1
|-unboost|p1a: Throh|def|1
|move|p2a: Scizor|Swords Dance|p2a: Scizor
|-boost|p2a: Scizor|atk|2
|
|upkeep
|turn|2
|choice|*|*move 4
|choice|*switch 2|*
|choice|switch 2|move superpower
|
|switch|p1a: Breloom|Breloom, F, shiny|261\/261
|move|p2a: Scizor|Superpower|p1a: Breloom
|-enditem|p1a: Breloom|Focus Sash
|-damage|p1a: Breloom|1\/261
|-unboost|p2a: Scizor|atk|1
|-unboost|p2a: Scizor|def|1
|
|upkeep
|turn|3
|choice|*|*move 3
|choice|*move 3|*
|choice|move spore|move bulletpunch
|
|move|p2a: Scizor|Bullet Punch|p1a: Breloom
|-damage|p1a: Breloom|0 fnt
|faint|p1a: Breloom
|
|upkeep
|choice|*switch 3|*
|choice|switch 3|
|
|switch|p1a: Medicham|Medicham, F, shiny|261\/261
|turn|4
|c| Araquanid15|ya perdiste :P
|choice|*move 4 mega|*
|choice|*|*move 3
|choice|move firepunch mega|move bulletpunch
|
|-mega|p1a: Medicham|Medicham|Medichamite
|detailschange|p1a: Medicham|Medicham-Mega, F, shiny
|move|p2a: Scizor|Bullet Punch|p1a: Medicham
|-damage|p1a: Medicham|110\/261
|move|p1a: Medicham|Fire Punch|p2a: Scizor
|-supereffective|p2a: Scizor
|-damage|p2a: Scizor|0 fnt
|faint|p2a: Scizor
|
|upkeep
|choice|*|*switch 4
|choice||switch 4
|
|switch|p2a: Landorus|Landorus-Therian, M|333\/333
|-ability|p2a: Landorus|Intimidate|boost
|-unboost|p1a: Medicham|atk|1
|turn|5
|choice|*|*move 3
|choice|*move 3|*
|choice|move icepunch|move earthquake
|
|move|p1a: Medicham|Ice Punch|p2a: Landorus
|-supereffective|p2a: Landorus
|-damage|p2a: Landorus|17\/333
|move|p2a: Landorus|Earthquake|p1a: Medicham
|-damage|p1a: Medicham|0 fnt
|faint|p1a: Medicham
|
|-heal|p2a: Landorus|37\/333|[from] item: Leftovers
|upkeep
|choice|*switch 2|*
|choice|switch 2|
|
|switch|p1a: Throh|Throh, M|381\/381
|-ability|p1a: Throh|Mold Breaker
|turn|6
|choice|*move 4|*
|choice|*|*move 3
|choice|move poisonjab|move earthquake
|
|move|p2a: Landorus|Earthquake|p1a: Throh
|-damage|p1a: Throh|134\/381
|move|p1a: Throh|Poison Jab|p2a: Landorus
|-resisted|p2a: Landorus
|-damage|p2a: Landorus|4\/333
|
|-heal|p2a: Landorus|24\/333|[from] item: Leftovers
|-heal|p1a: Throh|157\/381|[from] item: Leftovers
|upkeep
|turn|7
|choice|*|*move 3
|c| Gian1999|ya volvi
|choice|*move 4|*
|choice|move poisonjab|move earthquake
|
|move|p2a: Landorus|Earthquake|p1a: Throh
|-damage|p1a: Throh|0 fnt
|faint|p1a: Throh
|
|-heal|p2a: Landorus|44\/333|[from] item: Leftovers
|upkeep
|choice|*switch 5|*
|choice|switch 5|
|
|switch|p1a: Conkeldurr|Conkeldurr, M, shiny|351\/351
|turn|8
|choice|*|*move 3
|choice|*move 2|*
|choice|move knockoff|move earthquake
|
|move|p2a: Landorus|Earthquake|p1a: Conkeldurr
|-damage|p1a: Conkeldurr|152\/351
|move|p1a: Conkeldurr|Knock Off|p2a: Landorus
|-damage|p2a: Landorus|0 fnt
|-enditem|p2a: Landorus|Leftovers|[from] move: Knock Off|[of] p1a: Conkeldurr
|faint|p2a: Landorus
|
|-status|p1a: Conkeldurr|brn|[from] item: Flame Orb
|upkeep
|choice|*|*switch 2
|choice||switch 2
|
|switch|p2a: Dragonite|Dragonite, F|323\/323
|turn|9
|choice|*|*move 1
|choice|*move 2|*
|choice|move knockoff|move dragondance
|
|move|p2a: Dragonite|Dragon Dance|p2a: Dragonite
|-boost|p2a: Dragonite|atk|1
|-boost|p2a: Dragonite|spe|1
|move|p1a: Conkeldurr|Knock Off|p2a: Dragonite
|-damage|p2a: Dragonite|237\/323
|-enditem|p2a: Dragonite|Lum Berry|[from] move: Knock Off|[of] p1a: Conkeldurr
|
|-damage|p1a: Conkeldurr|131\/351 brn|[from] brn
|upkeep
|turn|10
|choice|*|*move 2
|choice|*move 1|*
|choice|move facade|move dragonclaw
|
|move|p2a: Dragonite|Dragon Claw|p1a: Conkeldurr
|-damage|p1a: Conkeldurr|0 fnt
|faint|p1a: Conkeldurr
|
|upkeep
|choice|*switch 6|*
|choice|switch 6|
|
|switch|p1a: Machamp|Machamp, M|321\/321
|turn|11
|choice|*|*move 2
|choice|*move 3|*
|choice|move stoneedge|move dragonclaw
|
|move|p2a: Dragonite|Dragon Claw|p1a: Machamp
|-damage|p1a: Machamp|36\/321
|move|p1a: Machamp|Stone Edge|p2a: Dragonite
|-supereffective|p2a: Dragonite
|-damage|p2a: Dragonite|0 fnt
|faint|p2a: Dragonite
|
|upkeep
|choice|*|*switch 6
|choice||switch 6
|
|switch|p2a: Thundurus|Thundurus-Therian, M|300\/300
|turn|12
|choice|*|*move 2
|choice|*move 3|*
|choice|move stoneedge|move thunderbolt
|
|move|p2a: Thundurus|Thunderbolt|p1a: Machamp
|-damage|p1a: Machamp|0 fnt
|faint|p1a: Machamp
|
|upkeep
|choice|*switch 4|*
|choice|switch 4|
|
|switch|p1a: Keldeo|Keldeo|323\/323
|turn|13
|choice|*|*move 2
|choice|*move 2|*
|choice|move substitute|move thunderbolt
|
|move|p2a: Thundurus|Thunderbolt|p1a: Keldeo
|-supereffective|p1a: Keldeo
|-damage|p1a: Keldeo|0 fnt
|faint|p1a: Keldeo
|
|win|xxxjossxxx
|c| Araquanid15|3\/4
|c| Araquanid15|falta uno
</script>
</div>
<div class="battle-log battle-log-inline"><div class="inner"><div class="battle-options"></div><div class="inner"><div class=""><small>Format:</small> <br><strong>OU</strong></div><div class=""><small><em>Cláusula-Mod de Dormir:</em> solo puedes dormir a uno de tus oponentes a la vez.</small></div><div class=""><small><em>Cláusula de Especie:</em> Hasta un Pokémon de cada especie</small></div><div class=""><small><em>Cláusula de Golpe Fulminante:</em> los movimientos fulminantes (OHKO) estan prohibidos</small></div><div class=""><small><em>Cláusula de Veleta:</em> la habilidad Veleta está prohibida</small></div><div class=""><small><em>Cláusula de Movimientos Evasivos:</em> los movimientos de Evasión están prohibidos.</small></div><div class=""><small><em>Cláusula de Batallas Eternas:</em> forzar batallas eternas está prohibido</small></div><div class="chat battle-history"><strong>Marcos Pardo's team:</strong> <em style="color:#445566;display:block;">Machamp / Breloom / Medicham / Keldeo / Conkeldurr / Throh</em></div><div class="chat battle-history"><strong>xxxjossxxx's team:</strong> <em style="color:#445566;display:block;">Thundurus-Therian / Dragonite / Gyarados / Landorus-Therian / Porygon-Z / Scizor</em></div><div class="chat chatmessage-araquanid15"><strong style="color:hsl(357,78%,42%)"><small> </small><span class="username" data-name="Araquanid15">Araquanid15</span>:</strong> <em>jaja</em></div><div class="chat chatmessage-araquanid15"><strong style="color:hsl(357,78%,42%)"><small> </small><span class="username" data-name="Araquanid15">Araquanid15</span>:</strong> <em>el discurso</em></div><div class="chat chatmessage-draconser"><strong style="color:hsl(100,46%,42%)"><small> </small><span class="username" data-name="DraconSer">DraconSer</span>:</strong> <em>ola</em></div><div class="chat chatmessage-araquanid15"><strong style="color:hsl(357,78%,42%)"><small> </small><span class="username" data-name="Araquanid15">Araquanid15</span>:</strong> <em>jaaj</em></div><div class="chat chatmessage-araquanid15"><strong style="color:hsl(357,78%,42%)"><small> </small><span class="username" data-name="Araquanid15">Araquanid15</span>:</strong> <em>que tierno</em></div><div class="chat chatmessage-araquanid15"><strong style="color:hsl(357,78%,42%)"><small> </small><span class="username" data-name="Araquanid15">Araquanid15</span>:</strong> <em>pobre dracon</em></div><div class="spacer battle-history"><br></div><div class="battle-history">Battle started between Marcos Pardo and xxxjossxxx!<br></div><div class="spacer battle-history"><br></div><div class="battle-history">Go! <strong>Throh</strong>!<br></div><div class="spacer battle-history"><br></div><div class="battle-history">xxxjossxxx sent out <strong>Scizor</strong>!<br></div><div class="battle-history"><small>[Throh's Mold Breaker]</small><br><small>Throh breaks the mold!</small><br></div><div class="spacer battle-history"><br></div><h2 class="battle-history">Turn 1</h2><div class="spacer battle-history"><br></div><div class="battle-history">Throh used <strong>Superpower</strong>!<br></div><div class="battle-history"><small>(The opposing Scizor lost <abbr title="−106/344">30.8%</abbr> of its health!)</small><br></div><div class="battle-history"><small>Throh's Attack fell!</small><br></div><div class="battle-history"><small>Throh's Defense fell!</small><br></div><div class="spacer battle-history"><br></div><div class="battle-history">The opposing Scizor used <strong>Swords Dance</strong>!<br></div><div class="battle-history"><small>The opposing Scizor's Attack rose sharply!</small><br></div><div class="spacer battle-history"><br></div><h2 class="battle-history">Turn 2</h2><div class="spacer battle-history"><br></div><div class="battle-history">Throh, come back!<br></div><div class="battle-history">Go! <strong>Breloom</strong>!<br></div><div class="spacer battle-history"><br></div><div class="battle-history">The opposing Scizor used <strong>Superpower</strong>!<br></div><div class="battle-history"><small>Breloom hung on using its Focus Sash!</small><br></div><div class="battle-history"><small>(Breloom lost <abbr title="−260/261">99.6%</abbr> of its health!)</small><br></div><div class="battle-history"><small>The opposing Scizor's Attack fell!</small><br></div><div class="battle-history"><small>The opposing Scizor's Defense fell!</small><br></div><div class="spacer battle-history"><br></div><h2 class="battle-history">Turn 3</h2><div class="spacer battle-history"><br></div><div class="battle-history">The opposing Scizor used <strong>Bullet Punch</strong>!<br></div><div class="battle-history"><small>(Breloom lost <abbr title="−1/261">0.4%</abbr> of its health!)</small><br></div><div class="spacer battle-history"><br></div><div class="battle-history">Breloom fainted!<br></div><div class="spacer battle-history"><br></div><div class="battle-history">Go! <strong>Medicham</strong>!<br></div><div class="spacer battle-history"><br></div><h2 class="battle-history">Turn 4</h2><div class="chat chatmessage-araquanid15"><strong style="color:hsl(357,78%,42%)"><small> </small><span class="username" data-name="Araquanid15">Araquanid15</span>:</strong> <em>ya perdiste :P</em></div><div class="spacer battle-history"><br></div><div class="battle-history"><small>Medicham's Medichamite is reacting to the Key Stone!</small><br>Medicham has Mega Evolved into Mega Medicham!<br></div><div class="spacer battle-history"><br></div><div class="battle-history">The opposing Scizor used <strong>Bullet Punch</strong>!<br></div><div class="battle-history"><small>(Medicham lost <abbr title="−151/261">57.9%</abbr> of its health!)</small><br></div><div class="spacer battle-history"><br></div><div class="battle-history">Medicham used <strong>Fire Punch</strong>!<br></div><div class="battle-history"><small>It's super effective!</small><br></div><div class="battle-history"><small>(The opposing Scizor lost <abbr title="−238/344">69.2%</abbr> of its health!)</small><br></div><div class="spacer battle-history"><br></div><div class="battle-history">The opposing Scizor fainted!<br></div><div class="spacer battle-history"><br></div><div class="battle-history">xxxjossxxx sent out Landorus (<strong>Landorus-Therian</strong>)!<br></div><div class="battle-history"><small>[The opposing Landorus's Intimidate]</small><br></div><div class="battle-history"><small>Medicham's Attack fell!</small><br></div><div class="spacer battle-history"><br></div><h2 class="battle-history">Turn 5</h2><div class="spacer battle-history"><br></div><div class="battle-history">Medicham used <strong>Ice Punch</strong>!<br></div><div class="battle-history"><small>It's super effective!</small><br></div><div class="battle-history"><small>(The opposing Landorus lost <abbr title="−316/333">94.9%</abbr> of its health!)</small><br></div><div class="spacer battle-history"><br></div><div class="battle-history">The opposing Landorus used <strong>Earthquake</strong>!<br></div><div class="battle-history"><small>(Medicham lost <abbr title="−110/261">42.1%</abbr> of its health!)</small><br></div><div class="spacer battle-history"><br></div><div class="battle-history">Medicham fainted!<br></div><div class="spacer battle-history"><br></div><div class="battle-history"><small>The opposing Landorus restored a little HP using its Leftovers!</small><br></div><div class="spacer battle-history"><br></div><div class="battle-history">Go! <strong>Throh</strong>!<br></div><div class="battle-history"><small>[Throh's Mold Breaker]</small><br><small>Throh breaks the mold!</small><br></div><div class="spacer battle-history"><br></div><h2 class="battle-history">Turn 6</h2><div class="spacer battle-history"><br></div><div class="battle-history">The opposing Landorus used <strong>Earthquake</strong>!<br></div><div class="battle-history"><small>(Throh lost <abbr title="−247/381">64.8%</abbr> of its health!)</small><br></div><div class="spacer battle-history"><br></div><div class="battle-history">Throh used <strong>Poison Jab</strong>!<br></div><div class="battle-history"><small>It's not very effective...</small><br></div><div class="battle-history"><small>(The opposing Landorus lost <abbr title="−33/333">9.9%</abbr> of its health!)</small><br></div><div class="spacer battle-history"><br></div><div class="battle-history"><small>The opposing Landorus restored a little HP using its Leftovers!</small><br></div><div class="battle-history"><small>Throh restored a little HP using its Leftovers!</small><br></div><div class="spacer battle-history"><br></div><h2 class="battle-history">Turn 7</h2><div class="chat chatmessage-gian1999"><strong style="color:hsl(157,43%,36.12134449272065%)"><small> </small><span class="username" data-name="Gian1999">Gian1999</span>:</strong> <em>ya volvi</em></div><div class="spacer battle-history"><br></div><div class="battle-history">The opposing Landorus used <strong>Earthquake</strong>!<br></div><div class="battle-history"><small>(Throh lost <abbr title="−157/381">41.2%</abbr> of its health!)</small><br></div><div class="spacer battle-history"><br></div><div class="battle-history">Throh fainted!<br></div><div class="spacer battle-history"><br></div><div class="battle-history"><small>The opposing Landorus restored a little HP using its Leftovers!</small><br></div><div class="spacer battle-history"><br></div><div class="battle-history">Go! <strong>Conkeldurr</strong>!<br></div><div class="spacer battle-history"><br></div><h2 class="battle-history">Turn 8</h2><div class="spacer battle-history"><br></div><div class="battle-history">The opposing Landorus used <strong>Earthquake</strong>!<br></div><div class="battle-history"><small>(Conkeldurr lost <abbr title="−199/351">56.7%</abbr> of its health!)</small><br></div><div class="spacer battle-history"><br></div><div class="battle-history">Conkeldurr used <strong>Knock Off</strong>!<br></div><div class="battle-history"><small>(The opposing Landorus lost <abbr title="−44/333">13.2%</abbr> of its health!)</small><br></div><div class="battle-history"><small>Conkeldurr knocked off the opposing Landorus's Leftovers!</small><br></div><div class="spacer battle-history"><br></div><div class="battle-history">The opposing Landorus fainted!<br></div><div class="spacer battle-history"><br></div><div class="battle-history"><small>Conkeldurr was burned!</small><br></div><div class="spacer battle-history"><br></div><div class="battle-history">xxxjossxxx sent out <strong>Dragonite</strong>!<br></div><div class="spacer battle-history"><br></div><h2 class="battle-history">Turn 9</h2><div class="spacer battle-history"><br></div><div class="battle-history">The opposing Dragonite used <strong>Dragon Dance</strong>!<br></div><div class="battle-history"><small>The opposing Dragonite's Attack rose!</small><br></div><div class="battle-history"><small>The opposing Dragonite's Speed rose!</small><br></div><div class="spacer battle-history"><br></div><div class="battle-history">Conkeldurr used <strong>Knock Off</strong>!<br></div><div class="battle-history"><small>(The opposing Dragonite lost <abbr title="−86/323">26.6%</abbr> of its health!)</small><br></div><div class="battle-history"><small>Conkeldurr knocked off the opposing Dragonite's Lum Berry!</small><br></div><div class="spacer battle-history"><br></div><div class="battle-history"><small>Conkeldurr was hurt by its burn!</small><br></div><div class="spacer battle-history"><br></div><h2 class="battle-history">Turn 10</h2><div class="spacer battle-history"><br></div><div class="battle-history">The opposing Dragonite used <strong>Dragon Claw</strong>!<br></div><div class="battle-history"><small>(Conkeldurr lost <abbr title="−131/351">37.3%</abbr> of its health!)</small><br></div><div class="spacer battle-history"><br></div><div class="battle-history">Conkeldurr fainted!<br></div><div class="spacer battle-history"><br></div><div class="battle-history">Go! <strong>Machamp</strong>!<br></div><div class="spacer battle-history"><br></div><h2 class="battle-history">Turn 11</h2><div class="spacer battle-history"><br></div><div class="battle-history">The opposing Dragonite used <strong>Dragon Claw</strong>!<br></div><div class="battle-history"><small>(Machamp lost <abbr title="−285/321">88.8%</abbr> of its health!)</small><br></div><div class="spacer battle-history"><br></div><div class="battle-history">Machamp used <strong>Stone Edge</strong>!<br></div><div class="battle-history"><small>It's super effective!</small><br></div><div class="battle-history"><small>(The opposing Dragonite lost <abbr title="−237/323">73.4%</abbr> of its health!)</small><br></div><div class="spacer battle-history"><br></div><div class="battle-history">The opposing Dragonite fainted!<br></div><div class="spacer battle-history"><br></div><div class="battle-history">xxxjossxxx sent out Thundurus (<strong>Thundurus-Therian</strong>)!<br></div><div class="spacer battle-history"><br></div><h2 class="battle-history">Turn 12</h2><div class="spacer battle-history"><br></div><div class="battle-history">The opposing Thundurus used <strong>Thunderbolt</strong>!<br></div><div class="battle-history"><small>(Machamp lost <abbr title="−36/321">11.2%</abbr> of its health!)</small><br></div><div class="spacer battle-history"><br></div><div class="battle-history">Machamp fainted!<br></div><div class="spacer battle-history"><br></div><div class="battle-history">Go! <strong>Keldeo</strong>!<br></div><div class="spacer battle-history"><br></div><h2 class="battle-history">Turn 13</h2><div class="spacer battle-history"><br></div><div class="battle-history">The opposing Thundurus used <strong>Thunderbolt</strong>!<br></div><div class="battle-history"><small>It's super effective!</small><br></div><div class="battle-history"><small>(Keldeo lost <abbr title="−323/323">100%</abbr> of its health!)</small><br></div><div class="spacer battle-history"><br></div><div class="battle-history">Keldeo fainted!<br></div><div class="spacer battle-history"><br></div><div class="battle-history"><strong>xxxjossxxx</strong> won the battle!<br></div><div class="chat chatmessage-araquanid15"><strong style="color:hsl(357,78%,42%)"><small> </small><span class="username" data-name="Araquanid15">Araquanid15</span>:</strong> <em>3/4</em></div><div class="chat chatmessage-araquanid15"><strong style="color:hsl(357,78%,42%)"><small> </small><span class="username" data-name="Araquanid15">Araquanid15</span>:</strong> <em>falta uno</em></div></div><div class="inner-preempt"></div></div></div>
</div>
<script>
let daily = Math.floor(Date.now()/1000/60/60/24);document.write('<script src="https://play.pokemonshowdown.com/js/replay-embed.js?version'+daily+'"></'+'script>');
</script>
