<!DOCTYPE html>
<meta charset="utf-8" />
<!-- version 1 -->
<title>OU replay: Flamita vs. Cardenas19</title>
<style>
html,body {font-family:Verdana, sans-serif;font-size:10pt;margin:0;padding:0;}body{padding:12px 0;} .battle-log {font-family:Verdana, sans-serif;font-size:10pt;} .battle-log-inline {border:1px solid #AAAAAA;background:#EEF2F5;color:black;max-width:640px;margin:0 auto 80px;padding-bottom:5px;} .battle-log .inner {padding:4px 8px 0px 8px;} .battle-log .inner-preempt {padding:0 8px 4px 8px;} .battle-log .inner-after {margin-top:0.5em;} .battle-log h2 {margin:0.5em -8px;padding:4px 8px;border:1px solid #AAAAAA;background:#E0E7EA;border-left:0;border-right:0;font-family:Verdana, sans-serif;font-size:13pt;} .battle-log .chat {vertical-align:middle;padding:3px 0 3px 0;font-size:8pt;} .battle-log .chat strong {color:#40576A;} .battle-log .chat em {padding:1px 4px 1px 3px;color:#000000;font-style:normal;} .chat.mine {background:rgba(0,0,0,0.05);margin-left:-8px;margin-right:-8px;padding-left:8px;padding-right:8px;} .spoiler {color:#BBBBBB;background:#BBBBBB;padding:0px 3px;} .spoiler:hover, .spoiler:active, .spoiler-shown {color:#000000;background:#E2E2E2;padding:0px 3px;} .spoiler a {color:#BBBBBB;} .spoiler:hover a, .spoiler:active a, .spoiler-shown a {color:#2288CC;} .chat code, .chat .spoiler:hover code, .chat .spoiler:active code, .chat .spoiler-shown code {border:1px solid #C0C0C0;background:#EEEEEE;color:black;padding:0 2px;} .chat .spoiler code {border:1px solid #CCCCCC;background:#CCCCCC;color:#CCCCCC;} .battle-log .rated {padding:3px 4px;} .battle-log .rated strong {color:white;background:#89A;padding:1px 4px;border-radius:4px;} .spacer {margin-top:0.5em;} .message-announce {background:#6688AA;color:white;padding:1px 4px 2px;} .message-announce a, .broadcast-green a, .broadcast-blue a, .broadcast-red a {color:#DDEEFF;} .broadcast-green {background-color:#559955;color:white;padding:2px 4px;} .broadcast-blue {background-color:#6688AA;color:white;padding:2px 4px;} .infobox {border:1px solid #6688AA;padding:2px 4px;} .infobox-limited {max-height:200px;overflow:auto;overflow-x:hidden;} .broadcast-red {background-color:#AA5544;color:white;padding:2px 4px;} .message-learn-canlearn {font-weight:bold;color:#228822;text-decoration:underline;} .message-learn-cannotlearn {font-weight:bold;color:#CC2222;text-decoration:underline;} .message-effect-weak {font-weight:bold;color:#CC2222;} .message-effect-resist {font-weight:bold;color:#6688AA;} .message-effect-immune {font-weight:bold;color:#666666;} .message-learn-list {margin-top:0;margin-bottom:0;} .message-throttle-notice, .message-error {color:#992222;} .message-overflow, .chat small.message-overflow {font-size:0pt;} .message-overflow::before {font-size:9pt;content:'...';} .subtle {color:#3A4A66;}
</style>
<div class="wrapper replay-wrapper" style="max-width:1180px;margin:0 auto">
<input type="hidden" name="replayid" value="destiny-ou-517971" />
<div class="battle"></div><div class="battle-log"></div><div class="replay-controls"></div><div class="replay-controls-2"></div>
<h1 style="font-weight:normal;text-align:center"><strong>OU</strong><br /><a href="http://pokemonshowdown.com/users/flamita" class="subtle" target="_blank">Flamita</a> vs. <a href="http://pokemonshowdown.com/users/cardenas19" class="subtle" target="_blank">Cardenas19</a></h1>
<script type="text/plain" class="battle-log-data">|player|p1|Flamita|flamita-27.gif?de7c37da
|teamsize|p1|6
|player|p2|Cardenas19|cardenas19-12.gif?d3cd5044
|teamsize|p2|6
|teamsize|p1|6
|teamsize|p2|6
|gametype|singles
|gen|7
|tier|OU
|seed|49804,15875,20352,7806
|rule|Cláusula-Mod de Dormir: solo puedes dormir a uno de tus oponentes a la vez.
|rule|Cláusula de Especie: Hasta un Pokémon de cada especie
|rule|Cláusula de Golpe Fulminante: los movimientos fulminantes (OHKO) estan prohibidos
|rule|Cláusula de Veleta: la habilidad Veleta está prohibida
|rule|Cláusula de Movimientos Evasivos: los movimientos de Evasión están prohibidos.
|rule|Cláusula de Batallas Eternas: forzar batallas eternas está prohibido
|clearpoke
|poke|p1|Heatran, F|item
|poke|p1|Breloom, F|item
|poke|p1|Tapu Bulu|item
|poke|p1|Seismitoad, F|item
|poke|p1|Aerodactyl, M|item
|poke|p1|Reuniclus, M, shiny|item
|poke|p2|Bewear, M|item
|poke|p2|Gastrodon, M|item
|poke|p2|Greninja, M|item
|poke|p2|Clefable, M|item
|poke|p2|Scizor, M|item
|poke|p2|Komala, M|item
|teampreview|undefined
|choice|*|*team 623451
|choice|*team 123456|*
|choice|team 1, 2, 3, 4, 5, 6|team 6, 2, 3, 4, 5, 1
|
|start
|switch|p1a: Heatran|Heatran, F|323\/323
|switch|p2a: Komala|Komala, M|271\/271
|-ability|p2a: Komala|Comatose
|turn|1
|choice|*|*move 2
|choice|*move 2|*
|choice|move magmastorm|move sleeptalk
|
|move|p2a: Komala|Sleep Talk|p2a: Komala
|move|p2a: Komala|Last Resort|p1a: Heatran|[from]Sleep Talk
|-resisted|p1a: Heatran
|-damage|p1a: Heatran|210\/323
|move|p1a: Heatran|Magma Storm|p2a: Komala
|-crit|p2a: Komala
|-damage|p2a: Komala|0 fnt
|faint|p2a: Komala
|
|upkeep
|choice|*|*switch 3
|choice||switch 3
|
|switch|p2a: Greninja|Greninja, M|285\/285
|turn|2
|choice|*switch 2|*
|choice|*|*move 4
|choice|switch 2|move spikes
|
|switch|p1a: Breloom|Breloom, F|261\/261
|move|p2a: Greninja|Spikes|p1a: Breloom
|-sidestart|p1: Flamita|Spikes
|
|upkeep
|turn|3
|choice|*|*move 4
|choice|*move 4|*
|choice|*|*switch 6
|choice|move spore|switch 6
|
|switch|p2a: Bewear|Bewear, M|443\/443
|move|p1a: Breloom|Spore|p2a: Bewear
|-status|p2a: Bewear|slp
|
|upkeep
|turn|4
|choice|*|*switch 4
|choice|*switch 5|*
|choice|switch 5|switch 4
|
|switch|p1a: Aerodactyl|Aerodactyl, M|301\/301
|switch|p2a: Clefable|Clefable, M|394\/394
|
|upkeep
|turn|5
|choice|*|*move 3
|choice|*move 4 mega|*
|choice|move stoneedge mega|move stealthrock
|
|-mega|p1a: Aerodactyl|Aerodactyl|Aerodactylite
|detailschange|p1a: Aerodactyl|Aerodactyl-Mega, M
|move|p1a: Aerodactyl|Stone Edge|p2a: Clefable
|-crit|p2a: Clefable
|-damage|p2a: Clefable|151\/394
|move|p2a: Clefable|Stealth Rock|p1a: Aerodactyl
|-sidestart|p1: Flamita|move: Stealth Rock
|
|-heal|p2a: Clefable|175\/394|[from] item: Leftovers
|upkeep
|turn|6
|choice|*move 4|*
|choice|*|*move 2
|choice|move stoneedge|move softboiled
|
|move|p1a: Aerodactyl|Stone Edge|p2a: Clefable
|-damage|p2a: Clefable|6\/394
|move|p2a: Clefable|Soft-Boiled|p2a: Clefable
|-heal|p2a: Clefable|203\/394
|
|-heal|p2a: Clefable|227\/394|[from] item: Leftovers
|upkeep
|turn|7
|choice|*switch 2|*
|choice|*|*move 2
|choice|*switch 2|*
|choice|switch 2|move softboiled
|
|switch|p1a: Heatran|Heatran, F|210\/323
|-damage|p1a: Heatran|170\/323|[from] Stealth Rock
|-damage|p1a: Heatran|130\/323|[from] Spikes
|move|p2a: Clefable|Soft-Boiled|p2a: Clefable
|-heal|p2a: Clefable|394\/394
|
|upkeep
|turn|8
|choice|*move 4|*
|choice|*|*switch 2
|choice|move willowisp|switch 2
|
|switch|p2a: Gastrodon|Gastrodon, M|425\/425
|move|p1a: Heatran|Will-O-Wisp|p2a: Gastrodon|[miss]
|-miss|p1a: Heatran|p2a: Gastrodon
|
|upkeep
|turn|9
|choice|*|*move 1
|choice|*switch 4|*
|choice|switch 4|move scald
|
|switch|p1a: Seismitoad|Seismitoad, F|411\/411
|-damage|p1a: Seismitoad|360\/411|[from] Spikes
|-damage|p1a: Seismitoad|335\/411|[from] Stealth Rock
|move|p2a: Gastrodon|Scald|p1a: Seismitoad
|-heal|p1a: Seismitoad|411\/411|[from] ability: Water Absorb|[of] p2a: Gastrodon
|
|upkeep
|turn|10
|choice|*|*move 3
|choice|*move 1|*
|choice|move stealthrock|move toxic
|
|move|p1a: Seismitoad|Stealth Rock|p2a: Gastrodon
|-sidestart|p2: Cardenas19|move: Stealth Rock
|move|p2a: Gastrodon|Toxic|p1a: Seismitoad
|-status|p1a: Seismitoad|tox
|
|-damage|p1a: Seismitoad|386\/411 tox|[from] psn
|upkeep
|turn|11
|choice|*move 2|*
|choice|*|*switch 4
|choice|move toxic|switch 4
|
|switch|p2a: Bewear|Bewear, M|443\/443 slp
|-damage|p2a: Bewear|416\/443 slp|[from] Stealth Rock
|move|p1a: Seismitoad|Toxic|p2a: Bewear
|-fail|p2a: Bewear
|
|-heal|p1a: Seismitoad|411\/411 tox|[from] item: Leftovers
|-damage|p1a: Seismitoad|361\/411 tox|[from] psn
|upkeep
|turn|12
|choice|*|*move 1
|choice|*switch 5|*
|choice|switch 5|move doubleedge
|
|switch|p1a: Breloom|Breloom, F|261\/261
|-damage|p1a: Breloom|229\/261|[from] Spikes
|-damage|p1a: Breloom|213\/261|[from] Stealth Rock
|cant|p2a: Bewear|slp
|
|upkeep
|turn|13
|choice|*|*move 1
|choice|*move 3|*
|choice|move superpower|move doubleedge
|
|move|p1a: Breloom|Superpower|p2a: Bewear
|-supereffective|p2a: Bewear
|-damage|p2a: Bewear|38\/443 slp
|-unboost|p1a: Breloom|atk|1
|-unboost|p1a: Breloom|def|1
|-curestatus|p2a: Bewear|slp|[msg]
|move|p2a: Bewear|Double-Edge|p1a: Breloom
|-damage|p1a: Breloom|0 fnt
|-damage|p2a: Bewear|0 fnt|[from] recoil
|faint|p1a: Breloom
|faint|p2a: Bewear
|
|upkeep
|choice|*switch 3|*
|choice|*switch 2|*
|choice|*|*switch 6
|choice|switch 2|switch 6
|
|switch|p1a: Aerodactyl|Aerodactyl-Mega, M|301\/301
|switch|p2a: Greninja|Greninja, M|285\/285
|-damage|p1a: Aerodactyl|226\/301|[from] Stealth Rock
|-damage|p2a: Greninja|250\/285|[from] Stealth Rock
|turn|14
|choice|*|*move 3
|choice|*move 4|*
|choice|move stoneedge|move watershuriken
|
|move|p2a: Greninja|Water Shuriken|p1a: Aerodactyl
|-supereffective|p1a: Aerodactyl
|-damage|p1a: Aerodactyl|160\/301
|-supereffective|p1a: Aerodactyl
|-damage|p1a: Aerodactyl|86\/301
|-supereffective|p1a: Aerodactyl
|-damage|p1a: Aerodactyl|8\/301
|-hitcount|p1a: Aerodactyl|3
|move|p1a: Aerodactyl|Stone Edge|p2a: Greninja
|-damage|p2a: Greninja|18\/285
|
|upkeep
|turn|15
|choice|*|*move 3
|choice|*switch 3|*
|choice|switch 3|move watershuriken
|
|switch|p1a: Tapu Bulu|Tapu Bulu|281\/281
|-damage|p1a: Tapu Bulu|246\/281|[from] Stealth Rock
|-damage|p1a: Tapu Bulu|211\/281|[from] Spikes
|-fieldstart|move: Grassy Terrain|[from] ability: Grassy Surge|[of] p1a: Tapu Bulu
|move|p2a: Greninja|Water Shuriken|p1a: Tapu Bulu
|-resisted|p1a: Tapu Bulu
|-damage|p1a: Tapu Bulu|193\/281
|-resisted|p1a: Tapu Bulu
|-damage|p1a: Tapu Bulu|175\/281
|-resisted|p1a: Tapu Bulu
|-damage|p1a: Tapu Bulu|158\/281
|-hitcount|p1a: Tapu Bulu|3
|
|-heal|p1a: Tapu Bulu|175\/281|[from] Grassy Terrain
|-heal|p2a: Greninja|35\/285|[from] Grassy Terrain
|upkeep
|turn|16
|choice|*|*switch 5
|choice|*move 2|*
|choice|move hornleech|switch 5
|
|switch|p2a: Scizor|Scizor, M|343\/343
|-damage|p2a: Scizor|301\/343|[from] Stealth Rock
|move|p1a: Tapu Bulu|Horn Leech|p2a: Scizor
|-resisted|p2a: Scizor
|-damage|p2a: Scizor|260\/343
|-heal|p1a: Tapu Bulu|196\/281|[from] drain|[of] p2a: Scizor
|
|-heal|p1a: Tapu Bulu|213\/281|[from] Grassy Terrain
|-heal|p2a: Scizor|281\/343|[from] Grassy Terrain
|upkeep
|turn|17
|choice|*switch 5|*
|choice|*|*move 3 mega
|choice|switch 5|move knockoff mega
|
|switch|p1a: Seismitoad|Seismitoad, F|361\/411 tox
|-damage|p1a: Seismitoad|310\/411 tox|[from] Spikes
|-damage|p1a: Seismitoad|285\/411 tox|[from] Stealth Rock
|-mega|p2a: Scizor|Scizor|Scizorite
|detailschange|p2a: Scizor|Scizor-Mega, M
|move|p2a: Scizor|Knock Off|p1a: Seismitoad
|-crit|p1a: Seismitoad
|-damage|p1a: Seismitoad|133\/411 tox
|-enditem|p1a: Seismitoad|Leftovers|[from] move: Knock Off|[of] p2a: Scizor
|
|-heal|p2a: Scizor|302\/343|[from] Grassy Terrain
|-heal|p1a: Seismitoad|158\/411 tox|[from] Grassy Terrain
|-damage|p1a: Seismitoad|133\/411 tox|[from] psn
|upkeep
|turn|18
|choice|*move 3|*
|choice|*move 4|*
|choice|*|*move 1
|choice|move earthpower|move swordsdance
|
|move|p2a: Scizor|Swords Dance|p2a: Scizor
|-boost|p2a: Scizor|atk|2
|move|p1a: Seismitoad|Earth Power|p2a: Scizor
|-damage|p2a: Scizor|217\/343
|
|-heal|p2a: Scizor|238\/343|[from] Grassy Terrain
|-heal|p1a: Seismitoad|158\/411 tox|[from] Grassy Terrain
|-damage|p1a: Seismitoad|108\/411 tox|[from] psn
|upkeep
|turn|19
|choice|*move 3|*
|choice|*|*move 3
|choice|move scald|move knockoff
|
|move|p2a: Scizor|Knock Off|p1a: Seismitoad
|-damage|p1a: Seismitoad|0 fnt
|faint|p1a: Seismitoad
|
|-heal|p2a: Scizor|259\/343|[from] Grassy Terrain
|-fieldend|move: Grassy Terrain
|upkeep
|choice|*switch 4|*
|choice|switch 4|
|
|switch|p1a: Heatran|Heatran, F|130\/323
|-damage|p1a: Heatran|90\/323|[from] Stealth Rock
|-damage|p1a: Heatran|50\/323|[from] Spikes
|turn|20
|choice|*|*move 2
|choice|*move 2 zmove|*
|choice|move magmastorm zmove|move bulletpunch
|
|move|p2a: Scizor|Bullet Punch|p1a: Heatran
|-resisted|p1a: Heatran
|-damage|p1a: Heatran|0 fnt
|faint|p1a: Heatran
|
|upkeep
|-message|Flamita se rindió.
|
|win|Cardenas19
</script>
</div>
<div class="battle-log battle-log-inline"><div class="inner"><div class="battle-options"></div><div class="inner"><div class=""><small>Format:</small> <br><strong>OU</strong></div><div class=""><small><em>Cláusula-Mod de Dormir:</em> solo puedes dormir a uno de tus oponentes a la vez.</small></div><div class=""><small><em>Cláusula de Especie:</em> Hasta un Pokémon de cada especie</small></div><div class=""><small><em>Cláusula de Golpe Fulminante:</em> los movimientos fulminantes (OHKO) estan prohibidos</small></div><div class=""><small><em>Cláusula de Veleta:</em> la habilidad Veleta está prohibida</small></div><div class=""><small><em>Cláusula de Movimientos Evasivos:</em> los movimientos de Evasión están prohibidos.</small></div><div class=""><small><em>Cláusula de Batallas Eternas:</em> forzar batallas eternas está prohibido</small></div><div class="chat battle-history"><strong>Flamita's team:</strong> <em style="color:#445566;display:block;">Heatran / Breloom / Tapu Bulu / Seismitoad / Aerodactyl / Reuniclus</em></div><div class="chat battle-history"><strong>Cardenas19's team:</strong> <em style="color:#445566;display:block;">Bewear / Gastrodon / Greninja / Clefable / Scizor / Komala</em></div><div class="spacer battle-history"><br></div><div class="battle-history">Battle started between Flamita and Cardenas19!<br></div><div class="spacer battle-history"><br></div><div class="battle-history">Go! <strong>Heatran</strong>!<br></div><div class="spacer battle-history"><br></div><div class="battle-history">Cardenas19 sent out <strong>Komala</strong>!<br></div><div class="battle-history"><small>[The opposing Komala's Comatose]</small><br><small>The opposing Komala is drowsing!</small><br></div><div class="spacer battle-history"><br></div><h2 class="battle-history">Turn 1</h2><div class="spacer battle-history"><br></div><div class="battle-history">The opposing Komala used <strong>Sleep Talk</strong>!<br></div><div class="spacer battle-history"><br></div><div class="battle-history">The opposing Komala used <strong>Last Resort</strong>!<br></div><div class="battle-history"><small>It's not very effective...</small><br></div><div class="battle-history"><small>(Heatran lost <abbr title="−113/323">35.0%</abbr> of its health!)</small><br></div><div class="spacer battle-history"><br></div><div class="battle-history">Heatran used <strong>Magma Storm</strong>!<br></div><div class="battle-history"><small>A critical hit!</small><br></div><div class="battle-history"><small>(The opposing Komala lost <abbr title="−271/271">100%</abbr> of its health!)</small><br></div><div class="spacer battle-history"><br></div><div class="battle-history">The opposing Komala fainted!<br></div><div class="spacer battle-history"><br></div><div class="battle-history">Cardenas19 sent out <strong>Greninja</strong>!<br></div><div class="spacer battle-history"><br></div><h2 class="battle-history">Turn 2</h2><div class="spacer battle-history"><br></div><div class="battle-history">Heatran, come back!<br></div><div class="battle-history">Go! <strong>Breloom</strong>!<br></div><div class="spacer battle-history"><br></div><div class="battle-history">The opposing Greninja used <strong>Spikes</strong>!<br></div><div class="battle-history"><small>Spikes were scattered on the ground all around your team!</small><br></div><div class="spacer battle-history"><br></div><h2 class="battle-history">Turn 3</h2><div class="spacer battle-history"><br></div><div class="battle-history">Cardenas19 withdrew Greninja!<br></div><div class="battle-history">Cardenas19 sent out <strong>Bewear</strong>!<br></div><div class="spacer battle-history"><br></div><div class="battle-history">Breloom used <strong>Spore</strong>!<br></div><div class="battle-history"><small>The opposing Bewear fell asleep!</small><br></div><div class="spacer battle-history"><br></div><h2 class="battle-history">Turn 4</h2><div class="spacer battle-history"><br></div><div class="battle-history">Breloom, come back!<br></div><div class="battle-history">Go! <strong>Aerodactyl</strong>!<br></div><div class="spacer battle-history"><br></div><div class="battle-history">Cardenas19 withdrew Bewear!<br></div><div class="battle-history">Cardenas19 sent out <strong>Clefable</strong>!<br></div><div class="spacer battle-history"><br></div><h2 class="battle-history">Turn 5</h2><div class="spacer battle-history"><br></div><div class="battle-history"><small>Aerodactyl's Aerodactylite is reacting to the Key Stone!</small><br>Aerodactyl has Mega Evolved into Mega Aerodactyl!<br></div><div class="spacer battle-history"><br></div><div class="battle-history">Aerodactyl used <strong>Stone Edge</strong>!<br></div><div class="battle-history"><small>A critical hit!</small><br></div><div class="battle-history"><small>(The opposing Clefable lost <abbr title="−243/394">61.7%</abbr> of its health!)</small><br></div><div class="spacer battle-history"><br></div><div class="battle-history">The opposing Clefable used <strong>Stealth Rock</strong>!<br></div><div class="battle-history"><small>Pointed stones float in the air around your team!</small><br></div><div class="spacer battle-history"><br></div><div class="battle-history"><small>The opposing Clefable restored a little HP using its Leftovers!</small><br></div><div class="spacer battle-history"><br></div><h2 class="battle-history">Turn 6</h2><div class="spacer battle-history"><br></div><div class="battle-history">Aerodactyl used <strong>Stone Edge</strong>!<br></div><div class="battle-history"><small>(The opposing Clefable lost <abbr title="−169/394">42.9%</abbr> of its health!)</small><br></div><div class="spacer battle-history"><br></div><div class="battle-history">The opposing Clefable used <strong>Soft-Boiled</strong>!<br></div><div class="battle-history"><small>The opposing Clefable restored its HP.</small><br></div><div class="spacer battle-history"><br></div><div class="battle-history"><small>The opposing Clefable restored a little HP using its Leftovers!</small><br></div><div class="spacer battle-history"><br></div><h2 class="battle-history">Turn 7</h2><div class="spacer battle-history"><br></div><div class="battle-history">Aerodactyl, come back!<br></div><div class="battle-history">Go! <strong>Heatran</strong>!<br></div><div class="battle-history"><small>Pointed stones dug into Heatran!</small><br></div><div class="battle-history"><small>Heatran is hurt by the spikes!</small><br></div><div class="spacer battle-history"><br></div><div class="battle-history">The opposing Clefable used <strong>Soft-Boiled</strong>!<br></div><div class="battle-history"><small>The opposing Clefable restored its HP.</small><br></div><div class="spacer battle-history"><br></div><h2 class="battle-history">Turn 8</h2><div class="spacer battle-history"><br></div><div class="battle-history">Cardenas19 withdrew Clefable!<br></div><div class="battle-history">Cardenas19 sent out <strong>Gastrodon</strong>!<br></div><div class="spacer battle-history"><br></div><div class="battle-history">Heatran used <strong>Will-O-Wisp</strong>!<br></div><div class="battle-history"><small>The opposing Gastrodon avoided the attack!</small><br></div><div class="spacer battle-history"><br></div><h2 class="battle-history">Turn 9</h2><div class="spacer battle-history"><br></div><div class="battle-history">Heatran, come back!<br></div><div class="battle-history">Go! <strong>Seismitoad</strong>!<br></div><div class="battle-history"><small>Seismitoad is hurt by the spikes!</small><br></div><div class="battle-history"><small>Pointed stones dug into Seismitoad!</small><br></div><div class="spacer battle-history"><br></div><div class="battle-history">The opposing Gastrodon used <strong>Scald</strong>!<br></div><div class="battle-history"><small>[Seismitoad's Water Absorb]</small><br><small>Seismitoad restored its HP.</small><br></div><div class="spacer battle-history"><br></div><h2 class="battle-history">Turn 10</h2><div class="spacer battle-history"><br></div><div class="battle-history">Seismitoad used <strong>Stealth Rock</strong>!<br></div><div class="battle-history"><small>Pointed stones float in the air around the opposing team!</small><br></div><div class="spacer battle-history"><br></div><div class="battle-history">The opposing Gastrodon used <strong>Toxic</strong>!<br></div><div class="battle-history"><small>Seismitoad was badly poisoned!</small><br></div><div class="spacer battle-history"><br></div><div class="battle-history"><small>Seismitoad was hurt by poison!</small><br></div><div class="spacer battle-history"><br></div><h2 class="battle-history">Turn 11</h2><div class="spacer battle-history"><br></div><div class="battle-history">Cardenas19 withdrew Gastrodon!<br></div><div class="battle-history">Cardenas19 sent out <strong>Bewear</strong>!<br></div><div class="battle-history"><small>Pointed stones dug into the opposing Bewear!</small><br></div><div class="spacer battle-history"><br></div><div class="battle-history">Seismitoad used <strong>Toxic</strong>!<br></div><div class="battle-history"><small>But it failed!</small><br></div><div class="spacer battle-history"><br></div><div class="battle-history"><small>Seismitoad restored a little HP using its Leftovers!</small><br></div><div class="battle-history"><small>Seismitoad was hurt by poison!</small><br></div><div class="spacer battle-history"><br></div><h2 class="battle-history">Turn 12</h2><div class="spacer battle-history"><br></div><div class="battle-history">Seismitoad, come back!<br></div><div class="battle-history">Go! <strong>Breloom</strong>!<br></div><div class="battle-history"><small>Breloom is hurt by the spikes!</small><br></div><div class="battle-history"><small>Pointed stones dug into Breloom!</small><br></div><div class="spacer battle-history"><br></div><div class="battle-history">The opposing Bewear is fast asleep.<br></div><div class="spacer battle-history"><br></div><h2 class="battle-history">Turn 13</h2><div class="spacer battle-history"><br></div><div class="battle-history">Breloom used <strong>Superpower</strong>!<br></div><div class="battle-history"><small>It's super effective!</small><br></div><div class="battle-history"><small>(The opposing Bewear lost <abbr title="−378/443">85.3%</abbr> of its health!)</small><br></div><div class="battle-history"><small>Breloom's Attack fell!</small><br></div><div class="battle-history"><small>Breloom's Defense fell!</small><br></div><div class="battle-history"><small>The opposing Bewear woke up!</small><br></div><div class="spacer battle-history"><br></div><div class="battle-history">The opposing Bewear used <strong>Double-Edge</strong>!<br></div><div class="battle-history"><small>(Breloom lost <abbr title="−213/261">81.6%</abbr> of its health!)</small><br></div><div class="battle-history"><small>The opposing Bewear is damaged by the recoil!</small><br></div><div class="spacer battle-history"><br></div><div class="battle-history">Breloom fainted!<br></div><div class="battle-history">The opposing Bewear fainted!<br></div><div class="spacer battle-history"><br></div><div class="battle-history">Go! Aerodactyl (<strong>Aerodactyl-Mega</strong>)!<br></div><div class="spacer battle-history"><br></div><div class="battle-history">Cardenas19 sent out <strong>Greninja</strong>!<br></div><div class="battle-history"><small>Pointed stones dug into Aerodactyl!</small><br></div><div class="battle-history"><small>Pointed stones dug into the opposing Greninja!</small><br></div><div class="spacer battle-history"><br></div><h2 class="battle-history">Turn 14</h2><div class="spacer battle-history"><br></div><div class="battle-history">The opposing Greninja used <strong>Water Shuriken</strong>!<br></div><div class="battle-history"><small>It's super effective!</small><br></div><div class="battle-history"><small>(Aerodactyl lost <abbr title="−66/301">21.9%</abbr> of its health!)</small><br></div><div class="battle-history"><small>It's super effective!</small><br></div><div class="battle-history"><small>(Aerodactyl lost <abbr title="−74/301">24.6%</abbr> of its health!)</small><br></div><div class="battle-history"><small>It's super effective!</small><br></div><div class="battle-history"><small>(Aerodactyl lost <abbr title="−78/301">25.9%</abbr> of its health!)</small><br></div><div class="battle-history"><small>Hit 3 times!</small><br></div><div class="spacer battle-history"><br></div><div class="battle-history">Aerodactyl used <strong>Stone Edge</strong>!<br></div><div class="battle-history"><small>(The opposing Greninja lost <abbr title="−232/285">81.4%</abbr> of its health!)</small><br></div><div class="spacer battle-history"><br></div><h2 class="battle-history">Turn 15</h2><div class="spacer battle-history"><br></div><div class="battle-history">Aerodactyl, come back!<br></div><div class="battle-history">Go! <strong>Tapu Bulu</strong>!<br></div><div class="battle-history"><small>Pointed stones dug into Tapu Bulu!</small><br></div><div class="battle-history"><small>Tapu Bulu is hurt by the spikes!</small><br></div><div class="battle-history"><small>[Tapu Bulu's Grassy Surge]</small><br><small>Grass grew to cover the battlefield!</small><br></div><div class="spacer battle-history"><br></div><div class="battle-history">The opposing Greninja used <strong>Water Shuriken</strong>!<br></div><div class="battle-history"><small>It's not very effective...</small><br></div><div class="battle-history"><small>(Tapu Bulu lost <abbr title="−18/281">6.4%</abbr> of its health!)</small><br></div><div class="battle-history"><small>It's not very effective...</small><br></div><div class="battle-history"><small>(Tapu Bulu lost <abbr title="−18/281">6.4%</abbr> of its health!)</small><br></div><div class="battle-history"><small>It's not very effective...</small><br></div><div class="battle-history"><small>(Tapu Bulu lost <abbr title="−17/281">6.0%</abbr> of its health!)</small><br></div><div class="battle-history"><small>Hit 3 times!</small><br></div><div class="spacer battle-history"><br></div><div class="battle-history"><small>Tapu Bulu restored HP using its Grassy Terrain!</small><br></div><div class="battle-history"><small>The opposing Greninja restored HP using its Grassy Terrain!</small><br></div><div class="spacer battle-history"><br></div><h2 class="battle-history">Turn 16</h2><div class="spacer battle-history"><br></div><div class="battle-history">Cardenas19 withdrew Greninja!<br></div><div class="battle-history">Cardenas19 sent out <strong>Scizor</strong>!<br></div><div class="battle-history"><small>Pointed stones dug into the opposing Scizor!</small><br></div><div class="spacer battle-history"><br></div><div class="battle-history">Tapu Bulu used <strong>Horn Leech</strong>!<br></div><div class="battle-history"><small>It's not very effective...</small><br></div><div class="battle-history"><small>(The opposing Scizor lost <abbr title="−41/343">12.0%</abbr> of its health!)</small><br></div><div class="battle-history"><small>The opposing Scizor had its energy drained!</small><br></div><div class="spacer battle-history"><br></div><div class="battle-history"><small>Tapu Bulu restored HP using its Grassy Terrain!</small><br></div><div class="battle-history"><small>The opposing Scizor restored HP using its Grassy Terrain!</small><br></div><div class="spacer battle-history"><br></div><h2 class="battle-history">Turn 17</h2><div class="spacer battle-history"><br></div><div class="battle-history">Tapu Bulu, come back!<br></div><div class="battle-history">Go! <strong>Seismitoad</strong>!<br></div><div class="battle-history"><small>Seismitoad is hurt by the spikes!</small><br></div><div class="battle-history"><small>Pointed stones dug into Seismitoad!</small><br></div><div class="spacer battle-history"><br></div><div class="battle-history"><small>The opposing Scizor's Scizorite is reacting to the Key Stone!</small><br>The opposing Scizor has Mega Evolved into Mega Scizor!<br></div><div class="spacer battle-history"><br></div><div class="battle-history">The opposing Scizor used <strong>Knock Off</strong>!<br></div><div class="battle-history"><small>A critical hit!</small><br></div><div class="battle-history"><small>(Seismitoad lost <abbr title="−152/411">37.0%</abbr> of its health!)</small><br></div><div class="battle-history"><small>The opposing Scizor knocked off Seismitoad's Leftovers!</small><br></div><div class="spacer battle-history"><br></div><div class="battle-history"><small>The opposing Scizor restored HP using its Grassy Terrain!</small><br></div><div class="battle-history"><small>Seismitoad restored HP using its Grassy Terrain!</small><br></div><div class="battle-history"><small>Seismitoad was hurt by poison!</small><br></div><div class="spacer battle-history"><br></div><h2 class="battle-history">Turn 18</h2><div class="spacer battle-history"><br></div><div class="battle-history">The opposing Scizor used <strong>Swords Dance</strong>!<br></div><div class="battle-history"><small>The opposing Scizor's Attack rose sharply!</small><br></div><div class="spacer battle-history"><br></div><div class="battle-history">Seismitoad used <strong>Earth Power</strong>!<br></div><div class="battle-history"><small>(The opposing Scizor lost <abbr title="−85/343">24.8%</abbr> of its health!)</small><br></div><div class="spacer battle-history"><br></div><div class="battle-history"><small>The opposing Scizor restored HP using its Grassy Terrain!</small><br></div><div class="battle-history"><small>Seismitoad restored HP using its Grassy Terrain!</small><br></div><div class="battle-history"><small>Seismitoad was hurt by poison!</small><br></div><div class="spacer battle-history"><br></div><h2 class="battle-history">Turn 19</h2><div class="spacer battle-history"><br></div><div class="battle-history">The opposing Scizor used <strong>Knock Off</strong>!<br></div><div class="battle-history"><small>(Seismitoad lost <abbr title="−108/411">26.3%</abbr> of its health!)</small><br></div><div class="spacer battle-history"><br></div><div class="battle-history">Seismitoad fainted!<br></div><div class="spacer battle-history"><br></div><div class="battle-history"><small>The opposing Scizor restored HP using its Grassy Terrain!</small><br></div><div class="battle-history"><small>The grass disappeared from the battlefield.</small><br></div><div class="spacer battle-history"><br></div><div class="battle-history">Go! <strong>Heatran</strong>!<br></div><div class="battle-history"><small>Pointed stones dug into Heatran!</small><br></div><div class="battle-history"><small>Heatran is hurt by the spikes!</small><br></div><div class="spacer battle-history"><br></div><h2 class="battle-history">Turn 20</h2><div class="spacer battle-history"><br></div><div class="battle-history">The opposing Scizor used <strong>Bullet Punch</strong>!<br></div><div class="battle-history"><small>It's not very effective...</small><br></div><div class="battle-history"><small>(Heatran lost <abbr title="−50/323">15.5%</abbr> of its health!)</small><br></div><div class="spacer battle-history"><br></div><div class="battle-history">Heatran fainted!<br></div><div class="spacer battle-history"><br></div><div class="battle-history"><small>Flamita se rindió.</small><br></div><div class="spacer battle-history"><br></div><div class="battle-history"><strong>Cardenas19</strong> won the battle!<br></div></div><div class="inner-preempt"></div></div></div>
</div>
<script>
let daily = Math.floor(Date.now()/1000/60/60/24);document.write('<script src="https://play.pokemonshowdown.com/js/replay-embed.js?version'+daily+'"></'+'script>');
</script>
