<!DOCTYPE html>
<meta charset="utf-8" />
<!-- version 1 -->
<title>OU replay: jey2 vs. Derriels</title>
<style>
html,body {font-family:Verdana, sans-serif;font-size:10pt;margin:0;padding:0;}body{padding:12px 0;} .battle-log {font-family:Verdana, sans-serif;font-size:10pt;} .battle-log-inline {border:1px solid #AAAAAA;background:#EEF2F5;color:black;max-width:640px;margin:0 auto 80px;padding-bottom:5px;} .battle-log .inner {padding:4px 8px 0px 8px;} .battle-log .inner-preempt {padding:0 8px 4px 8px;} .battle-log .inner-after {margin-top:0.5em;} .battle-log h2 {margin:0.5em -8px;padding:4px 8px;border:1px solid #AAAAAA;background:#E0E7EA;border-left:0;border-right:0;font-family:Verdana, sans-serif;font-size:13pt;} .battle-log .chat {vertical-align:middle;padding:3px 0 3px 0;font-size:8pt;} .battle-log .chat strong {color:#40576A;} .battle-log .chat em {padding:1px 4px 1px 3px;color:#000000;font-style:normal;} .chat.mine {background:rgba(0,0,0,0.05);margin-left:-8px;margin-right:-8px;padding-left:8px;padding-right:8px;} .spoiler {color:#BBBBBB;background:#BBBBBB;padding:0px 3px;} .spoiler:hover, .spoiler:active, .spoiler-shown {color:#000000;background:#E2E2E2;padding:0px 3px;} .spoiler a {color:#BBBBBB;} .spoiler:hover a, .spoiler:active a, .spoiler-shown a {color:#2288CC;} .chat code, .chat .spoiler:hover code, .chat .spoiler:active code, .chat .spoiler-shown code {border:1px solid #C0C0C0;background:#EEEEEE;color:black;padding:0 2px;} .chat .spoiler code {border:1px solid #CCCCCC;background:#CCCCCC;color:#CCCCCC;} .battle-log .rated {padding:3px 4px;} .battle-log .rated strong {color:white;background:#89A;padding:1px 4px;border-radius:4px;} .spacer {margin-top:0.5em;} .message-announce {background:#6688AA;color:white;padding:1px 4px 2px;} .message-announce a, .broadcast-green a, .broadcast-blue a, .broadcast-red a {color:#DDEEFF;} .broadcast-green {background-color:#559955;color:white;padding:2px 4px;} .broadcast-blue {background-color:#6688AA;color:white;padding:2px 4px;} .infobox {border:1px solid #6688AA;padding:2px 4px;} .infobox-limited {max-height:200px;overflow:auto;overflow-x:hidden;} .broadcast-red {background-color:#AA5544;color:white;padding:2px 4px;} .message-learn-canlearn {font-weight:bold;color:#228822;text-decoration:underline;} .message-learn-cannotlearn {font-weight:bold;color:#CC2222;text-decoration:underline;} .message-effect-weak {font-weight:bold;color:#CC2222;} .message-effect-resist {font-weight:bold;color:#6688AA;} .message-effect-immune {font-weight:bold;color:#666666;} .message-learn-list {margin-top:0;margin-bottom:0;} .message-throttle-notice, .message-error {color:#992222;} .message-overflow, .chat small.message-overflow {font-size:0pt;} .message-overflow::before {font-size:9pt;content:'...';} .subtle {color:#3A4A66;}
</style>
<div class="wrapper replay-wrapper" style="max-width:1180px;margin:0 auto">
<input type="hidden" name="replayid" value="destiny-ou-451851" />
<div class="battle"></div><div class="battle-log"></div><div class="replay-controls"></div><div class="replay-controls-2"></div>
<h1 style="font-weight:normal;text-align:center"><strong>OU</strong><br /><a href="http://pokemonshowdown.com/users/jey2" class="subtle" target="_blank">jey2</a> vs. <a href="http://pokemonshowdown.com/users/derriels" class="subtle" target="_blank">Derriels</a></h1>
<script type="text/plain" class="battle-log-data">|player|p1|jey2|jey2.gif?da739a06
|teamsize|p1|6
|player|p2|Derriels|derriels.gif?e1eba74f
|teamsize|p2|6
|teamsize|p1|6
|teamsize|p2|6
|gametype|singles
|gen|7
|tier|OU
|seed|8871,37975,25071,42330
|rule|Cláusula-Mod de Dormir: solo puedes dormir a uno de tus oponentes a la vez.
|rule|Cláusula de Especie: Hasta un Pokémon de cada especie
|rule|Cláusula de Golpe Fulminante: los movimientos fulminantes (OHKO) estan prohibidos
|rule|Cláusula de Veleta: la habilidad Veleta está prohibida
|rule|Cláusula de Movimientos Evasivos: los movimientos de Evasión están prohibidos.
|rule|Cláusula de Batallas Eternas: forzar batallas eternas está prohibido
|clearpoke
|poke|p1|Clefable, F|item
|poke|p1|Jirachi|item
|poke|p1|Scizor, F|item
|poke|p1|Zapdos|item
|poke|p1|Gliscor, M|item
|poke|p1|Toxapex, M|item
|poke|p2|Ninetales-Alola, F|item
|poke|p2|Landorus-Therian, M|item
|poke|p2|Greninja, M|item
|poke|p2|Zygarde|item
|poke|p2|Manaphy|item
|poke|p2|Blacephalon|item
|teampreview|undefined
|c|☆Derriels|gl
|choice|*team 321456|*
|choice|*|*team 213456
|choice|team 3, 2, 1, 4, 5, 6|team 2, 1, 3, 4, 5, 6
|
|start
|switch|p1a: Scizor|Scizor, F|344\/344
|switch|p2a: Landorus|Landorus-Therian, M|319\/319
|-ability|p2a: Landorus|Intimidate|boost
|-unboost|p1a: Scizor|atk|1
|turn|1
|choice|*|*move 1
|choice|*move 3 mega|*
|choice|move swordsdance mega|move stealthrock
|
|-mega|p1a: Scizor|Scizor|Scizorite
|detailschange|p1a: Scizor|Scizor-Mega, F
|move|p2a: Landorus|Stealth Rock|p1a: Scizor
|-sidestart|p1: jey2|move: Stealth Rock
|move|p1a: Scizor|Swords Dance|p1a: Scizor
|-boost|p1a: Scizor|atk|2
|
|upkeep
|turn|2
|choice|*move 2|*
|choice|*|*move 4
|choice|move knockoff|move explosion
|
|move|p2a: Landorus|Explosion|p1a: Scizor
|-resisted|p1a: Scizor
|-damage|p1a: Scizor|245\/344
|faint|p2a: Landorus
|move|p1a: Scizor|Knock Off|p2: Landorus|[notarget]
|-notarget
|
|upkeep
|choice|*|*switch 6
|choice||switch 6
|
|switch|p2a: Blacephalon|Blacephalon|305\/305
|turn|3
|choice|*move 2|*
|choice|*move 2|*
|choice|*move 2|*
|choice|*|*move 2
|choice|*move 2|*
|choice|move knockoff|move substitute
|
|move|p2a: Blacephalon|Substitute|p2a: Blacephalon
|-start|p2a: Blacephalon|Substitute
|-damage|p2a: Blacephalon|229\/305
|move|p1a: Scizor|Knock Off|p2a: Blacephalon
|-supereffective|p2a: Blacephalon
|-end|p2a: Blacephalon|Substitute
|
|upkeep
|turn|4
|choice|*|*move 3
|choice|*switch 6|*
|choice|switch 6|move flamethrower
|
|switch|p1a: Toxapex|Toxapex, M|304\/304
|-damage|p1a: Toxapex|266\/304|[from] Stealth Rock
|move|p2a: Blacephalon|Flamethrower|p1a: Toxapex
|-resisted|p1a: Toxapex
|-crit|p1a: Toxapex
|-damage|p1a: Toxapex|184\/304
|
|-heal|p1a: Toxapex|203\/304|[from] item: Black Sludge
|upkeep
|turn|5
|choice|*move 1|*
|choice|*|*switch 3
|choice|move infestation|switch 3
|
|switch|p2a: Greninja|Greninja, M|348\/348
|move|p1a: Toxapex|Infestation|p2a: Greninja
|-supereffective|p2a: Greninja
|-damage|p2a: Greninja|322\/348
|-activate|p2a: Greninja|move: Infestation|[of] p1a: Toxapex
|
|-heal|p1a: Toxapex|222\/304|[from] item: Black Sludge
|-damage|p2a: Greninja|279\/348|[from] move: Infestation|[partiallytrapped]
|upkeep
|turn|6
|choice|*|*move 4
|choice|*move 4|*
|choice|move recover|move taunt
|
|move|p2a: Greninja|Taunt|p1a: Toxapex
|-start|p2a: Greninja|typechange|Dark|[from] Protean
|-start|p1a: Toxapex|move: Taunt
|cant|p1a: Toxapex|move: Taunt|Recover
|
|-heal|p1a: Toxapex|241\/304|[from] item: Black Sludge
|-damage|p2a: Greninja|236\/348|[from] move: Infestation|[partiallytrapped]
|upkeep
|turn|7
|choice|*|*move 1
|choice|*move 1|*
|choice|move infestation|move spikes
|
|move|p2a: Greninja|Spikes|p1a: Toxapex
|-start|p2a: Greninja|typechange|Ground|[from] Protean
|-sidestart|p1: jey2|Spikes
|move|p1a: Toxapex|Infestation|p2a: Greninja
|-crit|p2a: Greninja
|-damage|p2a: Greninja|216\/348
|
|-heal|p1a: Toxapex|260\/304|[from] item: Black Sludge
|-damage|p2a: Greninja|173\/348|[from] move: Infestation|[partiallytrapped]
|upkeep
|turn|8
|choice|*move 1|*
|choice|*|*move 1
|choice|move infestation|move spikes
|
|move|p2a: Greninja|Spikes|p1a: Toxapex
|-sidestart|p1: jey2|Spikes
|move|p1a: Toxapex|Infestation|p2a: Greninja
|-damage|p2a: Greninja|160\/348
|
|-heal|p1a: Toxapex|279\/304|[from] item: Black Sludge
|-damage|p2a: Greninja|117\/348|[from] move: Infestation|[partiallytrapped]
|-end|p1a: Toxapex|move: Taunt
|upkeep
|turn|9
|choice|*move 1|*
|choice|*|*move 4
|choice|move infestation|move taunt
|
|move|p2a: Greninja|Taunt|p1a: Toxapex
|-start|p2a: Greninja|typechange|Dark|[from] Protean
|-start|p1a: Toxapex|move: Taunt
|move|p1a: Toxapex|Infestation|p2a: Greninja
|-supereffective|p2a: Greninja
|-damage|p2a: Greninja|91\/348
|
|-heal|p1a: Toxapex|298\/304|[from] item: Black Sludge
|-end|p2a: Greninja|Infestation|[partiallytrapped]
|upkeep
|turn|10
|choice|*move 1|*
|choice|*|*move 1
|choice|move infestation|move spikes
|
|move|p2a: Greninja|Spikes|p1a: Toxapex
|-start|p2a: Greninja|typechange|Ground|[from] Protean
|-sidestart|p1: jey2|Spikes
|move|p1a: Toxapex|Infestation|p2a: Greninja
|-damage|p2a: Greninja|78\/348
|-activate|p2a: Greninja|move: Infestation|[of] p1a: Toxapex
|
|-heal|p1a: Toxapex|304\/304|[from] item: Black Sludge
|-damage|p2a: Greninja|35\/348|[from] move: Infestation|[partiallytrapped]
|upkeep
|turn|11
|choice|*move 1|*
|choice|*|*move 3
|choice|move infestation|move shadowsneak
|
|move|p2a: Greninja|Shadow Sneak|p1a: Toxapex
|-start|p2a: Greninja|typechange|Ghost|[from] Protean
|-damage|p1a: Toxapex|279\/304
|move|p1a: Toxapex|Infestation|p2a: Greninja
|-resisted|p2a: Greninja
|-damage|p2a: Greninja|29\/348
|
|-heal|p1a: Toxapex|298\/304|[from] item: Black Sludge
|-damage|p2a: Greninja|0 fnt|[from] move: Infestation|[partiallytrapped]
|-end|p1a: Toxapex|move: Taunt
|upkeep
|faint|p2a: Greninja
|choice|*|*switch 3
|choice||switch 3
|
|switch|p2a: Blacephalon|Blacephalon|229\/305
|turn|12
|choice|*|*move 2
|choice|*switch 4|*
|choice|switch 4|move substitute
|
|switch|p1a: Zapdos|Zapdos|384\/384
|-damage|p1a: Zapdos|288\/384|[from] Stealth Rock
|-ability|p1a: Zapdos|Pressure
|move|p2a: Blacephalon|Substitute|p2a: Blacephalon
|-start|p2a: Blacephalon|Substitute
|-damage|p2a: Blacephalon|153\/305
|
|-heal|p1a: Zapdos|312\/384|[from] item: Leftovers
|upkeep
|turn|13
|choice|*move 3|*
|choice|*|*move 1
|choice|move defog|move calmmind
|
|move|p2a: Blacephalon|Calm Mind|p2a: Blacephalon
|-boost|p2a: Blacephalon|spa|1
|-boost|p2a: Blacephalon|spd|1
|move|p1a: Zapdos|Defog|p2a: Blacephalon
|-sideend|p1: jey2|Spikes|[from] move: Defog|[of] p1a: Zapdos
|-sideend|p1: jey2|Stealth Rock|[from] move: Defog|[of] p1a: Zapdos
|
|-heal|p1a: Zapdos|336\/384|[from] item: Leftovers
|upkeep
|turn|14
|choice|*move 1|*
|choice|*|*move 1
|choice|move discharge|move calmmind
|
|move|p2a: Blacephalon|Calm Mind|p2a: Blacephalon
|-boost|p2a: Blacephalon|spa|1
|-boost|p2a: Blacephalon|spd|1
|move|p1a: Zapdos|Discharge|p2a: Blacephalon
|-activate|p2a: Blacephalon|move: Substitute|[damage]
|
|-heal|p1a: Zapdos|360\/384|[from] item: Leftovers
|upkeep
|turn|15
|choice|*move 1|*
|choice|*|*move 1
|choice|move discharge|move calmmind
|
|move|p2a: Blacephalon|Calm Mind|p2a: Blacephalon
|-boost|p2a: Blacephalon|spa|1
|-boost|p2a: Blacephalon|spd|1
|move|p1a: Zapdos|Discharge|p2a: Blacephalon
|-end|p2a: Blacephalon|Substitute
|
|-heal|p1a: Zapdos|384\/384|[from] item: Leftovers
|upkeep
|turn|16
|choice|*|*move 2
|choice|*move 1|*
|choice|move discharge|move substitute
|
|move|p2a: Blacephalon|Substitute|p2a: Blacephalon
|-start|p2a: Blacephalon|Substitute
|-damage|p2a: Blacephalon|77\/305
|move|p1a: Zapdos|Discharge|p2a: Blacephalon
|-activate|p2a: Blacephalon|move: Substitute|[damage]
|
|upkeep
|turn|17
|choice|*|*move 3
|choice|*move 1|*
|choice|move discharge|move flamethrower
|
|move|p2a: Blacephalon|Flamethrower|p1a: Zapdos
|-damage|p1a: Zapdos|0 fnt
|faint|p1a: Zapdos
|-ability|p2a: Blacephalon|Beast Boost|boost
|-boost|p2a: Blacephalon|spe|1
|
|upkeep
|choice|*switch 6|*
|choice|switch 6|
|
|switch|p1a: Scizor|Scizor-Mega, F|245\/344
|turn|18
|choice|*|*move 3
|choice|*move 1|*
|choice|move bulletpunch|move flamethrower
|
|move|p1a: Scizor|Bullet Punch|p2a: Blacephalon
|-resisted|p2a: Blacephalon
|-end|p2a: Blacephalon|Substitute
|move|p2a: Blacephalon|Flamethrower|p1a: Scizor
|-supereffective|p1a: Scizor
|-damage|p1a: Scizor|0 fnt
|faint|p1a: Scizor
|-ability|p2a: Blacephalon|Beast Boost|boost
|-boost|p2a: Blacephalon|spe|1
|
|upkeep
|choice|*switch 5|*
|choice|switch 5|
|
|switch|p1a: Gliscor|Gliscor, M|354\/354
|turn|19
|choice|*move 1|*
|choice|*|*move 4
|choice|move earthquake|move shadowball
|
|move|p2a: Blacephalon|Shadow Ball|p1a: Gliscor
|-damage|p1a: Gliscor|75\/354
|-unboost|p1a: Gliscor|spd|1
|move|p1a: Gliscor|Earthquake|p2a: Blacephalon
|-supereffective|p2a: Blacephalon
|-damage|p2a: Blacephalon|0 fnt
|faint|p2a: Blacephalon
|
|-status|p1a: Gliscor|tox|[from] item: Toxic Orb
|upkeep
|choice|*|*switch 5
|choice||switch 5
|
|switch|p2a: Manaphy|Manaphy|341\/341
|turn|20
|choice|*|*move 1
|choice|*move 3|*
|choice|move taunt|move tailglow
|
|move|p2a: Manaphy|Tail Glow|p2a: Manaphy
|-boost|p2a: Manaphy|spa|3
|move|p1a: Gliscor|Taunt|p2a: Manaphy
|-start|p2a: Manaphy|move: Taunt
|
|-heal|p1a: Gliscor|119\/354 tox|[from] ability: Poison Heal
|upkeep
|turn|21
|choice|*move 2|*
|choice|*|*move 2
|choice|move knockoff|move surf
|
|move|p2a: Manaphy|Surf|p1a: Gliscor
|-supereffective|p1a: Gliscor
|-crit|p1a: Gliscor
|-damage|p1a: Gliscor|0 fnt
|faint|p1a: Gliscor
|
|upkeep
|choice|*switch 3|*
|choice|switch 3|
|
|switch|p1a: Clefable|Clefable, F|394\/394
|turn|22
|choice|*|*move 2
|choice|*move 4|*
|choice|move thunderwave|move surf
|
|move|p2a: Manaphy|Surf|p1a: Clefable
|-damage|p1a: Clefable|0 fnt
|faint|p1a: Clefable
|
|upkeep
|choice|*switch 4|*
|choice|switch 4|
|
|switch|p1a: Toxapex|Toxapex, M|304\/304
|turn|23
|choice|*|*move 4
|choice|*move 2|*
|choice|move toxic|move psychic
|
|move|p2a: Manaphy|Psychic|p1a: Toxapex
|-supereffective|p1a: Toxapex
|-damage|p1a: Toxapex|2\/304
|move|p1a: Toxapex|Toxic|p2a: Manaphy
|-status|p2a: Manaphy|tox
|
|-heal|p1a: Toxapex|21\/304|[from] item: Black Sludge
|-damage|p2a: Manaphy|320\/341 tox|[from] psn
|-end|p2a: Manaphy|move: Taunt
|upkeep
|turn|24
|choice|*|*move 2
|choice|*move 3|*
|choice|move gastroacid|move surf
|
|move|p2a: Manaphy|Surf|p1a: Toxapex
|-resisted|p1a: Toxapex
|-damage|p1a: Toxapex|0 fnt
|faint|p1a: Toxapex
|
|-heal|p2a: Manaphy|341\/341 tox|[from] item: Leftovers
|-damage|p2a: Manaphy|299\/341 tox|[from] psn
|upkeep
|choice|*switch 2|*
|choice|switch 2|
|
|switch|p1a: Jirachi|Jirachi|404\/404
|turn|25
|choice|*|*move 2
|choice|*move 2|*
|choice|move wish|move surf
|
|move|p2a: Manaphy|Surf|p1a: Jirachi
|-damage|p1a: Jirachi|179\/404
|move|p1a: Jirachi|Wish|p1a: Jirachi
|
|-heal|p2a: Manaphy|320\/341 tox|[from] item: Leftovers
|-heal|p1a: Jirachi|204\/404|[from] item: Leftovers
|-damage|p2a: Manaphy|257\/341 tox|[from] psn
|upkeep
|turn|26
|choice|*|*move 1
|choice|*move 1|*
|choice|move ironhead|move tailglow
|
|move|p2a: Manaphy|Tail Glow|p2a: Manaphy
|-boost|p2a: Manaphy|spa|3
|move|p1a: Jirachi|Iron Head|p2a: Manaphy
|-resisted|p2a: Manaphy
|-damage|p2a: Manaphy|209\/341 tox
|
|-heal|p1a: Jirachi|404\/404|[from] move: Wish|[wisher] Jirachi
|-heal|p2a: Manaphy|230\/341 tox|[from] item: Leftovers
|-damage|p2a: Manaphy|146\/341 tox|[from] psn
|upkeep
|turn|27
|choice|*move 2|*
|choice|*|*move 2
|choice|move wish|move surf
|
|move|p2a: Manaphy|Surf|p1a: Jirachi
|-damage|p1a: Jirachi|0 fnt
|faint|p1a: Jirachi
|
|win|Derriels
|c|☆Derriels|gg
</script>
</div>
<div class="battle-log battle-log-inline"><div class="inner"><div class="battle-options"></div><div class="inner"><div class=""><small>Format:</small> <br><strong>OU</strong></div><div class=""><small><em>Cláusula-Mod de Dormir:</em> solo puedes dormir a uno de tus oponentes a la vez.</small></div><div class=""><small><em>Cláusula de Especie:</em> Hasta un Pokémon de cada especie</small></div><div class=""><small><em>Cláusula de Golpe Fulminante:</em> los movimientos fulminantes (OHKO) estan prohibidos</small></div><div class=""><small><em>Cláusula de Veleta:</em> la habilidad Veleta está prohibida</small></div><div class=""><small><em>Cláusula de Movimientos Evasivos:</em> los movimientos de Evasión están prohibidos.</small></div><div class=""><small><em>Cláusula de Batallas Eternas:</em> forzar batallas eternas está prohibido</small></div><div class="chat battle-history"><strong>jey2's team:</strong> <em style="color:#445566;display:block;">Clefable / Jirachi / Scizor / Zapdos / Gliscor / Toxapex</em></div><div class="chat battle-history"><strong>Derriels's team:</strong> <em style="color:#445566;display:block;">Ninetales-Alola / Landorus-Therian / Greninja / Zygarde / Manaphy / Blacephalon</em></div><div class="chat chatmessage-derriels"><strong style="color:hsl(211,76%,44%)"><small>☆</small><span class="username" data-name="Derriels">Derriels</span>:</strong> <em>gl</em></div><div class="spacer battle-history"><br></div><div class="battle-history">Battle started between jey2 and Derriels!<br></div><div class="spacer battle-history"><br></div><div class="battle-history">Go! <strong>Scizor</strong>!<br></div><div class="spacer battle-history"><br></div><div class="battle-history">Derriels sent out Landorus (<strong>Landorus-Therian</strong>)!<br></div><div class="battle-history"><small>[The opposing Landorus's Intimidate]</small><br></div><div class="battle-history"><small>Scizor's Attack fell!</small><br></div><div class="spacer battle-history"><br></div><h2 class="battle-history">Turn 1</h2><div class="spacer battle-history"><br></div><div class="battle-history"><small>Scizor's Scizorite is reacting to the Key Stone!</small><br>Scizor has Mega Evolved into Mega Scizor!<br></div><div class="spacer battle-history"><br></div><div class="battle-history">The opposing Landorus used <strong>Stealth Rock</strong>!<br></div><div class="battle-history"><small>Pointed stones float in the air around your team!</small><br></div><div class="spacer battle-history"><br></div><div class="battle-history">Scizor used <strong>Swords Dance</strong>!<br></div><div class="battle-history"><small>Scizor's Attack rose sharply!</small><br></div><div class="spacer battle-history"><br></div><h2 class="battle-history">Turn 2</h2><div class="spacer battle-history"><br></div><div class="battle-history">The opposing Landorus used <strong>Explosion</strong>!<br></div><div class="battle-history"><small>It's not very effective...</small><br></div><div class="battle-history"><small>(Scizor lost <abbr title="−99/344">28.8%</abbr> of its health!)</small><br></div><div class="spacer battle-history"><br></div><div class="battle-history">The opposing Landorus fainted!<br></div><div class="battle-history">Scizor used <strong>Knock Off</strong>!<br></div><div class="battle-history"><small>But there was no target...</small><br></div><div class="spacer battle-history"><br></div><div class="battle-history">Derriels sent out <strong>Blacephalon</strong>!<br></div><div class="spacer battle-history"><br></div><h2 class="battle-history">Turn 3</h2><div class="spacer battle-history"><br></div><div class="battle-history">The opposing Blacephalon used <strong>Substitute</strong>!<br></div><div class="battle-history"><small>The opposing Blacephalon put in a substitute!</small><br></div><div class="battle-history"><small>(The opposing Blacephalon lost <abbr title="−76/305">24.9%</abbr> of its health!)</small><br></div><div class="spacer battle-history"><br></div><div class="battle-history">Scizor used <strong>Knock Off</strong>!<br></div><div class="battle-history"><small>It's super effective!</small><br></div><div class="battle-history"><small>The opposing Blacephalon's substitute faded!</small><br></div><div class="spacer battle-history"><br></div><h2 class="battle-history">Turn 4</h2><div class="spacer battle-history"><br></div><div class="battle-history">Scizor, come back!<br></div><div class="battle-history">Go! <strong>Toxapex</strong>!<br></div><div class="battle-history"><small>Pointed stones dug into Toxapex!</small><br></div><div class="spacer battle-history"><br></div><div class="battle-history">The opposing Blacephalon used <strong>Flamethrower</strong>!<br></div><div class="battle-history"><small>It's not very effective...</small><br></div><div class="battle-history"><small>A critical hit!</small><br></div><div class="battle-history"><small>(Toxapex lost <abbr title="−82/304">27.0%</abbr> of its health!)</small><br></div><div class="spacer battle-history"><br></div><div class="battle-history"><small>Toxapex restored a little HP using its Black Sludge!</small><br></div><div class="spacer battle-history"><br></div><h2 class="battle-history">Turn 5</h2><div class="spacer battle-history"><br></div><div class="battle-history">Derriels withdrew Blacephalon!<br></div><div class="battle-history">Derriels sent out <strong>Greninja</strong>!<br></div><div class="spacer battle-history"><br></div><div class="battle-history">Toxapex used <strong>Infestation</strong>!<br></div><div class="battle-history"><small>It's super effective!</small><br></div><div class="battle-history"><small>(The opposing Greninja lost <abbr title="−26/348">7.5%</abbr> of its health!)</small><br></div><div class="battle-history"><small>The opposing Greninja has been afflicted with an infestation by Toxapex!</small><br></div><div class="spacer battle-history"><br></div><div class="battle-history"><small>Toxapex restored a little HP using its Black Sludge!</small><br></div><div class="battle-history"><small>The opposing Greninja is hurt by Infestation!</small><br></div><div class="spacer battle-history"><br></div><h2 class="battle-history">Turn 6</h2><div class="spacer battle-history"><br></div><div class="battle-history">The opposing Greninja used <strong>Taunt</strong>!<br></div><div class="spacer battle-history"><br></div><div class="battle-history"><small>[The opposing Greninja's Protean]</small><br><small>The opposing Greninja transformed into the Dark type!</small><br></div><div class="battle-history"><small>Toxapex fell for the taunt!</small><br></div><div class="spacer battle-history"><br></div><div class="battle-history">Toxapex can't use Recover after the taunt!<br></div><div class="spacer battle-history"><br></div><div class="battle-history"><small>Toxapex restored a little HP using its Black Sludge!</small><br></div><div class="battle-history"><small>The opposing Greninja is hurt by Infestation!</small><br></div><div class="spacer battle-history"><br></div><h2 class="battle-history">Turn 7</h2><div class="spacer battle-history"><br></div><div class="battle-history">The opposing Greninja used <strong>Spikes</strong>!<br></div><div class="spacer battle-history"><br></div><div class="battle-history"><small>[The opposing Greninja's Protean]</small><br><small>The opposing Greninja transformed into the Ground type!</small><br></div><div class="battle-history"><small>Spikes were scattered on the ground all around your team!</small><br></div><div class="spacer battle-history"><br></div><div class="battle-history">Toxapex used <strong>Infestation</strong>!<br></div><div class="battle-history"><small>A critical hit!</small><br></div><div class="battle-history"><small>(The opposing Greninja lost <abbr title="−20/348">5.7%</abbr> of its health!)</small><br></div><div class="spacer battle-history"><br></div><div class="battle-history"><small>Toxapex restored a little HP using its Black Sludge!</small><br></div><div class="battle-history"><small>The opposing Greninja is hurt by Infestation!</small><br></div><div class="spacer battle-history"><br></div><h2 class="battle-history">Turn 8</h2><div class="spacer battle-history"><br></div><div class="battle-history">The opposing Greninja used <strong>Spikes</strong>!<br></div><div class="battle-history"><small>Spikes were scattered on the ground all around your team!</small><br></div><div class="spacer battle-history"><br></div><div class="battle-history">Toxapex used <strong>Infestation</strong>!<br></div><div class="battle-history"><small>(The opposing Greninja lost <abbr title="−13/348">3.7%</abbr> of its health!)</small><br></div><div class="spacer battle-history"><br></div><div class="battle-history"><small>Toxapex restored a little HP using its Black Sludge!</small><br></div><div class="battle-history"><small>The opposing Greninja is hurt by Infestation!</small><br></div><div class="battle-history"><small>Toxapex's taunt wore off!</small><br></div><div class="spacer battle-history"><br></div><h2 class="battle-history">Turn 9</h2><div class="spacer battle-history"><br></div><div class="battle-history">The opposing Greninja used <strong>Taunt</strong>!<br></div><div class="spacer battle-history"><br></div><div class="battle-history"><small>[The opposing Greninja's Protean]</small><br><small>The opposing Greninja transformed into the Dark type!</small><br></div><div class="battle-history"><small>Toxapex fell for the taunt!</small><br></div><div class="spacer battle-history"><br></div><div class="battle-history">Toxapex used <strong>Infestation</strong>!<br></div><div class="battle-history"><small>It's super effective!</small><br></div><div class="battle-history"><small>(The opposing Greninja lost <abbr title="−26/348">7.5%</abbr> of its health!)</small><br></div><div class="spacer battle-history"><br></div><div class="battle-history"><small>Toxapex restored a little HP using its Black Sludge!</small><br></div><div class="battle-history"><small>The opposing Greninja was freed from Infestation!</small><br></div><div class="spacer battle-history"><br></div><h2 class="battle-history">Turn 10</h2><div class="spacer battle-history"><br></div><div class="battle-history">The opposing Greninja used <strong>Spikes</strong>!<br></div><div class="spacer battle-history"><br></div><div class="battle-history"><small>[The opposing Greninja's Protean]</small><br><small>The opposing Greninja transformed into the Ground type!</small><br></div><div class="battle-history"><small>Spikes were scattered on the ground all around your team!</small><br></div><div class="spacer battle-history"><br></div><div class="battle-history">Toxapex used <strong>Infestation</strong>!<br></div><div class="battle-history"><small>(The opposing Greninja lost <abbr title="−13/348">3.7%</abbr> of its health!)</small><br></div><div class="battle-history"><small>The opposing Greninja has been afflicted with an infestation by Toxapex!</small><br></div><div class="spacer battle-history"><br></div><div class="battle-history"><small>Toxapex restored a little HP using its Black Sludge!</small><br></div><div class="battle-history"><small>The opposing Greninja is hurt by Infestation!</small><br></div><div class="spacer battle-history"><br></div><h2 class="battle-history">Turn 11</h2><div class="spacer battle-history"><br></div><div class="battle-history">The opposing Greninja used <strong>Shadow Sneak</strong>!<br></div><div class="spacer battle-history"><br></div><div class="battle-history"><small>[The opposing Greninja's Protean]</small><br><small>The opposing Greninja transformed into the Ghost type!</small><br></div><div class="battle-history"><small>(Toxapex lost <abbr title="−25/304">8.2%</abbr> of its health!)</small><br></div><div class="spacer battle-history"><br></div><div class="battle-history">Toxapex used <strong>Infestation</strong>!<br></div><div class="battle-history"><small>It's not very effective...</small><br></div><div class="battle-history"><small>(The opposing Greninja lost <abbr title="−6/348">1.7%</abbr> of its health!)</small><br></div><div class="spacer battle-history"><br></div><div class="battle-history"><small>Toxapex restored a little HP using its Black Sludge!</small><br></div><div class="battle-history"><small>The opposing Greninja is hurt by Infestation!</small><br></div><div class="battle-history"><small>Toxapex's taunt wore off!</small><br></div><div class="spacer battle-history"><br></div><div class="battle-history">The opposing Greninja fainted!<br></div><div class="spacer battle-history"><br></div><div class="battle-history">Derriels sent out <strong>Blacephalon</strong>!<br></div><div class="spacer battle-history"><br></div><h2 class="battle-history">Turn 12</h2><div class="spacer battle-history"><br></div><div class="battle-history">Toxapex, come back!<br></div><div class="battle-history">Go! <strong>Zapdos</strong>!<br></div><div class="battle-history"><small>Pointed stones dug into Zapdos!</small><br></div><div class="battle-history"><small>[Zapdos's Pressure]</small><br><small>Zapdos is exerting its pressure!</small><br></div><div class="spacer battle-history"><br></div><div class="battle-history">The opposing Blacephalon used <strong>Substitute</strong>!<br></div><div class="battle-history"><small>The opposing Blacephalon put in a substitute!</small><br></div><div class="battle-history"><small>(The opposing Blacephalon lost <abbr title="−76/305">24.9%</abbr> of its health!)</small><br></div><div class="spacer battle-history"><br></div><div class="battle-history"><small>Zapdos restored a little HP using its Leftovers!</small><br></div><div class="spacer battle-history"><br></div><h2 class="battle-history">Turn 13</h2><div class="spacer battle-history"><br></div><div class="battle-history">The opposing Blacephalon used <strong>Calm Mind</strong>!<br></div><div class="battle-history"><small>The opposing Blacephalon's Special Attack rose!</small><br></div><div class="battle-history"><small>The opposing Blacephalon's Special Defense rose!</small><br></div><div class="spacer battle-history"><br></div><div class="battle-history">Zapdos used <strong>Defog</strong>!<br></div><div class="battle-history"><small>The spikes disappeared from the ground around your team!</small><br></div><div class="battle-history"><small>The pointed stones disappeared from around your team!</small><br></div><div class="spacer battle-history"><br></div><div class="battle-history"><small>Zapdos restored a little HP using its Leftovers!</small><br></div><div class="spacer battle-history"><br></div><h2 class="battle-history">Turn 14</h2><div class="spacer battle-history"><br></div><div class="battle-history">The opposing Blacephalon used <strong>Calm Mind</strong>!<br></div><div class="battle-history"><small>The opposing Blacephalon's Special Attack rose!</small><br></div><div class="battle-history"><small>The opposing Blacephalon's Special Defense rose!</small><br></div><div class="spacer battle-history"><br></div><div class="battle-history">Zapdos used <strong>Discharge</strong>!<br></div><div class="battle-history"><small>The substitute took damage for the opposing Blacephalon!</small><br></div><div class="spacer battle-history"><br></div><div class="battle-history"><small>Zapdos restored a little HP using its Leftovers!</small><br></div><div class="spacer battle-history"><br></div><h2 class="battle-history">Turn 15</h2><div class="spacer battle-history"><br></div><div class="battle-history">The opposing Blacephalon used <strong>Calm Mind</strong>!<br></div><div class="battle-history"><small>The opposing Blacephalon's Special Attack rose!</small><br></div><div class="battle-history"><small>The opposing Blacephalon's Special Defense rose!</small><br></div><div class="spacer battle-history"><br></div><div class="battle-history">Zapdos used <strong>Discharge</strong>!<br></div><div class="battle-history"><small>The opposing Blacephalon's substitute faded!</small><br></div><div class="spacer battle-history"><br></div><div class="battle-history"><small>Zapdos restored a little HP using its Leftovers!</small><br></div><div class="spacer battle-history"><br></div><h2 class="battle-history">Turn 16</h2><div class="spacer battle-history"><br></div><div class="battle-history">The opposing Blacephalon used <strong>Substitute</strong>!<br></div><div class="battle-history"><small>The opposing Blacephalon put in a substitute!</small><br></div><div class="battle-history"><small>(The opposing Blacephalon lost <abbr title="−76/305">24.9%</abbr> of its health!)</small><br></div><div class="spacer battle-history"><br></div><div class="battle-history">Zapdos used <strong>Discharge</strong>!<br></div><div class="battle-history"><small>The substitute took damage for the opposing Blacephalon!</small><br></div><div class="spacer battle-history"><br></div><h2 class="battle-history">Turn 17</h2><div class="spacer battle-history"><br></div><div class="battle-history">The opposing Blacephalon used <strong>Flamethrower</strong>!<br></div><div class="battle-history"><small>(Zapdos lost <abbr title="−384/384">100%</abbr> of its health!)</small><br></div><div class="spacer battle-history"><br></div><div class="battle-history">Zapdos fainted!<br></div><div class="battle-history"><small>[The opposing Blacephalon's Beast Boost]</small><br></div><div class="battle-history"><small>The opposing Blacephalon's Speed rose!</small><br></div><div class="spacer battle-history"><br></div><div class="battle-history">Go! Scizor (<strong>Scizor-Mega</strong>)!<br></div><div class="spacer battle-history"><br></div><h2 class="battle-history">Turn 18</h2><div class="spacer battle-history"><br></div><div class="battle-history">Scizor used <strong>Bullet Punch</strong>!<br></div><div class="battle-history"><small>It's not very effective...</small><br></div><div class="battle-history"><small>The opposing Blacephalon's substitute faded!</small><br></div><div class="spacer battle-history"><br></div><div class="battle-history">The opposing Blacephalon used <strong>Flamethrower</strong>!<br></div><div class="battle-history"><small>It's super effective!</small><br></div><div class="battle-history"><small>(Scizor lost <abbr title="−245/344">71.2%</abbr> of its health!)</small><br></div><div class="spacer battle-history"><br></div><div class="battle-history">Scizor fainted!<br></div><div class="battle-history"><small>[The opposing Blacephalon's Beast Boost]</small><br></div><div class="battle-history"><small>The opposing Blacephalon's Speed rose!</small><br></div><div class="spacer battle-history"><br></div><div class="battle-history">Go! <strong>Gliscor</strong>!<br></div><div class="spacer battle-history"><br></div><h2 class="battle-history">Turn 19</h2><div class="spacer battle-history"><br></div><div class="battle-history">The opposing Blacephalon used <strong>Shadow Ball</strong>!<br></div><div class="battle-history"><small>(Gliscor lost <abbr title="−279/354">78.8%</abbr> of its health!)</small><br></div><div class="battle-history"><small>Gliscor's Special Defense fell!</small><br></div><div class="spacer battle-history"><br></div><div class="battle-history">Gliscor used <strong>Earthquake</strong>!<br></div><div class="battle-history"><small>It's super effective!</small><br></div><div class="battle-history"><small>(The opposing Blacephalon lost <abbr title="−77/305">25.2%</abbr> of its health!)</small><br></div><div class="spacer battle-history"><br></div><div class="battle-history">The opposing Blacephalon fainted!<br></div><div class="spacer battle-history"><br></div><div class="battle-history"><small>Gliscor was badly poisoned!</small><br></div><div class="spacer battle-history"><br></div><div class="battle-history">Derriels sent out <strong>Manaphy</strong>!<br></div><div class="spacer battle-history"><br></div><h2 class="battle-history">Turn 20</h2><div class="spacer battle-history"><br></div><div class="battle-history">The opposing Manaphy used <strong>Tail Glow</strong>!<br></div><div class="battle-history"><small>The opposing Manaphy's Special Attack rose drastically!</small><br></div><div class="spacer battle-history"><br></div><div class="battle-history">Gliscor used <strong>Taunt</strong>!<br></div><div class="battle-history"><small>The opposing Manaphy fell for the taunt!</small><br></div><div class="spacer battle-history"><br></div><div class="battle-history"><small>[Gliscor's Poison Heal]</small><br><small>Gliscor restored its HP.</small><br></div><div class="spacer battle-history"><br></div><h2 class="battle-history">Turn 21</h2><div class="spacer battle-history"><br></div><div class="battle-history">The opposing Manaphy used <strong>Surf</strong>!<br></div><div class="battle-history"><small>It's super effective!</small><br></div><div class="battle-history"><small>A critical hit!</small><br></div><div class="battle-history"><small>(Gliscor lost <abbr title="−119/354">33.6%</abbr> of its health!)</small><br></div><div class="spacer battle-history"><br></div><div class="battle-history">Gliscor fainted!<br></div><div class="spacer battle-history"><br></div><div class="battle-history">Go! <strong>Clefable</strong>!<br></div><div class="spacer battle-history"><br></div><h2 class="battle-history">Turn 22</h2><div class="spacer battle-history"><br></div><div class="battle-history">The opposing Manaphy used <strong>Surf</strong>!<br></div><div class="battle-history"><small>(Clefable lost <abbr title="−394/394">100%</abbr> of its health!)</small><br></div><div class="spacer battle-history"><br></div><div class="battle-history">Clefable fainted!<br></div><div class="spacer battle-history"><br></div><div class="battle-history">Go! <strong>Toxapex</strong>!<br></div><div class="spacer battle-history"><br></div><h2 class="battle-history">Turn 23</h2><div class="spacer battle-history"><br></div><div class="battle-history">The opposing Manaphy used <strong>Psychic</strong>!<br></div><div class="battle-history"><small>It's super effective!</small><br></div><div class="battle-history"><small>(Toxapex lost <abbr title="−302/304">99.3%</abbr> of its health!)</small><br></div><div class="spacer battle-history"><br></div><div class="battle-history">Toxapex used <strong>Toxic</strong>!<br></div><div class="battle-history"><small>The opposing Manaphy was badly poisoned!</small><br></div><div class="spacer battle-history"><br></div><div class="battle-history"><small>Toxapex restored a little HP using its Black Sludge!</small><br></div><div class="battle-history"><small>The opposing Manaphy was hurt by poison!</small><br></div><div class="battle-history"><small>The opposing Manaphy's taunt wore off!</small><br></div><div class="spacer battle-history"><br></div><h2 class="battle-history">Turn 24</h2><div class="spacer battle-history"><br></div><div class="battle-history">The opposing Manaphy used <strong>Surf</strong>!<br></div><div class="battle-history"><small>It's not very effective...</small><br></div><div class="battle-history"><small>(Toxapex lost <abbr title="−21/304">6.9%</abbr> of its health!)</small><br></div><div class="spacer battle-history"><br></div><div class="battle-history">Toxapex fainted!<br></div><div class="spacer battle-history"><br></div><div class="battle-history"><small>The opposing Manaphy restored a little HP using its Leftovers!</small><br></div><div class="battle-history"><small>The opposing Manaphy was hurt by poison!</small><br></div><div class="spacer battle-history"><br></div><div class="battle-history">Go! <strong>Jirachi</strong>!<br></div><div class="spacer battle-history"><br></div><h2 class="battle-history">Turn 25</h2><div class="spacer battle-history"><br></div><div class="battle-history">The opposing Manaphy used <strong>Surf</strong>!<br></div><div class="battle-history"><small>(Jirachi lost <abbr title="−225/404">55.7%</abbr> of its health!)</small><br></div><div class="spacer battle-history"><br></div><div class="battle-history">Jirachi used <strong>Wish</strong>!<br></div><div class="spacer battle-history"><br></div><div class="battle-history"><small>The opposing Manaphy restored a little HP using its Leftovers!</small><br></div><div class="battle-history"><small>Jirachi restored a little HP using its Leftovers!</small><br></div><div class="battle-history"><small>The opposing Manaphy was hurt by poison!</small><br></div><div class="spacer battle-history"><br></div><h2 class="battle-history">Turn 26</h2><div class="spacer battle-history"><br></div><div class="battle-history">The opposing Manaphy used <strong>Tail Glow</strong>!<br></div><div class="battle-history"><small>The opposing Manaphy's Special Attack rose drastically!</small><br></div><div class="spacer battle-history"><br></div><div class="battle-history">Jirachi used <strong>Iron Head</strong>!<br></div><div class="battle-history"><small>It's not very effective...</small><br></div><div class="battle-history"><small>(The opposing Manaphy lost <abbr title="−48/341">14.1%</abbr> of its health!)</small><br></div><div class="spacer battle-history"><br></div><div class="battle-history"><small>Jirachi's wish came true!</small><br></div><div class="battle-history"><small>The opposing Manaphy restored a little HP using its Leftovers!</small><br></div><div class="battle-history"><small>The opposing Manaphy was hurt by poison!</small><br></div><div class="spacer battle-history"><br></div><h2 class="battle-history">Turn 27</h2><div class="spacer battle-history"><br></div><div class="battle-history">The opposing Manaphy used <strong>Surf</strong>!<br></div><div class="battle-history"><small>(Jirachi lost <abbr title="−404/404">100%</abbr> of its health!)</small><br></div><div class="spacer battle-history"><br></div><div class="battle-history">Jirachi fainted!<br></div><div class="spacer battle-history"><br></div><div class="battle-history"><strong>Derriels</strong> won the battle!<br></div><div class="chat chatmessage-derriels"><strong style="color:hsl(211,76%,44%)"><small>☆</small><span class="username" data-name="Derriels">Derriels</span>:</strong> <em>gg</em></div></div><div class="inner-preempt"></div></div></div>
</div>
<script>
let daily = Math.floor(Date.now()/1000/60/60/24);document.write('<script src="https://play.pokemonshowdown.com/js/replay-embed.js?version'+daily+'"></'+'script>');
</script>
