<!DOCTYPE html>
<meta charset="utf-8" />
<!-- version 1 -->
<title>OU replay: Zero243 vs. Abyss Morningstar</title>
<style>
html,body {font-family:Verdana, sans-serif;font-size:10pt;margin:0;padding:0;}body{padding:12px 0;} .battle-log {font-family:Verdana, sans-serif;font-size:10pt;} .battle-log-inline {border:1px solid #AAAAAA;background:#EEF2F5;color:black;max-width:640px;margin:0 auto 80px;padding-bottom:5px;} .battle-log .inner {padding:4px 8px 0px 8px;} .battle-log .inner-preempt {padding:0 8px 4px 8px;} .battle-log .inner-after {margin-top:0.5em;} .battle-log h2 {margin:0.5em -8px;padding:4px 8px;border:1px solid #AAAAAA;background:#E0E7EA;border-left:0;border-right:0;font-family:Verdana, sans-serif;font-size:13pt;} .battle-log .chat {vertical-align:middle;padding:3px 0 3px 0;font-size:8pt;} .battle-log .chat strong {color:#40576A;} .battle-log .chat em {padding:1px 4px 1px 3px;color:#000000;font-style:normal;} .chat.mine {background:rgba(0,0,0,0.05);margin-left:-8px;margin-right:-8px;padding-left:8px;padding-right:8px;} .spoiler {color:#BBBBBB;background:#BBBBBB;padding:0px 3px;} .spoiler:hover, .spoiler:active, .spoiler-shown {color:#000000;background:#E2E2E2;padding:0px 3px;} .spoiler a {color:#BBBBBB;} .spoiler:hover a, .spoiler:active a, .spoiler-shown a {color:#2288CC;} .chat code, .chat .spoiler:hover code, .chat .spoiler:active code, .chat .spoiler-shown code {border:1px solid #C0C0C0;background:#EEEEEE;color:black;padding:0 2px;} .chat .spoiler code {border:1px solid #CCCCCC;background:#CCCCCC;color:#CCCCCC;} .battle-log .rated {padding:3px 4px;} .battle-log .rated strong {color:white;background:#89A;padding:1px 4px;border-radius:4px;} .spacer {margin-top:0.5em;} .message-announce {background:#6688AA;color:white;padding:1px 4px 2px;} .message-announce a, .broadcast-green a, .broadcast-blue a, .broadcast-red a {color:#DDEEFF;} .broadcast-green {background-color:#559955;color:white;padding:2px 4px;} .broadcast-blue {background-color:#6688AA;color:white;padding:2px 4px;} .infobox {border:1px solid #6688AA;padding:2px 4px;} .infobox-limited {max-height:200px;overflow:auto;overflow-x:hidden;} .broadcast-red {background-color:#AA5544;color:white;padding:2px 4px;} .message-learn-canlearn {font-weight:bold;color:#228822;text-decoration:underline;} .message-learn-cannotlearn {font-weight:bold;color:#CC2222;text-decoration:underline;} .message-effect-weak {font-weight:bold;color:#CC2222;} .message-effect-resist {font-weight:bold;color:#6688AA;} .message-effect-immune {font-weight:bold;color:#666666;} .message-learn-list {margin-top:0;margin-bottom:0;} .message-throttle-notice, .message-error {color:#992222;} .message-overflow, .chat small.message-overflow {font-size:0pt;} .message-overflow::before {font-size:9pt;content:'...';} .subtle {color:#3A4A66;}
</style>
<div class="wrapper replay-wrapper" style="max-width:1180px;margin:0 auto">
<input type="hidden" name="replayid" value="destiny-ou-489141" />
<div class="battle"></div><div class="battle-log"></div><div class="replay-controls"></div><div class="replay-controls-2"></div>
<h1 style="font-weight:normal;text-align:center"><strong>OU</strong><br /><a href="http://pokemonshowdown.com/users/zero243" class="subtle" target="_blank">Zero243</a> vs. <a href="http://pokemonshowdown.com/users/abyssmorningstar" class="subtle" target="_blank">Abyss Morningstar</a></h1>
<script type="text/plain" class="battle-log-data">|unlink|||tour
|player|p1|Zero243|169
|teamsize|p1|6
|player|p2|Abyss Morningstar|lodadicire-3.gif?6499ac7f
|teamsize|p2|6
|teamsize|p1|6
|teamsize|p2|6
|gametype|singles
|gen|7
|tier|OU
|seed|20538,50199,40253,39405
|rule|Cláusula-Mod de Dormir: solo puedes dormir a uno de tus oponentes a la vez.
|rule|Cláusula de Especie: Hasta un Pokémon de cada especie
|rule|Cláusula de Golpe Fulminante: los movimientos fulminantes (OHKO) estan prohibidos
|rule|Cláusula de Veleta: la habilidad Veleta está prohibida
|rule|Cláusula de Movimientos Evasivos: los movimientos de Evasión están prohibidos.
|rule|Cláusula de Batallas Eternas: forzar batallas eternas está prohibido
|clearpoke
|poke|p1|Heatran, M|item
|poke|p1|Rotom-Wash|item
|poke|p1|Tapu Bulu|item
|poke|p1|Landorus-Therian, M|item
|poke|p1|Magnezone|item
|poke|p1|Latios, M|item
|poke|p2|Mawile, F|item
|poke|p2|Tapu Lele|item
|poke|p2|Greninja, M|item
|poke|p2|Ferrothorn, M|item
|poke|p2|Landorus-Therian, M, shiny|item
|poke|p2|Latios, M|item
|teampreview|undefined
|choice|*|*team 321456
|choice|*team 213456|*
|choice|team 2, 1, 3, 4, 5, 6|team 3, 2, 1, 4, 5, 6
|
|start
|switch|p1a: Rotom|Rotom-Wash|303\/303
|switch|p2a: Greninja|Greninja, M|285\/285
|turn|1
|choice|*move 2|*
|choice|*|*move 1
|choice|move voltswitch|move uturn
|
|move|p2a: Greninja|U-turn|p1a: Rotom
|-start|p2a: Greninja|typechange|Bug|[from] Protean
|-damage|p1a: Rotom|249\/303
|choice|*|*switch 4
|choice||switch 4
|
|switch|p2a: Ferrothorn|Ferrothorn, M|352\/352|[from]move: U-turn
|move|p1a: Rotom|Volt Switch|p2a: Ferrothorn
|-resisted|p2a: Ferrothorn
|-damage|p2a: Ferrothorn|324\/352
|choice|*switch 2|*
|choice|switch 2|
|
|switch|p1a: Heatran|Heatran, M|386\/386|[from]move: Volt Switch
|
|-heal|p2a: Ferrothorn|346\/352|[from] item: Leftovers
|upkeep
|turn|2
|choice|*move 1|*
|choice|*|*move 1
|choice|move magmastorm|move stealthrock
|
|move|p1a: Heatran|Magma Storm|p2a: Ferrothorn
|-supereffective|p2a: Ferrothorn
|-damage|p2a: Ferrothorn|0 fnt
|faint|p2a: Ferrothorn
|
|upkeep
|choice|*|*switch 5
|choice||switch 5
|
|switch|p2a: Landorus|Landorus-Therian, M, shiny|319\/319
|-ability|p2a: Landorus|Intimidate|boost
|-unboost|p1a: Heatran|atk|1
|turn|3
|choice|*|*move 2
|choice|*|*move 1
|choice|*switch 6|*
|choice|switch 6|move swordsdance
|
|switch|p1a: Latios|Latios, M|301\/301
|move|p2a: Landorus|Swords Dance|p2a: Landorus
|-boost|p2a: Landorus|atk|2
|
|upkeep
|turn|4
|choice|*|*switch 3
|choice|*move 3 mega|*
|choice|move icebeam mega|switch 3
|
|switch|p2a: Mawile|Mawile, F|242\/242
|-mega|p1a: Latios|Latios|Latiosite
|detailschange|p1a: Latios|Latios-Mega, M
|move|p1a: Latios|Ice Beam|p2a: Mawile
|-resisted|p2a: Mawile
|-damage|p2a: Mawile|135\/242
|
|upkeep
|turn|5
|choice|*|*move 4 mega
|choice|*move 2|*
|choice|move earthquake|move knockoff mega
|
|-mega|p2a: Mawile|Mawile|Mawilite
|detailschange|p2a: Mawile|Mawile-Mega, F
|move|p1a: Latios|Earthquake|p2a: Mawile
|-supereffective|p2a: Mawile
|-damage|p2a: Mawile|0 fnt
|faint|p2a: Mawile
|
|upkeep
|player|p2|
|player|p2|Abyss Morningstar|lodadicire-3.gif?6499ac7f
|c|☆Abyss Morningstar|weno
|c|☆Abyss Morningstar|que bonita cogida
|choice|*|*switch 2
|choice||switch 2
|
|switch|p2a: Tapu Lele|Tapu Lele|282\/282
|-fieldstart|move: Psychic Terrain|[from] ability: Psychic Surge|[of] p2a: Tapu Lele
|turn|6
|choice|*|*move 3
|choice|*switch 5|*
|choice|switch 5|move moonblast
|
|switch|p1a: Magnezone|Magnezone|281\/281
|move|p2a: Tapu Lele|Moonblast|p1a: Magnezone
|-resisted|p1a: Magnezone
|-damage|p1a: Magnezone|185\/281
|-unboost|p1a: Magnezone|spa|1
|
|upkeep
|turn|7
|choice|*|*switch 3
|choice|*move 1|*
|choice|move substitute|switch 3
|
|switch|p2a: Landorus|Landorus-Therian, M, shiny|319\/319
|-ability|p2a: Landorus|Intimidate|boost
|-unboost|p1a: Magnezone|atk|1
|move|p1a: Magnezone|Substitute|p1a: Magnezone
|-start|p1a: Magnezone|Substitute
|-damage|p1a: Magnezone|115\/281
|
|upkeep
|turn|8
|choice|*|*move 2
|choice|*move 3|*
|choice|move flashcannon|move earthquake
|
|move|p2a: Landorus|Earthquake|p1a: Magnezone
|-supereffective|p1a: Magnezone
|-end|p1a: Magnezone|Substitute
|move|p1a: Magnezone|Flash Cannon|p2a: Landorus
|-damage|p2a: Landorus|204\/319
|
|upkeep
|turn|9
|choice|*|*move 3 zmove
|choice|*switch 2|*
|choice|switch 2|move fly zmove
|
|switch|p1a: Rotom|Rotom-Wash|249\/303
|-zpower|p2a: Landorus
|move|p2a: Landorus|Supersonic Skystrike|p1a: Rotom|[zeffect]
|-resisted|p1a: Rotom
|-damage|p1a: Rotom|119\/303
|
|-heal|p1a: Rotom|137\/303|[from] item: Leftovers
|upkeep
|turn|10
|choice|*|*switch 6
|choice|*move 4|*
|choice|move painsplit|switch 6
|
|switch|p2a: Latios|Latios, M|301\/301
|move|p1a: Rotom|Pain Split|p2a: Latios
|-sethp|p2a: Latios|219\/301|p1a: Rotom|219\/303|[from] move: Pain Split
|
|-heal|p1a: Rotom|237\/303|[from] item: Leftovers
|-fieldend|move: Psychic Terrain
|upkeep
|turn|11
|choice|*|*move 1
|choice|*move 2|*
|choice|move voltswitch|move calmmind
|
|move|p2a: Latios|Calm Mind|p2a: Latios
|-boost|p2a: Latios|spa|1
|-boost|p2a: Latios|spd|1
|move|p1a: Rotom|Volt Switch|p2a: Latios
|-resisted|p2a: Latios
|-damage|p2a: Latios|192\/301
|choice|*switch 4|*
|choice|switch 4|
|
|switch|p1a: Landorus|Landorus-Therian, M|339\/339|[from]move: Volt Switch
|-ability|p1a: Landorus|Intimidate|boost
|-unboost|p2a: Latios|atk|1
|
|upkeep
|turn|12
|choice|*move 2|*
|choice|*|*move 4
|choice|*move 2|*
|choice|move uturn|move recover
|
|move|p1a: Landorus|U-turn|p2a: Latios
|-supereffective|p2a: Latios
|-damage|p2a: Latios|0 fnt
|faint|p2a: Latios
|choice|*switch 3|*
|choice|switch 3|
|
|switch|p1a: Tapu Bulu|Tapu Bulu|343\/343|[from]move: U-turn
|-fieldstart|move: Grassy Terrain|[from] ability: Grassy Surge|[of] p1a: Tapu Bulu
|
|upkeep
|choice|*|*switch 4
|choice||switch 4
|
|switch|p2a: Greninja|Greninja, M|285\/285
|turn|13
|choice|*|*move 3
|choice|*move 2|*
|choice|move hornleech|move gunkshot
|
|move|p2a: Greninja|Gunk Shot|p1a: Tapu Bulu|[miss]
|-start|p2a: Greninja|typechange|Poison|[from] Protean
|-miss|p2a: Greninja|p1a: Tapu Bulu
|move|p1a: Tapu Bulu|Horn Leech|p2a: Greninja
|-resisted|p2a: Greninja
|-damage|p2a: Greninja|156\/285
|
|-heal|p2a: Greninja|173\/285|[from] Grassy Terrain
|upkeep
|turn|14
|-message|Abyss Morningstar se rindió.
|
|win|Zero243
</script>
</div>
<div class="battle-log battle-log-inline"><div class="inner"><div class="battle-options"></div><div class="inner"><div class=""><small>Format:</small> <br><strong>OU</strong></div><div class=""><small><em>Cláusula-Mod de Dormir:</em> solo puedes dormir a uno de tus oponentes a la vez.</small></div><div class=""><small><em>Cláusula de Especie:</em> Hasta un Pokémon de cada especie</small></div><div class=""><small><em>Cláusula de Golpe Fulminante:</em> los movimientos fulminantes (OHKO) estan prohibidos</small></div><div class=""><small><em>Cláusula de Veleta:</em> la habilidad Veleta está prohibida</small></div><div class=""><small><em>Cláusula de Movimientos Evasivos:</em> los movimientos de Evasión están prohibidos.</small></div><div class=""><small><em>Cláusula de Batallas Eternas:</em> forzar batallas eternas está prohibido</small></div><div class="chat battle-history"><strong>Zero243's team:</strong> <em style="color:#445566;display:block;">Heatran / Rotom-Wash / Tapu Bulu / Landorus-Therian / Magnezone / Latios</em></div><div class="chat battle-history"><strong>Abyss Morningstar's team:</strong> <em style="color:#445566;display:block;">Mawile / Tapu Lele / Greninja / Ferrothorn / Landorus-Therian / Latios</em></div><div class="spacer battle-history"><br></div><div class="battle-history">Battle started between Zero243 and Abyss Morningstar!<br></div><div class="spacer battle-history"><br></div><div class="battle-history">Go! Rotom (<strong>Rotom-Wash</strong>)!<br></div><div class="spacer battle-history"><br></div><div class="battle-history">Abyss Morningstar sent out <strong>Greninja</strong>!<br></div><div class="spacer battle-history"><br></div><h2 class="battle-history">Turn 1</h2><div class="spacer battle-history"><br></div><div class="battle-history">The opposing Greninja used <strong>U-turn</strong>!<br></div><div class="spacer battle-history"><br></div><div class="battle-history"><small>[The opposing Greninja's Protean]</small><br><small>The opposing Greninja transformed into the Bug type!</small><br></div><div class="battle-history"><small>(Rotom lost <abbr title="−54/303">17.8%</abbr> of its health!)</small><br></div><div class="spacer battle-history"><br></div><div class="battle-history">The opposing Greninja went back to Abyss Morningstar!<br></div><div class="battle-history">Abyss Morningstar sent out <strong>Ferrothorn</strong>!<br></div><div class="spacer battle-history"><br></div><div class="battle-history">Rotom used <strong>Volt Switch</strong>!<br></div><div class="battle-history"><small>It's not very effective...</small><br></div><div class="battle-history"><small>(The opposing Ferrothorn lost <abbr title="−28/352">8.0%</abbr> of its health!)</small><br></div><div class="spacer battle-history"><br></div><div class="battle-history">Rotom went back to Zero243!<br></div><div class="battle-history">Go! <strong>Heatran</strong>!<br></div><div class="spacer battle-history"><br></div><div class="battle-history"><small>The opposing Ferrothorn restored a little HP using its Leftovers!</small><br></div><div class="spacer battle-history"><br></div><h2 class="battle-history">Turn 2</h2><div class="spacer battle-history"><br></div><div class="battle-history">Heatran used <strong>Magma Storm</strong>!<br></div><div class="battle-history"><small>It's super effective!</small><br></div><div class="battle-history"><small>(The opposing Ferrothorn lost <abbr title="−346/352">98.3%</abbr> of its health!)</small><br></div><div class="spacer battle-history"><br></div><div class="battle-history">The opposing Ferrothorn fainted!<br></div><div class="spacer battle-history"><br></div><div class="battle-history">Abyss Morningstar sent out Landorus (<strong>Landorus-Therian</strong>)!<br></div><div class="battle-history"><small>[The opposing Landorus's Intimidate]</small><br></div><div class="battle-history"><small>Heatran's Attack fell!</small><br></div><div class="spacer battle-history"><br></div><h2 class="battle-history">Turn 3</h2><div class="spacer battle-history"><br></div><div class="battle-history">Heatran, come back!<br></div><div class="battle-history">Go! <strong>Latios</strong>!<br></div><div class="spacer battle-history"><br></div><div class="battle-history">The opposing Landorus used <strong>Swords Dance</strong>!<br></div><div class="battle-history"><small>The opposing Landorus's Attack rose sharply!</small><br></div><div class="spacer battle-history"><br></div><h2 class="battle-history">Turn 4</h2><div class="spacer battle-history"><br></div><div class="battle-history">Abyss Morningstar withdrew Landorus!<br></div><div class="battle-history">Abyss Morningstar sent out <strong>Mawile</strong>!<br></div><div class="spacer battle-history"><br></div><div class="battle-history"><small>Latios's Latiosite is reacting to the Key Stone!</small><br>Latios has Mega Evolved into Mega Latios!<br></div><div class="spacer battle-history"><br></div><div class="battle-history">Latios used <strong>Ice Beam</strong>!<br></div><div class="battle-history"><small>It's not very effective...</small><br></div><div class="battle-history"><small>(The opposing Mawile lost <abbr title="−107/242">44.2%</abbr> of its health!)</small><br></div><div class="spacer battle-history"><br></div><h2 class="battle-history">Turn 5</h2><div class="spacer battle-history"><br></div><div class="battle-history"><small>The opposing Mawile's Mawilite is reacting to the Key Stone!</small><br>The opposing Mawile has Mega Evolved into Mega Mawile!<br></div><div class="spacer battle-history"><br></div><div class="battle-history">Latios used <strong>Earthquake</strong>!<br></div><div class="battle-history"><small>It's super effective!</small><br></div><div class="battle-history"><small>(The opposing Mawile lost <abbr title="−135/242">55.8%</abbr> of its health!)</small><br></div><div class="spacer battle-history"><br></div><div class="battle-history">The opposing Mawile fainted!<br></div><div class="chat chatmessage-abyssmorningstar"><strong style="color:hsl(206,55%,46.14676548381459%)"><small>☆</small><span class="username" data-name="Abyss Morningstar">Abyss Morningstar</span>:</strong> <em>weno</em></div><div class="chat chatmessage-abyssmorningstar"><strong style="color:hsl(206,55%,46.14676548381459%)"><small>☆</small><span class="username" data-name="Abyss Morningstar">Abyss Morningstar</span>:</strong> <em>que bonita cogida</em></div><div class="spacer battle-history"><br></div><div class="battle-history">Abyss Morningstar sent out <strong>Tapu Lele</strong>!<br></div><div class="battle-history"><small>[The opposing Tapu Lele's Psychic Surge]</small><br><small>The battlefield got weird!</small><br></div><div class="spacer battle-history"><br></div><h2 class="battle-history">Turn 6</h2><div class="spacer battle-history"><br></div><div class="battle-history">Latios, come back!<br></div><div class="battle-history">Go! <strong>Magnezone</strong>!<br></div><div class="spacer battle-history"><br></div><div class="battle-history">The opposing Tapu Lele used <strong>Moonblast</strong>!<br></div><div class="battle-history"><small>It's not very effective...</small><br></div><div class="battle-history"><small>(Magnezone lost <abbr title="−96/281">34.2%</abbr> of its health!)</small><br></div><div class="battle-history"><small>Magnezone's Special Attack fell!</small><br></div><div class="spacer battle-history"><br></div><h2 class="battle-history">Turn 7</h2><div class="spacer battle-history"><br></div><div class="battle-history">Abyss Morningstar withdrew Tapu Lele!<br></div><div class="battle-history">Abyss Morningstar sent out Landorus (<strong>Landorus-Therian</strong>)!<br></div><div class="battle-history"><small>[The opposing Landorus's Intimidate]</small><br></div><div class="battle-history"><small>Magnezone's Attack fell!</small><br></div><div class="spacer battle-history"><br></div><div class="battle-history">Magnezone used <strong>Substitute</strong>!<br></div><div class="battle-history"><small>Magnezone put in a substitute!</small><br></div><div class="battle-history"><small>(Magnezone lost <abbr title="−70/281">24.9%</abbr> of its health!)</small><br></div><div class="spacer battle-history"><br></div><h2 class="battle-history">Turn 8</h2><div class="spacer battle-history"><br></div><div class="battle-history">The opposing Landorus used <strong>Earthquake</strong>!<br></div><div class="battle-history"><small>It's super effective!</small><br></div><div class="battle-history"><small>Magnezone's substitute faded!</small><br></div><div class="spacer battle-history"><br></div><div class="battle-history">Magnezone used <strong>Flash Cannon</strong>!<br></div><div class="battle-history"><small>(The opposing Landorus lost <abbr title="−115/319">36.1%</abbr> of its health!)</small><br></div><div class="spacer battle-history"><br></div><h2 class="battle-history">Turn 9</h2><div class="spacer battle-history"><br></div><div class="battle-history">Magnezone, come back!<br></div><div class="battle-history">Go! Rotom (<strong>Rotom-Wash</strong>)!<br></div><div class="battle-history"><small>The opposing Landorus surrounded itself with its Z-Power!</small><br></div><div class="spacer battle-history"><br></div><div class="battle-history">The opposing Landorus used <strong>Supersonic Skystrike</strong>!<br></div><div class="battle-history"><small>It's not very effective...</small><br></div><div class="battle-history"><small>(Rotom lost <abbr title="−130/303">42.9%</abbr> of its health!)</small><br></div><div class="spacer battle-history"><br></div><div class="battle-history"><small>Rotom restored a little HP using its Leftovers!</small><br></div><div class="spacer battle-history"><br></div><h2 class="battle-history">Turn 10</h2><div class="spacer battle-history"><br></div><div class="battle-history">Abyss Morningstar withdrew Landorus!<br></div><div class="battle-history">Abyss Morningstar sent out <strong>Latios</strong>!<br></div><div class="spacer battle-history"><br></div><div class="battle-history">Rotom used <strong>Pain Split</strong>!<br></div><div class="battle-history"><small>The battlers shared their pain!</small><br></div><div class="spacer battle-history"><br></div><div class="battle-history"><small>Rotom restored a little HP using its Leftovers!</small><br></div><div class="battle-history"><small>The weirdness disappeared from the battlefield!</small><br></div><div class="spacer battle-history"><br></div><h2 class="battle-history">Turn 11</h2><div class="spacer battle-history"><br></div><div class="battle-history">The opposing Latios used <strong>Calm Mind</strong>!<br></div><div class="battle-history"><small>The opposing Latios's Special Attack rose!</small><br></div><div class="battle-history"><small>The opposing Latios's Special Defense rose!</small><br></div><div class="spacer battle-history"><br></div><div class="battle-history">Rotom used <strong>Volt Switch</strong>!<br></div><div class="battle-history"><small>It's not very effective...</small><br></div><div class="battle-history"><small>(The opposing Latios lost <abbr title="−27/301">9.0%</abbr> of its health!)</small><br></div><div class="spacer battle-history"><br></div><div class="battle-history">Rotom went back to Zero243!<br></div><div class="battle-history">Go! Landorus (<strong>Landorus-Therian</strong>)!<br></div><div class="battle-history"><small>[Landorus's Intimidate]</small><br></div><div class="battle-history"><small>The opposing Latios's Attack fell!</small><br></div><div class="spacer battle-history"><br></div><h2 class="battle-history">Turn 12</h2><div class="spacer battle-history"><br></div><div class="battle-history">Landorus used <strong>U-turn</strong>!<br></div><div class="battle-history"><small>It's super effective!</small><br></div><div class="battle-history"><small>(The opposing Latios lost <abbr title="−192/301">63.8%</abbr> of its health!)</small><br></div><div class="spacer battle-history"><br></div><div class="battle-history">The opposing Latios fainted!<br></div><div class="spacer battle-history"><br></div><div class="battle-history">Landorus went back to Zero243!<br></div><div class="battle-history">Go! <strong>Tapu Bulu</strong>!<br></div><div class="battle-history"><small>[Tapu Bulu's Grassy Surge]</small><br><small>Grass grew to cover the battlefield!</small><br></div><div class="spacer battle-history"><br></div><div class="battle-history">Abyss Morningstar sent out <strong>Greninja</strong>!<br></div><div class="spacer battle-history"><br></div><h2 class="battle-history">Turn 13</h2><div class="spacer battle-history"><br></div><div class="battle-history">The opposing Greninja used <strong>Gunk Shot</strong>!<br></div><div class="spacer battle-history"><br></div><div class="battle-history"><small>[The opposing Greninja's Protean]</small><br><small>The opposing Greninja transformed into the Poison type!</small><br></div><div class="battle-history"><small>Tapu Bulu avoided the attack!</small><br></div><div class="spacer battle-history"><br></div><div class="battle-history">Tapu Bulu used <strong>Horn Leech</strong>!<br></div><div class="battle-history"><small>It's not very effective...</small><br></div><div class="battle-history"><small>(The opposing Greninja lost <abbr title="−129/285">45.3%</abbr> of its health!)</small><br></div><div class="spacer battle-history"><br></div><div class="battle-history"><small>The opposing Greninja restored HP using its Grassy Terrain!</small><br></div><div class="spacer battle-history"><br></div><h2 class="battle-history">Turn 14</h2><div class="spacer battle-history"><br></div><div class="battle-history"><small>Abyss Morningstar se rindió.</small><br></div><div class="spacer battle-history"><br></div><div class="battle-history"><strong>Zero243</strong> won the battle!<br></div></div><div class="inner-preempt"></div></div></div>
</div>
<script>
let daily = Math.floor(Date.now()/1000/60/60/24);document.write('<script src="https://play.pokemonshowdown.com/js/replay-embed.js?version'+daily+'"></'+'script>');
</script>
