<!DOCTYPE html>
<meta charset="utf-8" />
<!-- version 1 -->
<title>OU replay: GrinchsBankAccount vs. ElAstete</title>
<style>
html,body {font-family:Verdana, sans-serif;font-size:10pt;margin:0;padding:0;}body{padding:12px 0;} .battle-log {font-family:Verdana, sans-serif;font-size:10pt;} .battle-log-inline {border:1px solid #AAAAAA;background:#EEF2F5;color:black;max-width:640px;margin:0 auto 80px;padding-bottom:5px;} .battle-log .inner {padding:4px 8px 0px 8px;} .battle-log .inner-preempt {padding:0 8px 4px 8px;} .battle-log .inner-after {margin-top:0.5em;} .battle-log h2 {margin:0.5em -8px;padding:4px 8px;border:1px solid #AAAAAA;background:#E0E7EA;border-left:0;border-right:0;font-family:Verdana, sans-serif;font-size:13pt;} .battle-log .chat {vertical-align:middle;padding:3px 0 3px 0;font-size:8pt;} .battle-log .chat strong {color:#40576A;} .battle-log .chat em {padding:1px 4px 1px 3px;color:#000000;font-style:normal;} .chat.mine {background:rgba(0,0,0,0.05);margin-left:-8px;margin-right:-8px;padding-left:8px;padding-right:8px;} .spoiler {color:#BBBBBB;background:#BBBBBB;padding:0px 3px;} .spoiler:hover, .spoiler:active, .spoiler-shown {color:#000000;background:#E2E2E2;padding:0px 3px;} .spoiler a {color:#BBBBBB;} .spoiler:hover a, .spoiler:active a, .spoiler-shown a {color:#2288CC;} .chat code, .chat .spoiler:hover code, .chat .spoiler:active code, .chat .spoiler-shown code {border:1px solid #C0C0C0;background:#EEEEEE;color:black;padding:0 2px;} .chat .spoiler code {border:1px solid #CCCCCC;background:#CCCCCC;color:#CCCCCC;} .battle-log .rated {padding:3px 4px;} .battle-log .rated strong {color:white;background:#89A;padding:1px 4px;border-radius:4px;} .spacer {margin-top:0.5em;} .message-announce {background:#6688AA;color:white;padding:1px 4px 2px;} .message-announce a, .broadcast-green a, .broadcast-blue a, .broadcast-red a {color:#DDEEFF;} .broadcast-green {background-color:#559955;color:white;padding:2px 4px;} .broadcast-blue {background-color:#6688AA;color:white;padding:2px 4px;} .infobox {border:1px solid #6688AA;padding:2px 4px;} .infobox-limited {max-height:200px;overflow:auto;overflow-x:hidden;} .broadcast-red {background-color:#AA5544;color:white;padding:2px 4px;} .message-learn-canlearn {font-weight:bold;color:#228822;text-decoration:underline;} .message-learn-cannotlearn {font-weight:bold;color:#CC2222;text-decoration:underline;} .message-effect-weak {font-weight:bold;color:#CC2222;} .message-effect-resist {font-weight:bold;color:#6688AA;} .message-effect-immune {font-weight:bold;color:#666666;} .message-learn-list {margin-top:0;margin-bottom:0;} .message-throttle-notice, .message-error {color:#992222;} .message-overflow, .chat small.message-overflow {font-size:0pt;} .message-overflow::before {font-size:9pt;content:'...';} .subtle {color:#3A4A66;}
</style>
<div class="wrapper replay-wrapper" style="max-width:1180px;margin:0 auto">
<input type="hidden" name="replayid" value="destiny-ou-439750" />
<div class="battle"></div><div class="battle-log"></div><div class="replay-controls"></div><div class="replay-controls-2"></div>
<h1 style="font-weight:normal;text-align:center"><strong>OU</strong><br /><a href="http://pokemonshowdown.com/users/grinchsbankaccount" class="subtle" target="_blank">GrinchsBankAccount</a> vs. <a href="http://pokemonshowdown.com/users/elastete" class="subtle" target="_blank">ElAstete</a></h1>
<script type="text/plain" class="battle-log-data">|player|p1|GrinchsBankAccount|20
|teamsize|p1|6
|player|p2|ElAstete|153
|teamsize|p2|6
|teamsize|p1|6
|teamsize|p2|6
|gametype|singles
|gen|7
|tier|OU
|rated
|seed|52404,64074,64500,43997
|rule|Cláusula-Mod de Dormir: solo puedes dormir a uno de tus oponentes a la vez.
|rule|Cláusula de Especie: Hasta un Pokémon de cada especie
|rule|Cláusula de Golpe Fulminante: los movimientos fulminantes (OHKO) estan prohibidos
|rule|Cláusula de Veleta: la habilidad Veleta está prohibida
|rule|Cláusula de Movimientos Evasivos: los movimientos de Evasión están prohibidos.
|rule|Cláusula de Batallas Eternas: forzar batallas eternas está prohibido
|clearpoke
|poke|p1|Palossand, M|item
|poke|p1|Cobalion|item
|poke|p1|Druddigon, F|item
|poke|p1|Talonflame, M|item
|poke|p1|Rotom-Wash|item
|poke|p1|Drapion, F|item
|poke|p2|Charizard, M|item
|poke|p2|Zeraora|item
|poke|p2|Celesteela|item
|poke|p2|Chansey, F|item
|poke|p2|Landorus-Therian, M|item
|poke|p2|Mimikyu, F|item
|teampreview|undefined
|choice|*|*team 321456
|choice|*team 321456|*
|choice|team 3, 2, 1, 4, 5, 6|team 3, 2, 1, 4, 5, 6
|
|start
|switch|p1a: Druddigon|Druddigon, F|358\/358
|switch|p2a: Celesteela|Celesteela|398\/398
|turn|1
|inactive|Reloj de batalla ENCENDIDO. El jugador inactivo será descalificado (solicitado por GrinchsBankAccount).
|choice|*move 3|*
|inactive|ElAstete tiene 135 segundos restantes.
|choice|*|*move 1
|choice|move stealthrock|move leechseed
|
|move|p2a: Celesteela|Leech Seed|p1a: Druddigon
|-start|p1a: Druddigon|move: Leech Seed
|move|p1a: Druddigon|Stealth Rock|p2a: Celesteela
|-sidestart|p2: ElAstete|move: Stealth Rock
|
|-damage|p1a: Druddigon|314\/358|[from] Leech Seed|[of] p2a: Celesteela
|upkeep
|turn|2
|choice|*switch 4|*
|choice|*|*move 2
|choice|switch 4|move toxic
|
|switch|p1a: Talonflame|Talonflame, M|297\/297
|move|p2a: Celesteela|Toxic|p1a: Talonflame
|-status|p1a: Talonflame|tox
|-enditem|p1a: Talonflame|Lum Berry|[eat]
|-curestatus|p1a: Talonflame|tox|[msg]
|
|upkeep
|turn|3
|choice|*move 2|*
|choice|*|*move 2
|choice|move taunt|move toxic
|
|move|p1a: Talonflame|Taunt|p2a: Celesteela
|-start|p2a: Celesteela|move: Taunt
|cant|p2a: Celesteela|move: Taunt|Toxic
|
|upkeep
|turn|4
|choice|*move 3|*
|inactive|ElAstete tiene 135 segundos restantes.
|choice|*|*switch 5
|choice|move willowisp|switch 5
|
|switch|p2a: Landorus|Landorus-Therian, M|319\/319
|-damage|p2a: Landorus|280\/319|[from] Stealth Rock
|-ability|p2a: Landorus|Intimidate|boost
|-unboost|p1a: Talonflame|atk|1
|-item|p2a: Landorus|Air Balloon
|move|p1a: Talonflame|Will-O-Wisp|p2a: Landorus
|-status|p2a: Landorus|brn
|
|-damage|p2a: Landorus|261\/319 brn|[from] brn
|upkeep
|turn|5
|choice|*move 2|*
|inactive|ElAstete tiene 135 segundos restantes.
|c|☆GrinchsBankAccount|hurry up
|inactive|ElAstete tiene 120 segundos restantes.
|choice|*|*move 4
|choice|move taunt|move stealthrock
|
|move|p1a: Talonflame|Taunt|p2a: Landorus
|-start|p2a: Landorus|move: Taunt
|cant|p2a: Landorus|move: Taunt|Stealth Rock
|
|-damage|p2a: Landorus|242\/319 brn|[from] brn
|upkeep
|turn|6
|choice|*move 1|*
|choice|*|*switch 5
|choice|move bravebird|switch 5
|
|switch|p2a: Celesteela|Celesteela|398\/398
|-damage|p2a: Celesteela|349\/398|[from] Stealth Rock
|move|p1a: Talonflame|Brave Bird|p2a: Celesteela
|-resisted|p2a: Celesteela
|-damage|p2a: Celesteela|310\/398
|-damage|p1a: Talonflame|284\/297|[from] recoil
|
|-heal|p2a: Celesteela|334\/398|[from] item: Leftovers
|upkeep
|turn|7
|choice|*move 2|*
|choice|*|*move 1
|choice|move taunt|move leechseed
|
|move|p1a: Talonflame|Taunt|p2a: Celesteela
|-start|p2a: Celesteela|move: Taunt
|cant|p2a: Celesteela|move: Taunt|Leech Seed
|
|-heal|p2a: Celesteela|358\/398|[from] item: Leftovers
|upkeep
|turn|8
|choice|*move 3|*
|inactive|ElAstete tiene 135 segundos restantes.
|choice|*|*switch 5
|choice|move willowisp|switch 5
|
|switch|p2a: Landorus|Landorus-Therian, M|242\/319 brn
|-damage|p2a: Landorus|203\/319 brn|[from] Stealth Rock
|-ability|p2a: Landorus|Intimidate|boost
|-unboost|p1a: Talonflame|atk|1
|-item|p2a: Landorus|Air Balloon
|move|p1a: Talonflame|Will-O-Wisp|p2a: Landorus
|-fail|p2a: Landorus|brn
|
|-damage|p2a: Landorus|184\/319 brn|[from] brn
|upkeep
|turn|9
|choice|*move 2|*
|choice|*|*move 4
|choice|move taunt|move stealthrock
|
|move|p1a: Talonflame|Taunt|p2a: Landorus
|-start|p2a: Landorus|move: Taunt
|cant|p2a: Landorus|move: Taunt|Stealth Rock
|
|-damage|p2a: Landorus|165\/319 brn|[from] brn
|upkeep
|turn|10
|choice|*|*move 1
|choice|*move 1|*
|choice|move bravebird|move knockoff
|
|move|p1a: Talonflame|Brave Bird|p2a: Landorus
|-damage|p2a: Landorus|75\/319 brn
|-enditem|p2a: Landorus|Air Balloon
|-damage|p1a: Talonflame|254\/297|[from] recoil
|move|p2a: Landorus|Knock Off|p1a: Talonflame
|-damage|p1a: Talonflame|198\/297
|
|-damage|p2a: Landorus|56\/319 brn|[from] brn
|upkeep
|turn|11
|choice|*move 1|*
|choice|*|*switch 4
|choice|move bravebird|switch 4
|
|switch|p2a: Chansey|Chansey, F|703\/703
|-damage|p2a: Chansey|616\/703|[from] Stealth Rock
|move|p1a: Talonflame|Brave Bird|p2a: Chansey
|-damage|p2a: Chansey|513\/703
|-damage|p1a: Talonflame|164\/297|[from] recoil
|
|upkeep
|turn|12
|choice|*move 2|*
|choice|*|*move 2
|choice|move taunt|move healbell
|
|move|p1a: Talonflame|Taunt|p2a: Chansey
|-start|p2a: Chansey|move: Taunt
|cant|p2a: Chansey|move: Taunt|Heal Bell
|
|upkeep
|turn|13
|choice|*move 4|*
|choice|*|*switch 2
|choice|move roost|switch 2
|
|switch|p2a: Zeraora|Zeraora|317\/317
|-damage|p2a: Zeraora|278\/317|[from] Stealth Rock
|move|p1a: Talonflame|Roost|p1a: Talonflame
|-heal|p1a: Talonflame|297\/297
|
|upkeep
|turn|14
|choice|*switch 4|*
|choice|*|*move 1
|choice|switch 4|move plasmafists
|
|switch|p1a: Druddigon|Druddigon, F|314\/358
|move|p2a: Zeraora|Plasma Fists|p1a: Druddigon
|-resisted|p1a: Druddigon
|-damage|p1a: Druddigon|240\/358
|-damage|p2a: Zeraora|239\/317|[from] ability: Rough Skin|[of] p1a: Druddigon
|-damage|p2a: Zeraora|187\/317|[from] item: Rocky Helmet|[of] p1a: Druddigon
|-fieldactivate|move: Ion Deluge
|-damage|p2a: Zeraora|156\/317|[from] item: Life Orb
|
|upkeep
|turn|15
|inactive|GrinchsBankAccount tiene 135 segundos restantes.
|inactive|ElAstete tiene 135 segundos restantes.
|choice|*|*switch 6
|choice|*move 1|*
|choice|move dragontail|switch 6
|
|switch|p2a: Mimikyu|Mimikyu, F|251\/251
|-damage|p2a: Mimikyu|220\/251|[from] Stealth Rock
|move|p1a: Druddigon|Dragon Tail|p2a: Mimikyu
|-immune|p2a: Mimikyu|[msg]
|
|upkeep
|turn|16
|choice|*move 2|*
|choice|*|*move 1 zmove
|choice|move earthquake|move playrough zmove
|
|-zpower|p2a: Mimikyu
|move|p2a: Mimikyu|Let's Snuggle Forever|p1a: Druddigon|[zeffect]
|-supereffective|p1a: Druddigon
|-damage|p1a: Druddigon|0 fnt
|-damage|p2a: Mimikyu|189\/251|[from] ability: Rough Skin|[of] p1a: Druddigon
|-damage|p2a: Mimikyu|148\/251|[from] item: Rocky Helmet|[of] p1a: Druddigon
|faint|p1a: Druddigon
|
|upkeep
|choice|*switch 4|*
|choice|switch 4|
|
|switch|p1a: Talonflame|Talonflame, M|297\/297
|turn|17
|choice|*move 3|*
|inactive|ElAstete tiene 135 segundos restantes.
|choice|*|*move 2
|choice|move willowisp|move swordsdance
|
|move|p1a: Talonflame|Will-O-Wisp|p2a: Mimikyu
|-status|p2a: Mimikyu|brn
|move|p2a: Mimikyu|Swords Dance|p2a: Mimikyu
|-boost|p2a: Mimikyu|atk|2
|
|-damage|p2a: Mimikyu|133\/251 brn|[from] brn
|upkeep
|turn|18
|choice|*move 2|*
|choice|*|*move 1
|choice|move taunt|move playrough
|
|move|p1a: Talonflame|Taunt|p2a: Mimikyu
|-start|p2a: Mimikyu|move: Taunt
|move|p2a: Mimikyu|Play Rough|p1a: Talonflame
|-resisted|p1a: Talonflame
|-damage|p1a: Talonflame|217\/297
|
|-damage|p2a: Mimikyu|118\/251 brn|[from] brn
|upkeep
|turn|19
|choice|*|*move 4
|choice|*move 1|*
|choice|move bravebird|move drainpunch
|
|move|p1a: Talonflame|Brave Bird|p2a: Mimikyu
|-activate|p2a: Mimikyu|ability: Disguise
|-damage|p2a: Mimikyu|118\/251 brn
|detailschange|p2a: Mimikyu|Mimikyu-Busted, F
|move|p2a: Mimikyu|Drain Punch|p1a: Talonflame
|-resisted|p1a: Talonflame
|-damage|p1a: Talonflame|172\/297
|-heal|p2a: Mimikyu|141\/251 brn|[from] drain|[of] p1a: Talonflame
|
|-damage|p2a: Mimikyu|126\/251 brn|[from] brn
|upkeep
|turn|20
|choice|*move 1|*
|choice|*|*move 3
|choice|move bravebird|move shadowsneak
|
|move|p2a: Mimikyu|Shadow Sneak|p1a: Talonflame
|-damage|p1a: Talonflame|95\/297
|move|p1a: Talonflame|Brave Bird|p2a: Mimikyu
|-damage|p2a: Mimikyu|0 fnt
|-damage|p1a: Talonflame|53\/297|[from] recoil
|faint|p2a: Mimikyu
|
|upkeep
|choice|*|*switch 6
|choice||switch 6
|
|switch|p2a: Zeraora|Zeraora|156\/317
|-damage|p2a: Zeraora|117\/317|[from] Stealth Rock
|turn|21
|choice|*|*move 4
|choice|*switch 3|*
|choice|switch 3|move fakeout
|
|switch|p1a: Palossand|Palossand, M|341\/341
|move|p2a: Zeraora|Fake Out|p1a: Palossand
|-immune|p1a: Palossand|[msg]
|
|upkeep
|turn|22
|choice|*|*move 3
|choice|*move 2|*
|choice|move shadowball|move knockoff
|
|move|p2a: Zeraora|Knock Off|p1a: Palossand
|-supereffective|p1a: Palossand
|-damage|p1a: Palossand|76\/341
|-enditem|p1a: Palossand|Passho Berry|[from] move: Knock Off|[of] p2a: Zeraora
|-damage|p2a: Zeraora|86\/317|[from] item: Life Orb
|move|p1a: Palossand|Shadow Ball|p2a: Zeraora
|-crit|p2a: Zeraora
|-damage|p2a: Zeraora|0 fnt
|faint|p2a: Zeraora
|
|upkeep
|choice|*|*switch 4
|choice||switch 4
|
|switch|p2a: Landorus|Landorus-Therian, M|56\/319 brn
|-damage|p2a: Landorus|17\/319 brn|[from] Stealth Rock
|-ability|p2a: Landorus|Intimidate|boost
|-unboost|p1a: Palossand|atk|1
|turn|23
|choice|*|*move 4
|choice|*move 4|*
|choice|move shoreup|move stealthrock
|
|move|p2a: Landorus|Stealth Rock|p1a: Palossand
|-sidestart|p1: GrinchsBankAccount|move: Stealth Rock
|move|p1a: Palossand|Shore Up|p1a: Palossand
|-heal|p1a: Palossand|246\/341
|
|-damage|p2a: Landorus|0 fnt|[from] brn
|upkeep
|faint|p2a: Landorus
|inactive|ElAstete tiene 135 segundos restantes.
|inactive|ElAstete tiene 120 segundos restantes.
|choice|*|*switch 5
|choice||switch 5
|
|switch|p2a: Celesteela|Celesteela|358\/398
|-damage|p2a: Celesteela|309\/398|[from] Stealth Rock
|turn|24
|choice|*|*move 1
|choice|*|*move 2
|choice|*move 2|*
|choice|move shadowball|move toxic
|
|move|p2a: Celesteela|Toxic|p1a: Palossand
|-status|p1a: Palossand|tox
|move|p1a: Palossand|Shadow Ball|p2a: Celesteela
|-damage|p2a: Celesteela|176\/398
|
|-heal|p2a: Celesteela|200\/398|[from] item: Leftovers
|-damage|p1a: Palossand|225\/341 tox|[from] psn
|upkeep
|turn|25
|choice|*switch 6|*
|inactive|ElAstete tiene 135 segundos restantes.
|choice|*|*move 1
|choice|switch 6|move leechseed
|
|switch|p1a: Drapion|Drapion, F|343\/343
|-damage|p1a: Drapion|301\/343|[from] Stealth Rock
|move|p2a: Celesteela|Leech Seed|p1a: Drapion
|-start|p1a: Drapion|move: Leech Seed
|
|-heal|p1a: Drapion|322\/343|[from] item: Black Sludge
|-heal|p2a: Celesteela|224\/398|[from] item: Leftovers
|-damage|p1a: Drapion|280\/343|[from] Leech Seed|[of] p2a: Celesteela
|-heal|p2a: Celesteela|266\/398|[silent]
|upkeep
|turn|26
|choice|*move 1|*
|choice|*|*switch 2
|choice|move knockoff|switch 2
|
|switch|p2a: Chansey|Chansey, F|513\/703
|-damage|p2a: Chansey|426\/703|[from] Stealth Rock
|move|p1a: Drapion|Knock Off|p2a: Chansey
|-damage|p2a: Chansey|288\/703
|-enditem|p2a: Chansey|Eviolite|[from] move: Knock Off|[of] p1a: Drapion
|
|-heal|p1a: Drapion|301\/343|[from] item: Black Sludge
|-damage|p1a: Drapion|259\/343|[from] Leech Seed|[of] p2a: Chansey
|-heal|p2a: Chansey|330\/703|[silent]
|upkeep
|turn|27
|choice|*|*move 1
|inactive|GrinchsBankAccount tiene 135 segundos restantes.
|choice|*move 3|*
|choice|move toxicspikes|move softboiled
|
|move|p1a: Drapion|Toxic Spikes|p2a: Chansey
|-sidestart|p2: ElAstete|move: Toxic Spikes
|move|p2a: Chansey|Soft-Boiled|p2a: Chansey
|-heal|p2a: Chansey|682\/703
|
|-heal|p1a: Drapion|280\/343|[from] item: Black Sludge
|-damage|p1a: Drapion|238\/343|[from] Leech Seed|[of] p2a: Chansey
|-heal|p2a: Chansey|703\/703|[silent]
|upkeep
|turn|28
|inactive|GrinchsBankAccount tiene 135 segundos restantes.
|inactive|ElAstete tiene 135 segundos restantes.
|choice|*|*switch 2
|choice|*switch 6|*
|choice|switch 6|switch 2
|
|switch|p1a: Palossand|Palossand, M|225\/341 tox
|-damage|p1a: Palossand|204\/341 tox|[from] Stealth Rock
|switch|p2a: Celesteela|Celesteela|266\/398
|-damage|p2a: Celesteela|217\/398|[from] Stealth Rock
|
|-heal|p2a: Celesteela|241\/398|[from] item: Leftovers
|-damage|p1a: Palossand|183\/341 tox|[from] psn
|upkeep
|turn|29
|choice|*move 2|*
|inactive|ElAstete tiene 135 segundos restantes.
|inactive|ElAstete tiene 120 segundos restantes.
|choice|*|*move 4
|choice|move shadowball|move gigadrain
|
|move|p2a: Celesteela|Giga Drain|p1a: Palossand
|-supereffective|p1a: Palossand
|-damage|p1a: Palossand|49\/341 tox
|-heal|p2a: Celesteela|308\/398|[from] drain|[of] p1a: Palossand
|move|p1a: Palossand|Shadow Ball|p2a: Celesteela
|-damage|p2a: Celesteela|173\/398
|
|-heal|p2a: Celesteela|197\/398|[from] item: Leftovers
|-damage|p1a: Palossand|7\/341 tox|[from] psn
|upkeep
|turn|30
|choice|*|*move 3
|choice|*move 2|*
|choice|move shadowball|move protect
|
|move|p2a: Celesteela|Protect|p2a: Celesteela
|-singleturn|p2a: Celesteela|Protect
|move|p1a: Palossand|Shadow Ball|p2a: Celesteela
|-activate|p2a: Celesteela|move: Protect
|
|-heal|p2a: Celesteela|221\/398|[from] item: Leftovers
|-damage|p1a: Palossand|0 fnt|[from] psn
|upkeep
|faint|p1a: Palossand
|inactive|GrinchsBankAccount tiene 135 segundos restantes.
|inactive|GrinchsBankAccount tiene 120 segundos restantes.
|c|☆GrinchsBankAccount|It's insane you literally just keep stalling me out when you have like no idea what you're really doing.
|choice|*switch 5|*
|choice|switch 5|
|
|switch|p1a: Rotom|Rotom-Wash|304\/304
|-damage|p1a: Rotom|266\/304|[from] Stealth Rock
|turn|31
|choice|*|*move 1
|choice|*move 1|*
|choice|move voltswitch|move leechseed
|
|move|p1a: Rotom|Volt Switch|p2a: Celesteela
|-supereffective|p2a: Celesteela
|-damage|p2a: Celesteela|53\/398
|choice|*switch 3|*
|choice|switch 3|
|
|switch|p1a: Talonflame|Talonflame, M|53\/297|[from]move: Volt Switch
|-damage|p1a: Talonflame|0 fnt|[from] Stealth Rock
|faint|p1a: Talonflame
|move|p2a: Celesteela|Leech Seed|p1: Talonflame|[notarget]
|-notarget
|
|-heal|p2a: Celesteela|77\/398|[from] item: Leftovers
|upkeep
|choice|*switch 3|*
|choice|switch 3|
|
|switch|p1a: Rotom|Rotom-Wash|266\/304
|-damage|p1a: Rotom|228\/304|[from] Stealth Rock
|turn|32
|choice|*move 1|*
|choice|*|*move 3
|choice|move voltswitch|move protect
|
|move|p2a: Celesteela|Protect|p2a: Celesteela
|-singleturn|p2a: Celesteela|Protect
|move|p1a: Rotom|Volt Switch|p2a: Celesteela
|-activate|p2a: Celesteela|move: Protect
|
|-heal|p1a: Rotom|247\/304|[from] item: Leftovers
|-heal|p2a: Celesteela|101\/398|[from] item: Leftovers
|upkeep
|turn|33
|choice|*move 1|*
|choice|*|*switch 2
|choice|move voltswitch|switch 2
|
|switch|p2a: Chansey|Chansey, F|703\/703
|-damage|p2a: Chansey|616\/703|[from] Stealth Rock
|-status|p2a: Chansey|psn
|move|p1a: Rotom|Volt Switch|p2a: Chansey
|-damage|p2a: Chansey|535\/703 psn
|choice|*switch 2|*
|choice|switch 2|
|
|switch|p1a: Cobalion|Cobalion|324\/324|[from]move: Volt Switch
|-damage|p1a: Cobalion|314\/324|[from] Stealth Rock
|
|-damage|p2a: Chansey|448\/703 psn|[from] psn
|upkeep
|turn|34
|choice|*move 2|*
|inactive|ElAstete tiene 135 segundos restantes.
|choice|*|*move 2
|choice|move focusblast|move healbell
|
|move|p1a: Cobalion|Focus Blast|p2a: Chansey|[miss]
|-miss|p1a: Cobalion|p2a: Chansey
|move|p2a: Chansey|Heal Bell|p2a: Chansey
|-activate|p2a: Chansey|move: Heal Bell
|-curestatus|p2a: Chansey|psn|[msg]
|
|upkeep
|turn|35
|choice|*|*move 1
|choice|*move 2|*
|choice|move focusblast|move softboiled
|
|move|p1a: Cobalion|Focus Blast|p2a: Chansey
|-supereffective|p2a: Chansey
|-damage|p2a: Chansey|154\/703
|move|p2a: Chansey|Soft-Boiled|p2a: Chansey
|-heal|p2a: Chansey|506\/703
|
|upkeep
|turn|36
|choice|*move 2|*
|choice|*switch 6|*
|choice|*|*move 4
|choice|switch 6|move toxic
|
|switch|p1a: Drapion|Drapion, F|238\/343
|-damage|p1a: Drapion|196\/343|[from] Stealth Rock
|move|p2a: Chansey|Toxic|p1a: Drapion
|-immune|p1a: Drapion|[msg]
|
|-heal|p1a: Drapion|217\/343|[from] item: Black Sludge
|upkeep
|turn|37
|choice|*move 4|*
|inactive|ElAstete tiene 135 segundos restantes.
|choice|*|*switch 3
|choice|move whirlwind|switch 3
|
|switch|p2a: Charizard|Charizard, M|297\/297
|-damage|p2a: Charizard|149\/297|[from] Stealth Rock
|move|p1a: Drapion|Whirlwind|p2a: Charizard
|drag|p2a: Chansey|Chansey, F|506\/703
|-damage|p2a: Chansey|419\/703|[from] Stealth Rock
|-status|p2a: Chansey|psn
|
|-heal|p1a: Drapion|238\/343|[from] item: Black Sludge
|-damage|p2a: Chansey|332\/703 psn|[from] psn
|upkeep
|turn|38
|inactive|GrinchsBankAccount tiene 135 segundos restantes.
|inactive|ElAstete tiene 135 segundos restantes.
|-message|ElAstete se rindió.
|
|win|GrinchsBankAccount
GrinchsBankAccount ha ganado 8 PokeDolares.
|raw|Puntaje de GrinchsBankAccount: 1322 &rarr; <strong>1333<\/strong><br \/>(+11 por ganar)
|raw|Puntaje de ElAstete: 1095 &rarr; <strong>1089<\/strong><br \/>(-6 por perder)
</script>
</div>
<div class="battle-log battle-log-inline"><div class="inner"><div class="battle-options"></div><div class="inner"><div class=""><small>Format:</small> <br><strong>OU</strong></div><div class="rated"><strong>Rated battle</strong></div><div class=""><small><em>Cláusula-Mod de Dormir:</em> solo puedes dormir a uno de tus oponentes a la vez.</small></div><div class=""><small><em>Cláusula de Especie:</em> Hasta un Pokémon de cada especie</small></div><div class=""><small><em>Cláusula de Golpe Fulminante:</em> los movimientos fulminantes (OHKO) estan prohibidos</small></div><div class=""><small><em>Cláusula de Veleta:</em> la habilidad Veleta está prohibida</small></div><div class=""><small><em>Cláusula de Movimientos Evasivos:</em> los movimientos de Evasión están prohibidos.</small></div><div class=""><small><em>Cláusula de Batallas Eternas:</em> forzar batallas eternas está prohibido</small></div><div class="chat battle-history"><strong>GrinchsBankAccount's team:</strong> <em style="color:#445566;display:block;">Palossand / Cobalion / Druddigon / Talonflame / Rotom-Wash / Drapion</em></div><div class="chat battle-history"><strong>ElAstete's team:</strong> <em style="color:#445566;display:block;">Charizard / Zeraora / Celesteela / Chansey / Landorus-Therian / Mimikyu</em></div><div class="spacer battle-history"><br></div><div class="battle-history">Battle started between GrinchsBankAccount and ElAstete!<br></div><div class="spacer battle-history"><br></div><div class="battle-history">Go! <strong>Druddigon</strong>!<br></div><div class="spacer battle-history"><br></div><div class="battle-history">ElAstete sent out <strong>Celesteela</strong>!<br></div><div class="spacer battle-history"><br></div><h2 class="battle-history">Turn 1</h2><div class="chat message-error">Reloj de batalla ENCENDIDO. El jugador inactivo será descalificado (solicitado por GrinchsBankAccount).</div><div class="chat message-error">ElAstete tiene 135 segundos restantes.</div><div class="spacer battle-history"><br></div><div class="battle-history">The opposing Celesteela used <strong>Leech Seed</strong>!<br></div><div class="battle-history"><small>Druddigon was seeded!</small><br></div><div class="spacer battle-history"><br></div><div class="battle-history">Druddigon used <strong>Stealth Rock</strong>!<br></div><div class="battle-history"><small>Pointed stones float in the air around the opposing team!</small><br></div><div class="spacer battle-history"><br></div><div class="battle-history"><small>Druddigon's health is sapped by Leech Seed!</small><br></div><div class="spacer battle-history"><br></div><h2 class="battle-history">Turn 2</h2><div class="spacer battle-history"><br></div><div class="battle-history">Druddigon, come back!<br></div><div class="battle-history">Go! <strong>Talonflame</strong>!<br></div><div class="spacer battle-history"><br></div><div class="battle-history">The opposing Celesteela used <strong>Toxic</strong>!<br></div><div class="battle-history"><small>Talonflame was badly poisoned!</small><br></div><div class="battle-history"><small>Talonflame ate its Lum Berry!</small><br></div><div class="battle-history"><small>Talonflame was cured of its poisoning.</small><br></div><div class="spacer battle-history"><br></div><h2 class="battle-history">Turn 3</h2><div class="spacer battle-history"><br></div><div class="battle-history">Talonflame used <strong>Taunt</strong>!<br></div><div class="battle-history"><small>The opposing Celesteela fell for the taunt!</small><br></div><div class="spacer battle-history"><br></div><div class="battle-history">The opposing Celesteela can't use Toxic after the taunt!<br></div><div class="spacer battle-history"><br></div><h2 class="battle-history">Turn 4</h2><div class="chat message-error">ElAstete tiene 135 segundos restantes.</div><div class="spacer battle-history"><br></div><div class="battle-history">ElAstete withdrew Celesteela!<br></div><div class="battle-history">ElAstete sent out Landorus (<strong>Landorus-Therian</strong>)!<br></div><div class="battle-history"><small>Pointed stones dug into the opposing Landorus!</small><br></div><div class="battle-history"><small>[The opposing Landorus's Intimidate]</small><br></div><div class="battle-history"><small>Talonflame's Attack fell!</small><br></div><div class="battle-history"><small>The opposing Landorus floats in the air with its Air Balloon!</small><br></div><div class="spacer battle-history"><br></div><div class="battle-history">Talonflame used <strong>Will-O-Wisp</strong>!<br></div><div class="battle-history"><small>The opposing Landorus was burned!</small><br></div><div class="spacer battle-history"><br></div><div class="battle-history"><small>The opposing Landorus was hurt by its burn!</small><br></div><div class="spacer battle-history"><br></div><h2 class="battle-history">Turn 5</h2><div class="chat message-error">ElAstete tiene 135 segundos restantes.</div><div class="chat chatmessage-grinchsbankaccount"><strong style="color:hsl(66,89%,32.40688125084617%)"><small>☆</small><span class="username" data-name="GrinchsBankAccount">GrinchsBankAccount</span>:</strong> <em>hurry up</em></div><div class="chat message-error">ElAstete tiene 120 segundos restantes.</div><div class="spacer battle-history"><br></div><div class="battle-history">Talonflame used <strong>Taunt</strong>!<br></div><div class="battle-history"><small>The opposing Landorus fell for the taunt!</small><br></div><div class="spacer battle-history"><br></div><div class="battle-history">The opposing Landorus can't use Stealth Rock after the taunt!<br></div><div class="spacer battle-history"><br></div><div class="battle-history"><small>The opposing Landorus was hurt by its burn!</small><br></div><div class="spacer battle-history"><br></div><h2 class="battle-history">Turn 6</h2><div class="spacer battle-history"><br></div><div class="battle-history">ElAstete withdrew Landorus!<br></div><div class="battle-history">ElAstete sent out <strong>Celesteela</strong>!<br></div><div class="battle-history"><small>Pointed stones dug into the opposing Celesteela!</small><br></div><div class="spacer battle-history"><br></div><div class="battle-history">Talonflame used <strong>Brave Bird</strong>!<br></div><div class="battle-history"><small>It's not very effective...</small><br></div><div class="battle-history"><small>(The opposing Celesteela lost <abbr title="−39/398">9.8%</abbr> of its health!)</small><br></div><div class="battle-history"><small>Talonflame is damaged by the recoil!</small><br></div><div class="spacer battle-history"><br></div><div class="battle-history"><small>The opposing Celesteela restored a little HP using its Leftovers!</small><br></div><div class="spacer battle-history"><br></div><h2 class="battle-history">Turn 7</h2><div class="spacer battle-history"><br></div><div class="battle-history">Talonflame used <strong>Taunt</strong>!<br></div><div class="battle-history"><small>The opposing Celesteela fell for the taunt!</small><br></div><div class="spacer battle-history"><br></div><div class="battle-history">The opposing Celesteela can't use Leech Seed after the taunt!<br></div><div class="spacer battle-history"><br></div><div class="battle-history"><small>The opposing Celesteela restored a little HP using its Leftovers!</small><br></div><div class="spacer battle-history"><br></div><h2 class="battle-history">Turn 8</h2><div class="chat message-error">ElAstete tiene 135 segundos restantes.</div><div class="spacer battle-history"><br></div><div class="battle-history">ElAstete withdrew Celesteela!<br></div><div class="battle-history">ElAstete sent out Landorus (<strong>Landorus-Therian</strong>)!<br></div><div class="battle-history"><small>Pointed stones dug into the opposing Landorus!</small><br></div><div class="battle-history"><small>[The opposing Landorus's Intimidate]</small><br></div><div class="battle-history"><small>Talonflame's Attack fell!</small><br></div><div class="battle-history"><small>The opposing Landorus floats in the air with its Air Balloon!</small><br></div><div class="spacer battle-history"><br></div><div class="battle-history">Talonflame used <strong>Will-O-Wisp</strong>!<br></div><div class="battle-history"><small>The opposing Landorus already has a burn.</small><br></div><div class="spacer battle-history"><br></div><div class="battle-history"><small>The opposing Landorus was hurt by its burn!</small><br></div><div class="spacer battle-history"><br></div><h2 class="battle-history">Turn 9</h2><div class="spacer battle-history"><br></div><div class="battle-history">Talonflame used <strong>Taunt</strong>!<br></div><div class="battle-history"><small>The opposing Landorus fell for the taunt!</small><br></div><div class="spacer battle-history"><br></div><div class="battle-history">The opposing Landorus can't use Stealth Rock after the taunt!<br></div><div class="spacer battle-history"><br></div><div class="battle-history"><small>The opposing Landorus was hurt by its burn!</small><br></div><div class="spacer battle-history"><br></div><h2 class="battle-history">Turn 10</h2><div class="spacer battle-history"><br></div><div class="battle-history">Talonflame used <strong>Brave Bird</strong>!<br></div><div class="battle-history"><small>(The opposing Landorus lost <abbr title="−90/319">28.2%</abbr> of its health!)</small><br></div><div class="battle-history"><small>The opposing Landorus's Air Balloon popped!</small><br></div><div class="battle-history"><small>Talonflame is damaged by the recoil!</small><br></div><div class="spacer battle-history"><br></div><div class="battle-history">The opposing Landorus used <strong>Knock Off</strong>!<br></div><div class="battle-history"><small>(Talonflame lost <abbr title="−56/297">18.9%</abbr> of its health!)</small><br></div><div class="spacer battle-history"><br></div><div class="battle-history"><small>The opposing Landorus was hurt by its burn!</small><br></div><div class="spacer battle-history"><br></div><h2 class="battle-history">Turn 11</h2><div class="spacer battle-history"><br></div><div class="battle-history">ElAstete withdrew Landorus!<br></div><div class="battle-history">ElAstete sent out <strong>Chansey</strong>!<br></div><div class="battle-history"><small>Pointed stones dug into the opposing Chansey!</small><br></div><div class="spacer battle-history"><br></div><div class="battle-history">Talonflame used <strong>Brave Bird</strong>!<br></div><div class="battle-history"><small>(The opposing Chansey lost <abbr title="−103/703">14.7%</abbr> of its health!)</small><br></div><div class="battle-history"><small>Talonflame is damaged by the recoil!</small><br></div><div class="spacer battle-history"><br></div><h2 class="battle-history">Turn 12</h2><div class="spacer battle-history"><br></div><div class="battle-history">Talonflame used <strong>Taunt</strong>!<br></div><div class="battle-history"><small>The opposing Chansey fell for the taunt!</small><br></div><div class="spacer battle-history"><br></div><div class="battle-history">The opposing Chansey can't use Heal Bell after the taunt!<br></div><div class="spacer battle-history"><br></div><h2 class="battle-history">Turn 13</h2><div class="spacer battle-history"><br></div><div class="battle-history">ElAstete withdrew Chansey!<br></div><div class="battle-history">ElAstete sent out <strong>Zeraora</strong>!<br></div><div class="battle-history"><small>Pointed stones dug into the opposing Zeraora!</small><br></div><div class="spacer battle-history"><br></div><div class="battle-history">Talonflame used <strong>Roost</strong>!<br></div><div class="battle-history"><small>Talonflame restored its HP.</small><br></div><div class="spacer battle-history"><br></div><h2 class="battle-history">Turn 14</h2><div class="spacer battle-history"><br></div><div class="battle-history">Talonflame, come back!<br></div><div class="battle-history">Go! <strong>Druddigon</strong>!<br></div><div class="spacer battle-history"><br></div><div class="battle-history">The opposing Zeraora used <strong>Plasma Fists</strong>!<br></div><div class="battle-history"><small>It's not very effective...</small><br></div><div class="battle-history"><small>(Druddigon lost <abbr title="−74/358">20.7%</abbr> of its health!)</small><br></div><div class="battle-history"><small>[Druddigon's Rough Skin]</small><br><small>The opposing Zeraora was hurt!</small><br></div><div class="battle-history"><small>The opposing Zeraora was hurt by the Rocky Helmet!</small><br></div><div class="battle-history"><small>A deluge of ions showers the battlefield!</small><br></div><div class="battle-history"><small>The opposing Zeraora lost some of its HP!</small><br></div><div class="spacer battle-history"><br></div><h2 class="battle-history">Turn 15</h2><div class="chat message-error">GrinchsBankAccount tiene 135 segundos restantes.</div><div class="chat message-error">ElAstete tiene 135 segundos restantes.</div><div class="spacer battle-history"><br></div><div class="battle-history">ElAstete withdrew Zeraora!<br></div><div class="battle-history">ElAstete sent out <strong>Mimikyu</strong>!<br></div><div class="battle-history"><small>Pointed stones dug into the opposing Mimikyu!</small><br></div><div class="spacer battle-history"><br></div><div class="battle-history">Druddigon used <strong>Dragon Tail</strong>!<br></div><div class="battle-history"><small>It doesn't affect the opposing Mimikyu...</small><br></div><div class="spacer battle-history"><br></div><h2 class="battle-history">Turn 16</h2><div class="spacer battle-history"><br></div><div class="battle-history"><small>The opposing Mimikyu surrounded itself with its Z-Power!</small><br></div><div class="spacer battle-history"><br></div><div class="battle-history">The opposing Mimikyu used <strong>Let's Snuggle Forever</strong>!<br></div><div class="battle-history"><small>It's super effective!</small><br></div><div class="battle-history"><small>(Druddigon lost <abbr title="−240/358">67.0%</abbr> of its health!)</small><br></div><div class="battle-history"><small>[Druddigon's Rough Skin]</small><br><small>The opposing Mimikyu was hurt!</small><br></div><div class="battle-history"><small>The opposing Mimikyu was hurt by the Rocky Helmet!</small><br></div><div class="spacer battle-history"><br></div><div class="battle-history">Druddigon fainted!<br></div><div class="spacer battle-history"><br></div><div class="battle-history">Go! <strong>Talonflame</strong>!<br></div><div class="spacer battle-history"><br></div><h2 class="battle-history">Turn 17</h2><div class="chat message-error">ElAstete tiene 135 segundos restantes.</div><div class="spacer battle-history"><br></div><div class="battle-history">Talonflame used <strong>Will-O-Wisp</strong>!<br></div><div class="battle-history"><small>The opposing Mimikyu was burned!</small><br></div><div class="spacer battle-history"><br></div><div class="battle-history">The opposing Mimikyu used <strong>Swords Dance</strong>!<br></div><div class="battle-history"><small>The opposing Mimikyu's Attack rose sharply!</small><br></div><div class="spacer battle-history"><br></div><div class="battle-history"><small>The opposing Mimikyu was hurt by its burn!</small><br></div><div class="spacer battle-history"><br></div><h2 class="battle-history">Turn 18</h2><div class="spacer battle-history"><br></div><div class="battle-history">Talonflame used <strong>Taunt</strong>!<br></div><div class="battle-history"><small>The opposing Mimikyu fell for the taunt!</small><br></div><div class="spacer battle-history"><br></div><div class="battle-history">The opposing Mimikyu used <strong>Play Rough</strong>!<br></div><div class="battle-history"><small>It's not very effective...</small><br></div><div class="battle-history"><small>(Talonflame lost <abbr title="−80/297">26.9%</abbr> of its health!)</small><br></div><div class="spacer battle-history"><br></div><div class="battle-history"><small>The opposing Mimikyu was hurt by its burn!</small><br></div><div class="spacer battle-history"><br></div><h2 class="battle-history">Turn 19</h2><div class="spacer battle-history"><br></div><div class="battle-history">Talonflame used <strong>Brave Bird</strong>!<br></div><div class="battle-history"><small>[The opposing Mimikyu's Disguise]</small><br><small>Its disguise served it as a decoy!</small><br></div><div class="battle-history"><small>(The opposing Mimikyu lost <abbr title="0/251">0%</abbr> of its health!)</small><br></div><div class="battle-history">The opposing Mimikyu's disguise was busted!<br></div><div class="spacer battle-history"><br></div><div class="battle-history">The opposing Mimikyu used <strong>Drain Punch</strong>!<br></div><div class="battle-history"><small>It's not very effective...</small><br></div><div class="battle-history"><small>(Talonflame lost <abbr title="−45/297">15.2%</abbr> of its health!)</small><br></div><div class="battle-history"><small>Talonflame had its energy drained!</small><br></div><div class="spacer battle-history"><br></div><div class="battle-history"><small>The opposing Mimikyu was hurt by its burn!</small><br></div><div class="spacer battle-history"><br></div><h2 class="battle-history">Turn 20</h2><div class="spacer battle-history"><br></div><div class="battle-history">The opposing Mimikyu used <strong>Shadow Sneak</strong>!<br></div><div class="battle-history"><small>(Talonflame lost <abbr title="−77/297">25.9%</abbr> of its health!)</small><br></div><div class="spacer battle-history"><br></div><div class="battle-history">Talonflame used <strong>Brave Bird</strong>!<br></div><div class="battle-history"><small>(The opposing Mimikyu lost <abbr title="−126/251">50.2%</abbr> of its health!)</small><br></div><div class="battle-history"><small>Talonflame is damaged by the recoil!</small><br></div><div class="spacer battle-history"><br></div><div class="battle-history">The opposing Mimikyu fainted!<br></div><div class="spacer battle-history"><br></div><div class="battle-history">ElAstete sent out <strong>Zeraora</strong>!<br></div><div class="battle-history"><small>Pointed stones dug into the opposing Zeraora!</small><br></div><div class="spacer battle-history"><br></div><h2 class="battle-history">Turn 21</h2><div class="spacer battle-history"><br></div><div class="battle-history">Talonflame, come back!<br></div><div class="battle-history">Go! <strong>Palossand</strong>!<br></div><div class="spacer battle-history"><br></div><div class="battle-history">The opposing Zeraora used <strong>Fake Out</strong>!<br></div><div class="battle-history"><small>It doesn't affect Palossand...</small><br></div><div class="spacer battle-history"><br></div><h2 class="battle-history">Turn 22</h2><div class="spacer battle-history"><br></div><div class="battle-history">The opposing Zeraora used <strong>Knock Off</strong>!<br></div><div class="battle-history"><small>It's super effective!</small><br></div><div class="battle-history"><small>(Palossand lost <abbr title="−265/341">77.7%</abbr> of its health!)</small><br></div><div class="battle-history"><small>The opposing Zeraora knocked off Palossand's Passho Berry!</small><br></div><div class="battle-history"><small>The opposing Zeraora lost some of its HP!</small><br></div><div class="spacer battle-history"><br></div><div class="battle-history">Palossand used <strong>Shadow Ball</strong>!<br></div><div class="battle-history"><small>A critical hit!</small><br></div><div class="battle-history"><small>(The opposing Zeraora lost <abbr title="−86/317">27.1%</abbr> of its health!)</small><br></div><div class="spacer battle-history"><br></div><div class="battle-history">The opposing Zeraora fainted!<br></div><div class="spacer battle-history"><br></div><div class="battle-history">ElAstete sent out Landorus (<strong>Landorus-Therian</strong>)!<br></div><div class="battle-history"><small>Pointed stones dug into the opposing Landorus!</small><br></div><div class="battle-history"><small>[The opposing Landorus's Intimidate]</small><br></div><div class="battle-history"><small>Palossand's Attack fell!</small><br></div><div class="spacer battle-history"><br></div><h2 class="battle-history">Turn 23</h2><div class="spacer battle-history"><br></div><div class="battle-history">The opposing Landorus used <strong>Stealth Rock</strong>!<br></div><div class="battle-history"><small>Pointed stones float in the air around your team!</small><br></div><div class="spacer battle-history"><br></div><div class="battle-history">Palossand used <strong>Shore Up</strong>!<br></div><div class="battle-history"><small>Palossand restored its HP.</small><br></div><div class="spacer battle-history"><br></div><div class="battle-history"><small>The opposing Landorus was hurt by its burn!</small><br></div><div class="spacer battle-history"><br></div><div class="battle-history">The opposing Landorus fainted!<br></div><div class="chat message-error">ElAstete tiene 135 segundos restantes.</div><div class="chat message-error">ElAstete tiene 120 segundos restantes.</div><div class="spacer battle-history"><br></div><div class="battle-history">ElAstete sent out <strong>Celesteela</strong>!<br></div><div class="battle-history"><small>Pointed stones dug into the opposing Celesteela!</small><br></div><div class="spacer battle-history"><br></div><h2 class="battle-history">Turn 24</h2><div class="spacer battle-history"><br></div><div class="battle-history">The opposing Celesteela used <strong>Toxic</strong>!<br></div><div class="battle-history"><small>Palossand was badly poisoned!</small><br></div><div class="spacer battle-history"><br></div><div class="battle-history">Palossand used <strong>Shadow Ball</strong>!<br></div><div class="battle-history"><small>(The opposing Celesteela lost <abbr title="−133/398">33.4%</abbr> of its health!)</small><br></div><div class="spacer battle-history"><br></div><div class="battle-history"><small>The opposing Celesteela restored a little HP using its Leftovers!</small><br></div><div class="battle-history"><small>Palossand was hurt by poison!</small><br></div><div class="spacer battle-history"><br></div><h2 class="battle-history">Turn 25</h2><div class="chat message-error">ElAstete tiene 135 segundos restantes.</div><div class="spacer battle-history"><br></div><div class="battle-history">Palossand, come back!<br></div><div class="battle-history">Go! <strong>Drapion</strong>!<br></div><div class="battle-history"><small>Pointed stones dug into Drapion!</small><br></div><div class="spacer battle-history"><br></div><div class="battle-history">The opposing Celesteela used <strong>Leech Seed</strong>!<br></div><div class="battle-history"><small>Drapion was seeded!</small><br></div><div class="spacer battle-history"><br></div><div class="battle-history"><small>Drapion restored a little HP using its Black Sludge!</small><br></div><div class="battle-history"><small>The opposing Celesteela restored a little HP using its Leftovers!</small><br></div><div class="battle-history"><small>Drapion's health is sapped by Leech Seed!</small><br></div><div class="spacer battle-history"><br></div><h2 class="battle-history">Turn 26</h2><div class="spacer battle-history"><br></div><div class="battle-history">ElAstete withdrew Celesteela!<br></div><div class="battle-history">ElAstete sent out <strong>Chansey</strong>!<br></div><div class="battle-history"><small>Pointed stones dug into the opposing Chansey!</small><br></div><div class="spacer battle-history"><br></div><div class="battle-history">Drapion used <strong>Knock Off</strong>!<br></div><div class="battle-history"><small>(The opposing Chansey lost <abbr title="−138/703">19.6%</abbr> of its health!)</small><br></div><div class="battle-history"><small>Drapion knocked off the opposing Chansey's Eviolite!</small><br></div><div class="spacer battle-history"><br></div><div class="battle-history"><small>Drapion restored a little HP using its Black Sludge!</small><br></div><div class="battle-history"><small>Drapion's health is sapped by Leech Seed!</small><br></div><div class="spacer battle-history"><br></div><h2 class="battle-history">Turn 27</h2><div class="chat message-error">GrinchsBankAccount tiene 135 segundos restantes.</div><div class="spacer battle-history"><br></div><div class="battle-history">Drapion used <strong>Toxic Spikes</strong>!<br></div><div class="battle-history"><small>Poison spikes were scattered on the ground all around the opposing team!</small><br></div><div class="spacer battle-history"><br></div><div class="battle-history">The opposing Chansey used <strong>Soft-Boiled</strong>!<br></div><div class="battle-history"><small>The opposing Chansey restored its HP.</small><br></div><div class="spacer battle-history"><br></div><div class="battle-history"><small>Drapion restored a little HP using its Black Sludge!</small><br></div><div class="battle-history"><small>Drapion's health is sapped by Leech Seed!</small><br></div><div class="spacer battle-history"><br></div><h2 class="battle-history">Turn 28</h2><div class="chat message-error">GrinchsBankAccount tiene 135 segundos restantes.</div><div class="chat message-error">ElAstete tiene 135 segundos restantes.</div><div class="spacer battle-history"><br></div><div class="battle-history">Drapion, come back!<br></div><div class="battle-history">Go! <strong>Palossand</strong>!<br></div><div class="battle-history"><small>Pointed stones dug into Palossand!</small><br></div><div class="spacer battle-history"><br></div><div class="battle-history">ElAstete withdrew Chansey!<br></div><div class="battle-history">ElAstete sent out <strong>Celesteela</strong>!<br></div><div class="battle-history"><small>Pointed stones dug into the opposing Celesteela!</small><br></div><div class="spacer battle-history"><br></div><div class="battle-history"><small>The opposing Celesteela restored a little HP using its Leftovers!</small><br></div><div class="battle-history"><small>Palossand was hurt by poison!</small><br></div><div class="spacer battle-history"><br></div><h2 class="battle-history">Turn 29</h2><div class="chat message-error">ElAstete tiene 135 segundos restantes.</div><div class="chat message-error">ElAstete tiene 120 segundos restantes.</div><div class="spacer battle-history"><br></div><div class="battle-history">The opposing Celesteela used <strong>Giga Drain</strong>!<br></div><div class="battle-history"><small>It's super effective!</small><br></div><div class="battle-history"><small>(Palossand lost <abbr title="−134/341">39.3%</abbr> of its health!)</small><br></div><div class="battle-history"><small>Palossand had its energy drained!</small><br></div><div class="spacer battle-history"><br></div><div class="battle-history">Palossand used <strong>Shadow Ball</strong>!<br></div><div class="battle-history"><small>(The opposing Celesteela lost <abbr title="−135/398">33.9%</abbr> of its health!)</small><br></div><div class="spacer battle-history"><br></div><div class="battle-history"><small>The opposing Celesteela restored a little HP using its Leftovers!</small><br></div><div class="battle-history"><small>Palossand was hurt by poison!</small><br></div><div class="spacer battle-history"><br></div><h2 class="battle-history">Turn 30</h2><div class="spacer battle-history"><br></div><div class="battle-history">The opposing Celesteela used <strong>Protect</strong>!<br></div><div class="battle-history"><small>The opposing Celesteela protected itself!</small><br></div><div class="spacer battle-history"><br></div><div class="battle-history">Palossand used <strong>Shadow Ball</strong>!<br></div><div class="battle-history"><small>The opposing Celesteela protected itself!</small><br></div><div class="spacer battle-history"><br></div><div class="battle-history"><small>The opposing Celesteela restored a little HP using its Leftovers!</small><br></div><div class="battle-history"><small>Palossand was hurt by poison!</small><br></div><div class="spacer battle-history"><br></div><div class="battle-history">Palossand fainted!<br></div><div class="chat message-error">GrinchsBankAccount tiene 135 segundos restantes.</div><div class="chat message-error">GrinchsBankAccount tiene 120 segundos restantes.</div><div class="chat chatmessage-grinchsbankaccount"><strong style="color:hsl(66,89%,32.40688125084617%)"><small>☆</small><span class="username" data-name="GrinchsBankAccount">GrinchsBankAccount</span>:</strong> <em>It's insane you literally just keep stalling me out when you have like no idea what you're really doing.</em></div><div class="spacer battle-history"><br></div><div class="battle-history">Go! Rotom (<strong>Rotom-Wash</strong>)!<br></div><div class="battle-history"><small>Pointed stones dug into Rotom!</small><br></div><div class="spacer battle-history"><br></div><h2 class="battle-history">Turn 31</h2><div class="spacer battle-history"><br></div><div class="battle-history">Rotom used <strong>Volt Switch</strong>!<br></div><div class="battle-history"><small>It's super effective!</small><br></div><div class="battle-history"><small>(The opposing Celesteela lost <abbr title="−168/398">42.2%</abbr> of its health!)</small><br></div><div class="spacer battle-history"><br></div><div class="battle-history">Rotom went back to GrinchsBankAccount!<br></div><div class="battle-history">Go! <strong>Talonflame</strong>!<br></div><div class="battle-history"><small>Pointed stones dug into Talonflame!</small><br></div><div class="spacer battle-history"><br></div><div class="battle-history">Talonflame fainted!<br></div><div class="battle-history">The opposing Celesteela used <strong>Leech Seed</strong>!<br></div><div class="battle-history"><small>But there was no target...</small><br></div><div class="spacer battle-history"><br></div><div class="battle-history"><small>The opposing Celesteela restored a little HP using its Leftovers!</small><br></div><div class="spacer battle-history"><br></div><div class="battle-history">Go! Rotom (<strong>Rotom-Wash</strong>)!<br></div><div class="battle-history"><small>Pointed stones dug into Rotom!</small><br></div><div class="spacer battle-history"><br></div><h2 class="battle-history">Turn 32</h2><div class="spacer battle-history"><br></div><div class="battle-history">The opposing Celesteela used <strong>Protect</strong>!<br></div><div class="battle-history"><small>The opposing Celesteela protected itself!</small><br></div><div class="spacer battle-history"><br></div><div class="battle-history">Rotom used <strong>Volt Switch</strong>!<br></div><div class="battle-history"><small>The opposing Celesteela protected itself!</small><br></div><div class="spacer battle-history"><br></div><div class="battle-history"><small>Rotom restored a little HP using its Leftovers!</small><br></div><div class="battle-history"><small>The opposing Celesteela restored a little HP using its Leftovers!</small><br></div><div class="spacer battle-history"><br></div><h2 class="battle-history">Turn 33</h2><div class="spacer battle-history"><br></div><div class="battle-history">ElAstete withdrew Celesteela!<br></div><div class="battle-history">ElAstete sent out <strong>Chansey</strong>!<br></div><div class="battle-history"><small>Pointed stones dug into the opposing Chansey!</small><br></div><div class="battle-history"><small>The opposing Chansey was poisoned!</small><br></div><div class="spacer battle-history"><br></div><div class="battle-history">Rotom used <strong>Volt Switch</strong>!<br></div><div class="battle-history"><small>(The opposing Chansey lost <abbr title="−81/703">11.5%</abbr> of its health!)</small><br></div><div class="spacer battle-history"><br></div><div class="battle-history">Rotom went back to GrinchsBankAccount!<br></div><div class="battle-history">Go! <strong>Cobalion</strong>!<br></div><div class="battle-history"><small>Pointed stones dug into Cobalion!</small><br></div><div class="spacer battle-history"><br></div><div class="battle-history"><small>The opposing Chansey was hurt by poison!</small><br></div><div class="spacer battle-history"><br></div><h2 class="battle-history">Turn 34</h2><div class="chat message-error">ElAstete tiene 135 segundos restantes.</div><div class="spacer battle-history"><br></div><div class="battle-history">Cobalion used <strong>Focus Blast</strong>!<br></div><div class="battle-history"><small>The opposing Chansey avoided the attack!</small><br></div><div class="spacer battle-history"><br></div><div class="battle-history">The opposing Chansey used <strong>Heal Bell</strong>!<br></div><div class="battle-history"><small>A bell chimed!</small><br></div><div class="battle-history"><small>The opposing Chansey was cured of its poisoning.</small><br></div><div class="spacer battle-history"><br></div><h2 class="battle-history">Turn 35</h2><div class="spacer battle-history"><br></div><div class="battle-history">Cobalion used <strong>Focus Blast</strong>!<br></div><div class="battle-history"><small>It's super effective!</small><br></div><div class="battle-history"><small>(The opposing Chansey lost <abbr title="−294/703">41.8%</abbr> of its health!)</small><br></div><div class="spacer battle-history"><br></div><div class="battle-history">The opposing Chansey used <strong>Soft-Boiled</strong>!<br></div><div class="battle-history"><small>The opposing Chansey restored its HP.</small><br></div><div class="spacer battle-history"><br></div><h2 class="battle-history">Turn 36</h2><div class="spacer battle-history"><br></div><div class="battle-history">Cobalion, come back!<br></div><div class="battle-history">Go! <strong>Drapion</strong>!<br></div><div class="battle-history"><small>Pointed stones dug into Drapion!</small><br></div><div class="spacer battle-history"><br></div><div class="battle-history">The opposing Chansey used <strong>Toxic</strong>!<br></div><div class="battle-history"><small>It doesn't affect Drapion...</small><br></div><div class="spacer battle-history"><br></div><div class="battle-history"><small>Drapion restored a little HP using its Black Sludge!</small><br></div><div class="spacer battle-history"><br></div><h2 class="battle-history">Turn 37</h2><div class="chat message-error">ElAstete tiene 135 segundos restantes.</div><div class="spacer battle-history"><br></div><div class="battle-history">ElAstete withdrew Chansey!<br></div><div class="battle-history">ElAstete sent out <strong>Charizard</strong>!<br></div><div class="battle-history"><small>Pointed stones dug into the opposing Charizard!</small><br></div><div class="spacer battle-history"><br></div><div class="battle-history">Drapion used <strong>Whirlwind</strong>!<br></div><div class="spacer battle-history"><br></div><div class="battle-history"><strong>Chansey</strong> was dragged out!<br></div><div class="battle-history"><small>Pointed stones dug into the opposing Chansey!</small><br></div><div class="battle-history"><small>The opposing Chansey was poisoned!</small><br></div><div class="spacer battle-history"><br></div><div class="battle-history"><small>Drapion restored a little HP using its Black Sludge!</small><br></div><div class="battle-history"><small>The opposing Chansey was hurt by poison!</small><br></div><div class="spacer battle-history"><br></div><h2 class="battle-history">Turn 38</h2><div class="chat message-error">GrinchsBankAccount tiene 135 segundos restantes.</div><div class="chat message-error">ElAstete tiene 135 segundos restantes.</div><div class="spacer battle-history"><br></div><div class="battle-history"><small>ElAstete se rindió.</small><br></div><div class="spacer battle-history"><br></div><div class="battle-history"><strong>GrinchsBankAccount</strong> won the battle!<br></div><div class="chat">GrinchsBankAccount ha ganado 8 PokeDolares.</div><div class="chat">Puntaje de GrinchsBankAccount: 1322 → <strong>1333</strong><br>(+11 por ganar)</div><div class="chat">Puntaje de ElAstete: 1095 → <strong>1089</strong><br>(-6 por perder)</div></div><div class="inner-preempt"></div></div></div>
</div>
<script>
let daily = Math.floor(Date.now()/1000/60/60/24);document.write('<script src="https://play.pokemonshowdown.com/js/replay-embed.js?version'+daily+'"></'+'script>');
</script>
