<!DOCTYPE html>
<meta charset="utf-8" />
<!-- version 1 -->
<title>OU replay: Fontainer vs. red arevalo</title>
<style>
html,body {font-family:Verdana, sans-serif;font-size:10pt;margin:0;padding:0;}body{padding:12px 0;} .battle-log {font-family:Verdana, sans-serif;font-size:10pt;} .battle-log-inline {border:1px solid #AAAAAA;background:#EEF2F5;color:black;max-width:640px;margin:0 auto 80px;padding-bottom:5px;} .battle-log .inner {padding:4px 8px 0px 8px;} .battle-log .inner-preempt {padding:0 8px 4px 8px;} .battle-log .inner-after {margin-top:0.5em;} .battle-log h2 {margin:0.5em -8px;padding:4px 8px;border:1px solid #AAAAAA;background:#E0E7EA;border-left:0;border-right:0;font-family:Verdana, sans-serif;font-size:13pt;} .battle-log .chat {vertical-align:middle;padding:3px 0 3px 0;font-size:8pt;} .battle-log .chat strong {color:#40576A;} .battle-log .chat em {padding:1px 4px 1px 3px;color:#000000;font-style:normal;} .chat.mine {background:rgba(0,0,0,0.05);margin-left:-8px;margin-right:-8px;padding-left:8px;padding-right:8px;} .spoiler {color:#BBBBBB;background:#BBBBBB;padding:0px 3px;} .spoiler:hover, .spoiler:active, .spoiler-shown {color:#000000;background:#E2E2E2;padding:0px 3px;} .spoiler a {color:#BBBBBB;} .spoiler:hover a, .spoiler:active a, .spoiler-shown a {color:#2288CC;} .chat code, .chat .spoiler:hover code, .chat .spoiler:active code, .chat .spoiler-shown code {border:1px solid #C0C0C0;background:#EEEEEE;color:black;padding:0 2px;} .chat .spoiler code {border:1px solid #CCCCCC;background:#CCCCCC;color:#CCCCCC;} .battle-log .rated {padding:3px 4px;} .battle-log .rated strong {color:white;background:#89A;padding:1px 4px;border-radius:4px;} .spacer {margin-top:0.5em;} .message-announce {background:#6688AA;color:white;padding:1px 4px 2px;} .message-announce a, .broadcast-green a, .broadcast-blue a, .broadcast-red a {color:#DDEEFF;} .broadcast-green {background-color:#559955;color:white;padding:2px 4px;} .broadcast-blue {background-color:#6688AA;color:white;padding:2px 4px;} .infobox {border:1px solid #6688AA;padding:2px 4px;} .infobox-limited {max-height:200px;overflow:auto;overflow-x:hidden;} .broadcast-red {background-color:#AA5544;color:white;padding:2px 4px;} .message-learn-canlearn {font-weight:bold;color:#228822;text-decoration:underline;} .message-learn-cannotlearn {font-weight:bold;color:#CC2222;text-decoration:underline;} .message-effect-weak {font-weight:bold;color:#CC2222;} .message-effect-resist {font-weight:bold;color:#6688AA;} .message-effect-immune {font-weight:bold;color:#666666;} .message-learn-list {margin-top:0;margin-bottom:0;} .message-throttle-notice, .message-error {color:#992222;} .message-overflow, .chat small.message-overflow {font-size:0pt;} .message-overflow::before {font-size:9pt;content:'...';} .subtle {color:#3A4A66;}
</style>
<div class="wrapper replay-wrapper" style="max-width:1180px;margin:0 auto">
<input type="hidden" name="replayid" value="destiny-ou-522819" />
<div class="battle"></div><div class="battle-log"></div><div class="replay-controls"></div><div class="replay-controls-2"></div>
<h1 style="font-weight:normal;text-align:center"><strong>OU</strong><br /><a href="http://pokemonshowdown.com/users/fontainer" class="subtle" target="_blank">Fontainer</a> vs. <a href="http://pokemonshowdown.com/users/redarevalo" class="subtle" target="_blank">red arevalo</a></h1>
<script type="text/plain" class="battle-log-data">|player|p1|Fontainer|1
|teamsize|p1|6
|player|p2|red arevalo|redarevalo-2.gif?e8f789ab
|teamsize|p2|6
|teamsize|p1|6
|teamsize|p2|6
|gametype|singles
|gen|7
|tier|OU
|rated
|seed|3662,17553,4605,22370
|rule|Cláusula-Mod de Dormir: solo puedes dormir a uno de tus oponentes a la vez.
|rule|Cláusula de Especie: Hasta un Pokémon de cada especie
|rule|Cláusula de Golpe Fulminante: los movimientos fulminantes (OHKO) estan prohibidos
|rule|Cláusula de Veleta: la habilidad Veleta está prohibida
|rule|Cláusula de Movimientos Evasivos: los movimientos de Evasión están prohibidos.
|rule|Cláusula de Batallas Eternas: forzar batallas eternas está prohibido
|clearpoke
|poke|p1|Gliscor, F|item
|poke|p1|Zeraora|item
|poke|p1|Tapu Lele|item
|poke|p1|Starmie|item
|poke|p1|Bisharp, M|item
|poke|p1|Altaria, M|item
|poke|p2|Nidoking, M|item
|poke|p2|Greninja, M|item
|poke|p2|Scizor, F|item
|poke|p2|Thundurus, M|item
|poke|p2|Victini|item
|poke|p2|Tapu Bulu|item
|teampreview|undefined
|choice|*|*team 123456
|choice|*team 623451|*
|choice|team 6, 2, 3, 4, 5, 1|team 1, 2, 3, 4, 5, 6
|
|start
|switch|p1a: Altaria|Altaria, M|353\/353
|switch|p2a: Nidoking|Nidoking, M|303\/303
|turn|1
|choice|*|*move 4
|choice|*switch 4|*
|choice|switch 4|move stealthrock
|
|switch|p1a: Starmie|Starmie|323\/323
|move|p2a: Nidoking|Stealth Rock|p1a: Starmie
|-sidestart|p1: Fontainer|move: Stealth Rock
|
|upkeep
|turn|2
|choice|*move 3|*
|choice|*|*switch 4
|choice|move rapidspin|switch 4
|
|switch|p2a: Thundurus|Thundurus, M|299\/299
|move|p1a: Starmie|Rapid Spin|p2a: Thundurus
|-damage|p2a: Thundurus|283\/299
|-sideend|p1: Fontainer|Stealth Rock|[from] move: Rapid Spin|[of] p1a: Starmie
|
|upkeep
|turn|3
|choice|*|*move 2
|choice|*switch 4|*
|choice|switch 4|move knockoff
|
|switch|p1a: Altaria|Altaria, M|353\/353
|move|p2a: Thundurus|Knock Off|p1a: Altaria
|-damage|p1a: Altaria|309\/353
|
|upkeep
|turn|4
|choice|*|*move 1
|choice|*move 4 mega|*
|choice|move flamethrower mega|move voltswitch
|
|-mega|p1a: Altaria|Altaria|Altarianite
|detailschange|p1a: Altaria|Altaria-Mega, M
|move|p2a: Thundurus|Volt Switch|p1a: Altaria
|-resisted|p1a: Altaria
|-damage|p1a: Altaria|249\/353
|choice|*|*switch 3
|choice||switch 3
|
|switch|p2a: Scizor|Scizor, F|344\/344|[from]move: Volt Switch
|move|p1a: Altaria|Flamethrower|p2a: Scizor
|-supereffective|p2a: Scizor
|-damage|p2a: Scizor|0 fnt
|faint|p2a: Scizor
|
|upkeep
|choice|*|*switch 5
|choice||switch 5
|
|switch|p2a: Victini|Victini|341\/341
|turn|5
|choice|*|*move 2
|choice|*move 2|*
|choice|move roost|move uturn
|
|move|p2a: Victini|U-turn|p1a: Altaria
|-resisted|p1a: Altaria
|-damage|p1a: Altaria|216\/353
|choice|*|*switch 3
|choice||switch 3
|
|switch|p2a: Thundurus|Thundurus, M|283\/299|[from]move: U-turn
|move|p1a: Altaria|Roost|p1a: Altaria
|-heal|p1a: Altaria|353\/353
|
|upkeep
|turn|6
|choice|*move 1|*
|choice|*|*move 4
|choice|move hypervoice|move hiddenpower
|
|move|p2a: Thundurus|Hidden Power|p1a: Altaria
|-supereffective|p1a: Altaria
|-damage|p1a: Altaria|219\/353
|move|p1a: Altaria|Hyper Voice|p2a: Thundurus
|-damage|p2a: Thundurus|106\/299
|
|upkeep
|turn|7
|choice|*move 2|*
|choice|*|*move 1
|choice|move roost|move voltswitch
|
|move|p2a: Thundurus|Volt Switch|p1a: Altaria
|-resisted|p1a: Altaria
|-damage|p1a: Altaria|158\/353
|choice|*|*switch 3
|choice||switch 3
|
|switch|p2a: Victini|Victini|341\/341|[from]move: Volt Switch
|move|p1a: Altaria|Roost|p1a: Altaria
|-heal|p1a: Altaria|335\/353
|
|upkeep
|turn|8
|choice|*move 1|*
|choice|*|*move 1
|choice|move hypervoice|move vcreate
|
|move|p2a: Victini|V-create|p1a: Altaria
|-resisted|p1a: Altaria
|-damage|p1a: Altaria|198\/353
|-unboost|p2a: Victini|spe|1
|-unboost|p2a: Victini|def|1
|-unboost|p2a: Victini|spd|1
|move|p1a: Altaria|Hyper Voice|p2a: Victini
|-resisted|p2a: Victini
|-damage|p2a: Victini|232\/341
|
|upkeep
|turn|9
|choice|*move 2|*
|choice|*|*move 1
|choice|move roost|move vcreate
|
|move|p2a: Victini|V-create|p1a: Altaria
|-resisted|p1a: Altaria
|-damage|p1a: Altaria|75\/353
|-unboost|p2a: Victini|spe|1
|-unboost|p2a: Victini|def|1
|-unboost|p2a: Victini|spd|1
|move|p1a: Altaria|Roost|p1a: Altaria
|-heal|p1a: Altaria|252\/353
|
|upkeep
|turn|10
|choice|*move 1|*
|choice|*|*switch 6
|choice|move hypervoice|switch 6
|
|switch|p2a: Tapu Bulu|Tapu Bulu|281\/281
|-fieldstart|move: Grassy Terrain|[from] ability: Grassy Surge|[of] p2a: Tapu Bulu
|move|p1a: Altaria|Hyper Voice|p2a: Tapu Bulu
|-damage|p2a: Tapu Bulu|134\/281
|
|-heal|p2a: Tapu Bulu|151\/281|[from] Grassy Terrain
|-heal|p1a: Altaria|274\/353|[from] Grassy Terrain
|upkeep
|turn|11
|choice|*move 4|*
|choice|*|*switch 4
|choice|move flamethrower|switch 4
|
|switch|p2a: Nidoking|Nidoking, M|303\/303
|move|p1a: Altaria|Flamethrower|p2a: Nidoking
|-damage|p2a: Nidoking|212\/303
|
|-heal|p2a: Nidoking|230\/303|[from] Grassy Terrain
|-heal|p1a: Altaria|296\/353|[from] Grassy Terrain
|upkeep
|turn|12
|choice|*|*move 2
|choice|*switch 4|*
|choice|switch 4|move icebeam
|
|switch|p1a: Starmie|Starmie|323\/323
|move|p2a: Nidoking|Ice Beam|p1a: Starmie
|-resisted|p1a: Starmie
|-damage|p1a: Starmie|267\/323
|
|-heal|p1a: Starmie|287\/323|[from] item: Leftovers
|-heal|p1a: Starmie|307\/323|[from] Grassy Terrain
|-heal|p2a: Nidoking|248\/303|[from] Grassy Terrain
|upkeep
|turn|13
|choice|*|*switch 4
|choice|*switch 4|*
|choice|switch 4|switch 4
|
|switch|p1a: Altaria|Altaria-Mega, M|296\/353
|switch|p2a: Tapu Bulu|Tapu Bulu|151\/281
|
|-heal|p2a: Tapu Bulu|168\/281|[from] Grassy Terrain
|-heal|p1a: Altaria|318\/353|[from] Grassy Terrain
|upkeep
|turn|14
|choice|*move 4|*
|choice|*|*move 4
|choice|move flamethrower|move woodhammer
|
|move|p2a: Tapu Bulu|Wood Hammer|p1a: Altaria
|-resisted|p1a: Altaria
|-damage|p1a: Altaria|210\/353
|-damage|p2a: Tapu Bulu|132\/281|[from] recoil
|move|p1a: Altaria|Flamethrower|p2a: Tapu Bulu
|-supereffective|p2a: Tapu Bulu
|-damage|p2a: Tapu Bulu|0 fnt
|faint|p2a: Tapu Bulu
|
|-heal|p1a: Altaria|232\/353|[from] Grassy Terrain
|-fieldend|move: Grassy Terrain
|upkeep
|choice|*|*switch 3
|choice||switch 3
|
|switch|p2a: Thundurus|Thundurus, M|106\/299
|turn|15
|choice|*|*move 4
|choice|*move 2|*
|choice|move roost|move hiddenpower
|
|move|p2a: Thundurus|Hidden Power|p1a: Altaria
|-supereffective|p1a: Altaria
|-damage|p1a: Altaria|100\/353
|move|p1a: Altaria|Roost|p1a: Altaria
|-heal|p1a: Altaria|277\/353
|
|upkeep
|turn|16
|choice|*move 2|*
|-message|red arevalo se rindió.
|
|win|Fontainer
Fontainer ha ganado 8 PokeDolares.
|raw|Puntaje de Fontainer: 1000 &rarr; <strong>1083<\/strong><br \/>(+83 por ganar)
|raw|Puntaje de red arevalo: 1430 &rarr; <strong>1393<\/strong><br \/>(-37 por perder)
</script>
</div>
<div class="battle-log battle-log-inline"><div class="inner"><div class="battle-options"></div><div class="inner"><div class=""><small>Format:</small> <br><strong>OU</strong></div><div class="rated"><strong>Rated battle</strong></div><div class=""><small><em>Cláusula-Mod de Dormir:</em> solo puedes dormir a uno de tus oponentes a la vez.</small></div><div class=""><small><em>Cláusula de Especie:</em> Hasta un Pokémon de cada especie</small></div><div class=""><small><em>Cláusula de Golpe Fulminante:</em> los movimientos fulminantes (OHKO) estan prohibidos</small></div><div class=""><small><em>Cláusula de Veleta:</em> la habilidad Veleta está prohibida</small></div><div class=""><small><em>Cláusula de Movimientos Evasivos:</em> los movimientos de Evasión están prohibidos.</small></div><div class=""><small><em>Cláusula de Batallas Eternas:</em> forzar batallas eternas está prohibido</small></div><div class="chat battle-history"><strong>Fontainer's team:</strong> <em style="color:#445566;display:block;">Gliscor / Zeraora / Tapu Lele / Starmie / Bisharp / Altaria</em></div><div class="chat battle-history"><strong>red arevalo's team:</strong> <em style="color:#445566;display:block;">Nidoking / Greninja / Scizor / Thundurus / Victini / Tapu Bulu</em></div><div class="spacer battle-history"><br></div><div class="battle-history">Battle started between Fontainer and red arevalo!<br></div><div class="spacer battle-history"><br></div><div class="battle-history">Go! <strong>Altaria</strong>!<br></div><div class="spacer battle-history"><br></div><div class="battle-history">red arevalo sent out <strong>Nidoking</strong>!<br></div><div class="spacer battle-history"><br></div><h2 class="battle-history">Turn 1</h2><div class="spacer battle-history"><br></div><div class="battle-history">Altaria, come back!<br></div><div class="battle-history">Go! <strong>Starmie</strong>!<br></div><div class="spacer battle-history"><br></div><div class="battle-history">The opposing Nidoking used <strong>Stealth Rock</strong>!<br></div><div class="battle-history"><small>Pointed stones float in the air around your team!</small><br></div><div class="spacer battle-history"><br></div><h2 class="battle-history">Turn 2</h2><div class="spacer battle-history"><br></div><div class="battle-history">red arevalo withdrew Nidoking!<br></div><div class="battle-history">red arevalo sent out <strong>Thundurus</strong>!<br></div><div class="spacer battle-history"><br></div><div class="battle-history">Starmie used <strong>Rapid Spin</strong>!<br></div><div class="battle-history"><small>(The opposing Thundurus lost <abbr title="−16/299">5.4%</abbr> of its health!)</small><br></div><div class="battle-history"><small>The pointed stones disappeared from around your team!</small><br></div><div class="spacer battle-history"><br></div><h2 class="battle-history">Turn 3</h2><div class="spacer battle-history"><br></div><div class="battle-history">Starmie, come back!<br></div><div class="battle-history">Go! <strong>Altaria</strong>!<br></div><div class="spacer battle-history"><br></div><div class="battle-history">The opposing Thundurus used <strong>Knock Off</strong>!<br></div><div class="battle-history"><small>(Altaria lost <abbr title="−44/353">12.5%</abbr> of its health!)</small><br></div><div class="spacer battle-history"><br></div><h2 class="battle-history">Turn 4</h2><div class="spacer battle-history"><br></div><div class="battle-history"><small>Altaria's Altarianite is reacting to the Key Stone!</small><br>Altaria has Mega Evolved into Mega Altaria!<br></div><div class="spacer battle-history"><br></div><div class="battle-history">The opposing Thundurus used <strong>Volt Switch</strong>!<br></div><div class="battle-history"><small>It's not very effective...</small><br></div><div class="battle-history"><small>(Altaria lost <abbr title="−60/353">17.0%</abbr> of its health!)</small><br></div><div class="spacer battle-history"><br></div><div class="battle-history">The opposing Thundurus went back to red arevalo!<br></div><div class="battle-history">red arevalo sent out <strong>Scizor</strong>!<br></div><div class="spacer battle-history"><br></div><div class="battle-history">Altaria used <strong>Flamethrower</strong>!<br></div><div class="battle-history"><small>It's super effective!</small><br></div><div class="battle-history"><small>(The opposing Scizor lost <abbr title="−344/344">100%</abbr> of its health!)</small><br></div><div class="spacer battle-history"><br></div><div class="battle-history">The opposing Scizor fainted!<br></div><div class="spacer battle-history"><br></div><div class="battle-history">red arevalo sent out <strong>Victini</strong>!<br></div><div class="spacer battle-history"><br></div><h2 class="battle-history">Turn 5</h2><div class="spacer battle-history"><br></div><div class="battle-history">The opposing Victini used <strong>U-turn</strong>!<br></div><div class="battle-history"><small>It's not very effective...</small><br></div><div class="battle-history"><small>(Altaria lost <abbr title="−33/353">9.3%</abbr> of its health!)</small><br></div><div class="spacer battle-history"><br></div><div class="battle-history">The opposing Victini went back to red arevalo!<br></div><div class="battle-history">red arevalo sent out <strong>Thundurus</strong>!<br></div><div class="spacer battle-history"><br></div><div class="battle-history">Altaria used <strong>Roost</strong>!<br></div><div class="battle-history"><small>Altaria restored its HP.</small><br></div><div class="spacer battle-history"><br></div><h2 class="battle-history">Turn 6</h2><div class="spacer battle-history"><br></div><div class="battle-history">The opposing Thundurus used <strong>Hidden Power</strong>!<br></div><div class="battle-history"><small>It's super effective!</small><br></div><div class="battle-history"><small>(Altaria lost <abbr title="−134/353">38.0%</abbr> of its health!)</small><br></div><div class="spacer battle-history"><br></div><div class="battle-history">Altaria used <strong>Hyper Voice</strong>!<br></div><div class="battle-history"><small>(The opposing Thundurus lost <abbr title="−177/299">59.2%</abbr> of its health!)</small><br></div><div class="spacer battle-history"><br></div><h2 class="battle-history">Turn 7</h2><div class="spacer battle-history"><br></div><div class="battle-history">The opposing Thundurus used <strong>Volt Switch</strong>!<br></div><div class="battle-history"><small>It's not very effective...</small><br></div><div class="battle-history"><small>(Altaria lost <abbr title="−61/353">17.3%</abbr> of its health!)</small><br></div><div class="spacer battle-history"><br></div><div class="battle-history">The opposing Thundurus went back to red arevalo!<br></div><div class="battle-history">red arevalo sent out <strong>Victini</strong>!<br></div><div class="spacer battle-history"><br></div><div class="battle-history">Altaria used <strong>Roost</strong>!<br></div><div class="battle-history"><small>Altaria restored its HP.</small><br></div><div class="spacer battle-history"><br></div><h2 class="battle-history">Turn 8</h2><div class="spacer battle-history"><br></div><div class="battle-history">The opposing Victini used <strong>V-create</strong>!<br></div><div class="battle-history"><small>It's not very effective...</small><br></div><div class="battle-history"><small>(Altaria lost <abbr title="−137/353">38.8%</abbr> of its health!)</small><br></div><div class="battle-history"><small>The opposing Victini's Speed fell!</small><br></div><div class="battle-history"><small>The opposing Victini's Defense fell!</small><br></div><div class="battle-history"><small>The opposing Victini's Special Defense fell!</small><br></div><div class="spacer battle-history"><br></div><div class="battle-history">Altaria used <strong>Hyper Voice</strong>!<br></div><div class="battle-history"><small>It's not very effective...</small><br></div><div class="battle-history"><small>(The opposing Victini lost <abbr title="−109/341">32.0%</abbr> of its health!)</small><br></div><div class="spacer battle-history"><br></div><h2 class="battle-history">Turn 9</h2><div class="spacer battle-history"><br></div><div class="battle-history">The opposing Victini used <strong>V-create</strong>!<br></div><div class="battle-history"><small>It's not very effective...</small><br></div><div class="battle-history"><small>(Altaria lost <abbr title="−123/353">34.8%</abbr> of its health!)</small><br></div><div class="battle-history"><small>The opposing Victini's Speed fell!</small><br></div><div class="battle-history"><small>The opposing Victini's Defense fell!</small><br></div><div class="battle-history"><small>The opposing Victini's Special Defense fell!</small><br></div><div class="spacer battle-history"><br></div><div class="battle-history">Altaria used <strong>Roost</strong>!<br></div><div class="battle-history"><small>Altaria restored its HP.</small><br></div><div class="spacer battle-history"><br></div><h2 class="battle-history">Turn 10</h2><div class="spacer battle-history"><br></div><div class="battle-history">red arevalo withdrew Victini!<br></div><div class="battle-history">red arevalo sent out <strong>Tapu Bulu</strong>!<br></div><div class="battle-history"><small>[The opposing Tapu Bulu's Grassy Surge]</small><br><small>Grass grew to cover the battlefield!</small><br></div><div class="spacer battle-history"><br></div><div class="battle-history">Altaria used <strong>Hyper Voice</strong>!<br></div><div class="battle-history"><small>(The opposing Tapu Bulu lost <abbr title="−147/281">52.3%</abbr> of its health!)</small><br></div><div class="spacer battle-history"><br></div><div class="battle-history"><small>The opposing Tapu Bulu restored HP using its Grassy Terrain!</small><br></div><div class="battle-history"><small>Altaria restored HP using its Grassy Terrain!</small><br></div><div class="spacer battle-history"><br></div><h2 class="battle-history">Turn 11</h2><div class="spacer battle-history"><br></div><div class="battle-history">red arevalo withdrew Tapu Bulu!<br></div><div class="battle-history">red arevalo sent out <strong>Nidoking</strong>!<br></div><div class="spacer battle-history"><br></div><div class="battle-history">Altaria used <strong>Flamethrower</strong>!<br></div><div class="battle-history"><small>(The opposing Nidoking lost <abbr title="−91/303">30.0%</abbr> of its health!)</small><br></div><div class="spacer battle-history"><br></div><div class="battle-history"><small>The opposing Nidoking restored HP using its Grassy Terrain!</small><br></div><div class="battle-history"><small>Altaria restored HP using its Grassy Terrain!</small><br></div><div class="spacer battle-history"><br></div><h2 class="battle-history">Turn 12</h2><div class="spacer battle-history"><br></div><div class="battle-history">Altaria, come back!<br></div><div class="battle-history">Go! <strong>Starmie</strong>!<br></div><div class="spacer battle-history"><br></div><div class="battle-history">The opposing Nidoking used <strong>Ice Beam</strong>!<br></div><div class="battle-history"><small>It's not very effective...</small><br></div><div class="battle-history"><small>(Starmie lost <abbr title="−56/323">17.3%</abbr> of its health!)</small><br></div><div class="spacer battle-history"><br></div><div class="battle-history"><small>Starmie restored a little HP using its Leftovers!</small><br></div><div class="battle-history"><small>Starmie restored HP using its Grassy Terrain!</small><br></div><div class="battle-history"><small>The opposing Nidoking restored HP using its Grassy Terrain!</small><br></div><div class="spacer battle-history"><br></div><h2 class="battle-history">Turn 13</h2><div class="spacer battle-history"><br></div><div class="battle-history">Starmie, come back!<br></div><div class="battle-history">Go! Altaria (<strong>Altaria-Mega</strong>)!<br></div><div class="spacer battle-history"><br></div><div class="battle-history">red arevalo withdrew Nidoking!<br></div><div class="battle-history">red arevalo sent out <strong>Tapu Bulu</strong>!<br></div><div class="spacer battle-history"><br></div><div class="battle-history"><small>The opposing Tapu Bulu restored HP using its Grassy Terrain!</small><br></div><div class="battle-history"><small>Altaria restored HP using its Grassy Terrain!</small><br></div><div class="spacer battle-history"><br></div><h2 class="battle-history">Turn 14</h2><div class="spacer battle-history"><br></div><div class="battle-history">The opposing Tapu Bulu used <strong>Wood Hammer</strong>!<br></div><div class="battle-history"><small>It's not very effective...</small><br></div><div class="battle-history"><small>(Altaria lost <abbr title="−108/353">30.6%</abbr> of its health!)</small><br></div><div class="battle-history"><small>The opposing Tapu Bulu is damaged by the recoil!</small><br></div><div class="spacer battle-history"><br></div><div class="battle-history">Altaria used <strong>Flamethrower</strong>!<br></div><div class="battle-history"><small>It's super effective!</small><br></div><div class="battle-history"><small>(The opposing Tapu Bulu lost <abbr title="−132/281">47.0%</abbr> of its health!)</small><br></div><div class="spacer battle-history"><br></div><div class="battle-history">The opposing Tapu Bulu fainted!<br></div><div class="spacer battle-history"><br></div><div class="battle-history"><small>Altaria restored HP using its Grassy Terrain!</small><br></div><div class="battle-history"><small>The grass disappeared from the battlefield.</small><br></div><div class="spacer battle-history"><br></div><div class="battle-history">red arevalo sent out <strong>Thundurus</strong>!<br></div><div class="spacer battle-history"><br></div><h2 class="battle-history">Turn 15</h2><div class="spacer battle-history"><br></div><div class="battle-history">The opposing Thundurus used <strong>Hidden Power</strong>!<br></div><div class="battle-history"><small>It's super effective!</small><br></div><div class="battle-history"><small>(Altaria lost <abbr title="−132/353">37.4%</abbr> of its health!)</small><br></div><div class="spacer battle-history"><br></div><div class="battle-history">Altaria used <strong>Roost</strong>!<br></div><div class="battle-history"><small>Altaria restored its HP.</small><br></div><div class="spacer battle-history"><br></div><h2 class="battle-history">Turn 16</h2><div class="spacer battle-history"><br></div><div class="battle-history"><small>red arevalo se rindió.</small><br></div><div class="spacer battle-history"><br></div><div class="battle-history"><strong>Fontainer</strong> won the battle!<br></div><div class="chat">Fontainer ha ganado 8 PokeDolares.</div><div class="chat">Puntaje de Fontainer: 1000 → <strong>1083</strong><br>(+83 por ganar)</div><div class="chat">Puntaje de red arevalo: 1430 → <strong>1393</strong><br>(-37 por perder)</div></div><div class="inner-preempt"></div></div></div>
</div>
<script>
let daily = Math.floor(Date.now()/1000/60/60/24);document.write('<script src="https://play.pokemonshowdown.com/js/replay-embed.js?version'+daily+'"></'+'script>');
</script>
