<!DOCTYPE html>
<meta charset="utf-8" />
<!-- version 1 -->
<title>OU replay: wariorxd123 vs. xxxjossxxx</title>
<style>
html,body {font-family:Verdana, sans-serif;font-size:10pt;margin:0;padding:0;}body{padding:12px 0;} .battle-log {font-family:Verdana, sans-serif;font-size:10pt;} .battle-log-inline {border:1px solid #AAAAAA;background:#EEF2F5;color:black;max-width:640px;margin:0 auto 80px;padding-bottom:5px;} .battle-log .inner {padding:4px 8px 0px 8px;} .battle-log .inner-preempt {padding:0 8px 4px 8px;} .battle-log .inner-after {margin-top:0.5em;} .battle-log h2 {margin:0.5em -8px;padding:4px 8px;border:1px solid #AAAAAA;background:#E0E7EA;border-left:0;border-right:0;font-family:Verdana, sans-serif;font-size:13pt;} .battle-log .chat {vertical-align:middle;padding:3px 0 3px 0;font-size:8pt;} .battle-log .chat strong {color:#40576A;} .battle-log .chat em {padding:1px 4px 1px 3px;color:#000000;font-style:normal;} .chat.mine {background:rgba(0,0,0,0.05);margin-left:-8px;margin-right:-8px;padding-left:8px;padding-right:8px;} .spoiler {color:#BBBBBB;background:#BBBBBB;padding:0px 3px;} .spoiler:hover, .spoiler:active, .spoiler-shown {color:#000000;background:#E2E2E2;padding:0px 3px;} .spoiler a {color:#BBBBBB;} .spoiler:hover a, .spoiler:active a, .spoiler-shown a {color:#2288CC;} .chat code, .chat .spoiler:hover code, .chat .spoiler:active code, .chat .spoiler-shown code {border:1px solid #C0C0C0;background:#EEEEEE;color:black;padding:0 2px;} .chat .spoiler code {border:1px solid #CCCCCC;background:#CCCCCC;color:#CCCCCC;} .battle-log .rated {padding:3px 4px;} .battle-log .rated strong {color:white;background:#89A;padding:1px 4px;border-radius:4px;} .spacer {margin-top:0.5em;} .message-announce {background:#6688AA;color:white;padding:1px 4px 2px;} .message-announce a, .broadcast-green a, .broadcast-blue a, .broadcast-red a {color:#DDEEFF;} .broadcast-green {background-color:#559955;color:white;padding:2px 4px;} .broadcast-blue {background-color:#6688AA;color:white;padding:2px 4px;} .infobox {border:1px solid #6688AA;padding:2px 4px;} .infobox-limited {max-height:200px;overflow:auto;overflow-x:hidden;} .broadcast-red {background-color:#AA5544;color:white;padding:2px 4px;} .message-learn-canlearn {font-weight:bold;color:#228822;text-decoration:underline;} .message-learn-cannotlearn {font-weight:bold;color:#CC2222;text-decoration:underline;} .message-effect-weak {font-weight:bold;color:#CC2222;} .message-effect-resist {font-weight:bold;color:#6688AA;} .message-effect-immune {font-weight:bold;color:#666666;} .message-learn-list {margin-top:0;margin-bottom:0;} .message-throttle-notice, .message-error {color:#992222;} .message-overflow, .chat small.message-overflow {font-size:0pt;} .message-overflow::before {font-size:9pt;content:'...';} .subtle {color:#3A4A66;}
</style>
<div class="wrapper replay-wrapper" style="max-width:1180px;margin:0 auto">
<input type="hidden" name="replayid" value="destiny-ou-545797" />
<div class="battle"></div><div class="battle-log"></div><div class="replay-controls"></div><div class="replay-controls-2"></div>
<h1 style="font-weight:normal;text-align:center"><strong>OU</strong><br /><a href="http://pokemonshowdown.com/users/wariorxd123" class="subtle" target="_blank">wariorxd123</a> vs. <a href="http://pokemonshowdown.com/users/xxxjossxxx" class="subtle" target="_blank">xxxjossxxx</a></h1>
<script type="text/plain" class="battle-log-data">|player|p1|wariorxd123|87
|teamsize|p1|6
|player|p2|xxxjossxxx|267
|teamsize|p2|6
|teamsize|p1|6
|teamsize|p2|6
|gametype|singles
|gen|7
|tier|OU
|rated
|seed|64450,52856,59103,53592
|rule|Cláusula-Mod de Dormir: solo puedes dormir a uno de tus oponentes a la vez.
|rule|Cláusula de Especie: Hasta un Pokémon de cada especie
|rule|Cláusula de Golpe Fulminante: los movimientos fulminantes (OHKO) estan prohibidos
|rule|Cláusula de Veleta: la habilidad Veleta está prohibida
|rule|Cláusula de Movimientos Evasivos: los movimientos de Evasión están prohibidos.
|rule|Cláusula de Batallas Eternas: forzar batallas eternas está prohibido
|clearpoke
|poke|p1|Medicham, F|item
|poke|p1|Greninja, M|item
|poke|p1|Latias, F|item
|poke|p1|Landorus-Therian, M, shiny|item
|poke|p1|Magearna|item
|poke|p1|Kartana|item
|poke|p2|Greninja, M|item
|poke|p2|Kartana|item
|poke|p2|Mimikyu, F|item
|poke|p2|Tapu Koko|item
|poke|p2|Volcarona, F|item
|poke|p2|Gallade, M|item
|teampreview|undefined
|choice|*|*team 123456
|inactive|Reloj de batalla ENCENDIDO. El jugador inactivo será descalificado (solicitado por xxxjossxxx).
|c|☆wariorxd123|bro
|inactive|wariorxd123 tiene 135 segundos restantes.
|choice|*team 523416|*
|choice|team 5, 2, 3, 4, 1, 6|team 1, 2, 3, 4, 5, 6
|
|start
|switch|p1a: Magearna|Magearna|363\/363
|switch|p2a: Greninja|Greninja, M|285\/285
|turn|1
|choice|*|*move 3
|choice|*switch 6|*
|choice|switch 6|move uturn
|
|switch|p1a: Kartana|Kartana|322\/322
|move|p2a: Greninja|U-turn|p1a: Kartana
|-damage|p1a: Kartana|287\/322
|choice|*|*switch 5
|choice||switch 5
|
|switch|p2a: Volcarona|Volcarona, F|314\/314|[from]move: U-turn
|
|upkeep
|turn|2
|choice|*|*move 1
|choice|*switch 2|*
|choice|switch 2|move quiverdance
|
|switch|p1a: Greninja|Greninja, M|285\/285
|move|p2a: Volcarona|Quiver Dance|p2a: Volcarona
|-boost|p2a: Volcarona|spa|1
|-boost|p2a: Volcarona|spd|1
|-boost|p2a: Volcarona|spe|1
|
|upkeep
|turn|3
|choice|*|*move 2
|choice|*move 1|*
|choice|move hydropump|move bugbuzz
|
|move|p2a: Volcarona|Bug Buzz|p1a: Greninja
|-supereffective|p1a: Greninja
|-damage|p1a: Greninja|0 fnt
|faint|p1a: Greninja
|
|upkeep
|choice|*switch 4|*
|choice|switch 4|
|
|switch|p1a: Landorus|Landorus-Therian, M, shiny|381\/381
|-ability|p1a: Landorus|Intimidate|boost
|-unboost|p2a: Volcarona|atk|1
|turn|4
|choice|*|*move 3
|choice|*move 4|*
|choice|move stealthrock|move fierydance
|
|move|p2a: Volcarona|Fiery Dance|p1a: Landorus
|-damage|p1a: Landorus|126\/381
|-boost|p2a: Volcarona|spa|1
|move|p1a: Landorus|Stealth Rock|p2a: Volcarona
|-sidestart|p2: xxxjossxxx|move: Stealth Rock
|
|upkeep
|turn|5
|choice|*move 3|*
|choice|*|*move 3
|choice|move hiddenpower|move fierydance
|
|move|p2a: Volcarona|Fiery Dance|p1a: Landorus
|-crit|p1a: Landorus
|-damage|p1a: Landorus|0 fnt
|-boost|p2a: Volcarona|spa|1
|faint|p1a: Landorus
|
|upkeep
|choice|*switch 3|*
|choice|switch 3|
|
|switch|p1a: Latias|Latias, F|301\/301
|turn|6
|choice|*|*move 2
|choice|*move 2|*
|choice|move dracometeor|move bugbuzz
|
|move|p2a: Volcarona|Bug Buzz|p1a: Latias
|-supereffective|p1a: Latias
|-damage|p1a: Latias|0 fnt
|faint|p1a: Latias
|
|upkeep
|choice|*switch 2|*
|choice|switch 2|
|
|switch|p1a: Kartana|Kartana|287\/322
|turn|7
|choice|*|*move 3
|choice|*move 3|*
|choice|move sacredsword|move fierydance
|
|move|p2a: Volcarona|Fiery Dance|p1a: Kartana
|-supereffective|p1a: Kartana
|-damage|p1a: Kartana|0 fnt
|faint|p1a: Kartana
|
|upkeep
|choice|*switch 6|*
|choice|switch 6|
|
|switch|p1a: Magearna|Magearna|363\/363
|turn|8
|choice|*|*move 3
|choice|*move 2|*
|choice|move fleurcannon|move fierydance
|
|move|p2a: Volcarona|Fiery Dance|p1a: Magearna
|-supereffective|p1a: Magearna
|-damage|p1a: Magearna|0 fnt
|-boost|p2a: Volcarona|spa|1
|faint|p1a: Magearna
|
|upkeep
|choice|*switch 5|*
|choice|switch 5|
|
|switch|p1a: Medicham|Medicham, F|261\/261
|turn|9
|choice|*|*move 2
|choice|*move 3|*
|choice|move icepunch|move bugbuzz
|
|move|p2a: Volcarona|Bug Buzz|p1a: Medicham
|-damage|p1a: Medicham|0 fnt
|faint|p1a: Medicham
|
|win|xxxjossxxx
xxxjossxxx ha ganado 6.75 PokeDolares.
|raw|Puntaje de wariorxd123: 1000 &rarr; <strong>1000<\/strong><br \/>(+0 por perder)
|raw|Puntaje de xxxjossxxx: 1286 &rarr; <strong>1294<\/strong><br \/>(+8 por ganar)
</script>
</div>
<div class="battle-log battle-log-inline"><div class="inner"><div class="battle-options"></div><div class="inner"><div class=""><small>Format:</small> <br><strong>OU</strong></div><div class="rated"><strong>Rated battle</strong></div><div class=""><small><em>Cláusula-Mod de Dormir:</em> solo puedes dormir a uno de tus oponentes a la vez.</small></div><div class=""><small><em>Cláusula de Especie:</em> Hasta un Pokémon de cada especie</small></div><div class=""><small><em>Cláusula de Golpe Fulminante:</em> los movimientos fulminantes (OHKO) estan prohibidos</small></div><div class=""><small><em>Cláusula de Veleta:</em> la habilidad Veleta está prohibida</small></div><div class=""><small><em>Cláusula de Movimientos Evasivos:</em> los movimientos de Evasión están prohibidos.</small></div><div class=""><small><em>Cláusula de Batallas Eternas:</em> forzar batallas eternas está prohibido</small></div><div class="chat battle-history"><strong>wariorxd123's team:</strong> <em style="color:#445566;display:block;">Medicham / Greninja / Latias / Landorus-Therian / Magearna / Kartana</em></div><div class="chat battle-history"><strong>xxxjossxxx's team:</strong> <em style="color:#445566;display:block;">Greninja / Kartana / Mimikyu / Tapu Koko / Volcarona / Gallade</em></div><div class="chat message-error">Reloj de batalla ENCENDIDO. El jugador inactivo será descalificado (solicitado por xxxjossxxx).</div><div class="chat chatmessage-wariorxd123"><strong style="color:hsl(30,55%,40.66615896171876%)"><small>☆</small><span class="username" data-name="wariorxd123">wariorxd123</span>:</strong> <em>bro</em></div><div class="chat message-error">wariorxd123 tiene 135 segundos restantes.</div><div class="spacer battle-history"><br></div><div class="battle-history">Battle started between wariorxd123 and xxxjossxxx!<br></div><div class="spacer battle-history"><br></div><div class="battle-history">Go! <strong>Magearna</strong>!<br></div><div class="spacer battle-history"><br></div><div class="battle-history">xxxjossxxx sent out <strong>Greninja</strong>!<br></div><div class="spacer battle-history"><br></div><h2 class="battle-history">Turn 1</h2><div class="spacer battle-history"><br></div><div class="battle-history">Magearna, come back!<br></div><div class="battle-history">Go! <strong>Kartana</strong>!<br></div><div class="spacer battle-history"><br></div><div class="battle-history">The opposing Greninja used <strong>U-turn</strong>!<br></div><div class="battle-history"><small>(Kartana lost <abbr title="−35/322">10.9%</abbr> of its health!)</small><br></div><div class="spacer battle-history"><br></div><div class="battle-history">The opposing Greninja went back to xxxjossxxx!<br></div><div class="battle-history">xxxjossxxx sent out <strong>Volcarona</strong>!<br></div><div class="spacer battle-history"><br></div><h2 class="battle-history">Turn 2</h2><div class="spacer battle-history"><br></div><div class="battle-history">Kartana, come back!<br></div><div class="battle-history">Go! <strong>Greninja</strong>!<br></div><div class="spacer battle-history"><br></div><div class="battle-history">The opposing Volcarona used <strong>Quiver Dance</strong>!<br></div><div class="battle-history"><small>The opposing Volcarona's Special Attack rose!</small><br></div><div class="battle-history"><small>The opposing Volcarona's Special Defense rose!</small><br></div><div class="battle-history"><small>The opposing Volcarona's Speed rose!</small><br></div><div class="spacer battle-history"><br></div><h2 class="battle-history">Turn 3</h2><div class="spacer battle-history"><br></div><div class="battle-history">The opposing Volcarona used <strong>Bug Buzz</strong>!<br></div><div class="battle-history"><small>It's super effective!</small><br></div><div class="battle-history"><small>(Greninja lost <abbr title="−285/285">100%</abbr> of its health!)</small><br></div><div class="spacer battle-history"><br></div><div class="battle-history">Greninja fainted!<br></div><div class="spacer battle-history"><br></div><div class="battle-history">Go! Landorus (<strong>Landorus-Therian</strong>)!<br></div><div class="battle-history"><small>[Landorus's Intimidate]</small><br></div><div class="battle-history"><small>The opposing Volcarona's Attack fell!</small><br></div><div class="spacer battle-history"><br></div><h2 class="battle-history">Turn 4</h2><div class="spacer battle-history"><br></div><div class="battle-history">The opposing Volcarona used <strong>Fiery Dance</strong>!<br></div><div class="battle-history"><small>(Landorus lost <abbr title="−255/381">66.9%</abbr> of its health!)</small><br></div><div class="battle-history"><small>The opposing Volcarona's Special Attack rose!</small><br></div><div class="spacer battle-history"><br></div><div class="battle-history">Landorus used <strong>Stealth Rock</strong>!<br></div><div class="battle-history"><small>Pointed stones float in the air around the opposing team!</small><br></div><div class="spacer battle-history"><br></div><h2 class="battle-history">Turn 5</h2><div class="spacer battle-history"><br></div><div class="battle-history">The opposing Volcarona used <strong>Fiery Dance</strong>!<br></div><div class="battle-history"><small>A critical hit!</small><br></div><div class="battle-history"><small>(Landorus lost <abbr title="−126/381">33.1%</abbr> of its health!)</small><br></div><div class="battle-history"><small>The opposing Volcarona's Special Attack rose!</small><br></div><div class="spacer battle-history"><br></div><div class="battle-history">Landorus fainted!<br></div><div class="spacer battle-history"><br></div><div class="battle-history">Go! <strong>Latias</strong>!<br></div><div class="spacer battle-history"><br></div><h2 class="battle-history">Turn 6</h2><div class="spacer battle-history"><br></div><div class="battle-history">The opposing Volcarona used <strong>Bug Buzz</strong>!<br></div><div class="battle-history"><small>It's super effective!</small><br></div><div class="battle-history"><small>(Latias lost <abbr title="−301/301">100%</abbr> of its health!)</small><br></div><div class="spacer battle-history"><br></div><div class="battle-history">Latias fainted!<br></div><div class="spacer battle-history"><br></div><div class="battle-history">Go! <strong>Kartana</strong>!<br></div><div class="spacer battle-history"><br></div><h2 class="battle-history">Turn 7</h2><div class="spacer battle-history"><br></div><div class="battle-history">The opposing Volcarona used <strong>Fiery Dance</strong>!<br></div><div class="battle-history"><small>It's super effective!</small><br></div><div class="battle-history"><small>(Kartana lost <abbr title="−287/322">89.1%</abbr> of its health!)</small><br></div><div class="spacer battle-history"><br></div><div class="battle-history">Kartana fainted!<br></div><div class="spacer battle-history"><br></div><div class="battle-history">Go! <strong>Magearna</strong>!<br></div><div class="spacer battle-history"><br></div><h2 class="battle-history">Turn 8</h2><div class="spacer battle-history"><br></div><div class="battle-history">The opposing Volcarona used <strong>Fiery Dance</strong>!<br></div><div class="battle-history"><small>It's super effective!</small><br></div><div class="battle-history"><small>(Magearna lost <abbr title="−363/363">100%</abbr> of its health!)</small><br></div><div class="battle-history"><small>The opposing Volcarona's Special Attack rose!</small><br></div><div class="spacer battle-history"><br></div><div class="battle-history">Magearna fainted!<br></div><div class="spacer battle-history"><br></div><div class="battle-history">Go! <strong>Medicham</strong>!<br></div><div class="spacer battle-history"><br></div><h2 class="battle-history">Turn 9</h2><div class="spacer battle-history"><br></div><div class="battle-history">The opposing Volcarona used <strong>Bug Buzz</strong>!<br></div><div class="battle-history"><small>(Medicham lost <abbr title="−261/261">100%</abbr> of its health!)</small><br></div><div class="spacer battle-history"><br></div><div class="battle-history">Medicham fainted!<br></div><div class="spacer battle-history"><br></div><div class="battle-history"><strong>xxxjossxxx</strong> won the battle!<br></div><div class="chat">xxxjossxxx ha ganado 6.75 PokeDolares.</div><div class="chat">Puntaje de wariorxd123: 1000 → <strong>1000</strong><br>(+0 por perder)</div><div class="chat">Puntaje de xxxjossxxx: 1286 → <strong>1294</strong><br>(+8 por ganar)</div></div><div class="inner-preempt"></div></div></div>
</div>
<script>
let daily = Math.floor(Date.now()/1000/60/60/24);document.write('<script src="https://play.pokemonshowdown.com/js/replay-embed.js?version'+daily+'"></'+'script>');
</script>
