<!DOCTYPE html>
<meta charset="utf-8" />
<!-- version 1 -->
<title>OU replay: Gеrard Way vs. magno777</title>
<style>
html,body {font-family:Verdana, sans-serif;font-size:10pt;margin:0;padding:0;}body{padding:12px 0;} .battle-log {font-family:Verdana, sans-serif;font-size:10pt;} .battle-log-inline {border:1px solid #AAAAAA;background:#EEF2F5;color:black;max-width:640px;margin:0 auto 80px;padding-bottom:5px;} .battle-log .inner {padding:4px 8px 0px 8px;} .battle-log .inner-preempt {padding:0 8px 4px 8px;} .battle-log .inner-after {margin-top:0.5em;} .battle-log h2 {margin:0.5em -8px;padding:4px 8px;border:1px solid #AAAAAA;background:#E0E7EA;border-left:0;border-right:0;font-family:Verdana, sans-serif;font-size:13pt;} .battle-log .chat {vertical-align:middle;padding:3px 0 3px 0;font-size:8pt;} .battle-log .chat strong {color:#40576A;} .battle-log .chat em {padding:1px 4px 1px 3px;color:#000000;font-style:normal;} .chat.mine {background:rgba(0,0,0,0.05);margin-left:-8px;margin-right:-8px;padding-left:8px;padding-right:8px;} .spoiler {color:#BBBBBB;background:#BBBBBB;padding:0px 3px;} .spoiler:hover, .spoiler:active, .spoiler-shown {color:#000000;background:#E2E2E2;padding:0px 3px;} .spoiler a {color:#BBBBBB;} .spoiler:hover a, .spoiler:active a, .spoiler-shown a {color:#2288CC;} .chat code, .chat .spoiler:hover code, .chat .spoiler:active code, .chat .spoiler-shown code {border:1px solid #C0C0C0;background:#EEEEEE;color:black;padding:0 2px;} .chat .spoiler code {border:1px solid #CCCCCC;background:#CCCCCC;color:#CCCCCC;} .battle-log .rated {padding:3px 4px;} .battle-log .rated strong {color:white;background:#89A;padding:1px 4px;border-radius:4px;} .spacer {margin-top:0.5em;} .message-announce {background:#6688AA;color:white;padding:1px 4px 2px;} .message-announce a, .broadcast-green a, .broadcast-blue a, .broadcast-red a {color:#DDEEFF;} .broadcast-green {background-color:#559955;color:white;padding:2px 4px;} .broadcast-blue {background-color:#6688AA;color:white;padding:2px 4px;} .infobox {border:1px solid #6688AA;padding:2px 4px;} .infobox-limited {max-height:200px;overflow:auto;overflow-x:hidden;} .broadcast-red {background-color:#AA5544;color:white;padding:2px 4px;} .message-learn-canlearn {font-weight:bold;color:#228822;text-decoration:underline;} .message-learn-cannotlearn {font-weight:bold;color:#CC2222;text-decoration:underline;} .message-effect-weak {font-weight:bold;color:#CC2222;} .message-effect-resist {font-weight:bold;color:#6688AA;} .message-effect-immune {font-weight:bold;color:#666666;} .message-learn-list {margin-top:0;margin-bottom:0;} .message-throttle-notice, .message-error {color:#992222;} .message-overflow, .chat small.message-overflow {font-size:0pt;} .message-overflow::before {font-size:9pt;content:'...';} .subtle {color:#3A4A66;}
</style>
<div class="wrapper replay-wrapper" style="max-width:1180px;margin:0 auto">
<input type="hidden" name="replayid" value="destiny-ou-549587" />
<div class="battle"></div><div class="battle-log"></div><div class="replay-controls"></div><div class="replay-controls-2"></div>
<h1 style="font-weight:normal;text-align:center"><strong>OU</strong><br /><a href="http://pokemonshowdown.com/users/grardway" class="subtle" target="_blank">Gеrard Way</a> vs. <a href="http://pokemonshowdown.com/users/magno777" class="subtle" target="_blank">magno777</a></h1>
<script type="text/plain" class="battle-log-data">|unlink|||tour
|player|p1|Gеrard Way|grardway-15.gif?739b7485
|teamsize|p1|6
|player|p2|magno777|3
|teamsize|p2|6
|teamsize|p1|6
|teamsize|p2|6
|gametype|singles
|gen|7
|tier|OU
|seed|42711,43482,2036,34471
|rule|Cláusula-Mod de Dormir: solo puedes dormir a uno de tus oponentes a la vez.
|rule|Cláusula de Especie: Hasta un Pokémon de cada especie
|rule|Cláusula de Golpe Fulminante: los movimientos fulminantes (OHKO) estan prohibidos
|rule|Cláusula de Veleta: la habilidad Veleta está prohibida
|rule|Cláusula de Movimientos Evasivos: los movimientos de Evasión están prohibidos.
|rule|Cláusula de Batallas Eternas: forzar batallas eternas está prohibido
|clearpoke
|poke|p1|Tangela, F|item
|poke|p1|Corsola, F|item
|poke|p1|Zygarde|item
|poke|p1|Magearna|item
|poke|p1|Tapu Bulu|item
|poke|p1|Zapdos|item
|poke|p2|Venusaur, F|item
|poke|p2|Clefable, M|item
|poke|p2|Landorus-Therian, M|item
|poke|p2|Greninja, M|item
|poke|p2|Zygarde|item
|poke|p2|Celesteela|item
|teampreview|undefined
|choice|*team 423156|*
|choice|*|*team 321456
|choice|team 4, 2, 3, 1, 5, 6|team 3, 2, 1, 4, 5, 6
|
|start
|switch|p1a: Magearna|Magearna|302\/302
|switch|p2a: Landorus|Landorus-Therian, M|349\/349
|-ability|p2a: Landorus|Intimidate|boost
|-unboost|p1a: Magearna|atk|1
|turn|1
|choice|*move 3|*
|choice|*|*move 3
|choice|move icebeam|move uturn
|
|move|p2a: Landorus|U-turn|p1a: Magearna
|-resisted|p1a: Magearna
|-damage|p1a: Magearna|290\/302
|choice|*|*switch 2
|choice||switch 2
|
|switch|p2a: Clefable|Clefable, M|394\/394|[from]move: U-turn
|move|p1a: Magearna|Ice Beam|p2a: Clefable
|-damage|p2a: Clefable|299\/394
|
|-heal|p1a: Magearna|302\/302|[from] item: Leftovers
|-heal|p2a: Clefable|323\/394|[from] item: Leftovers
|upkeep
|turn|2
|choice|*|*move 1
|choice|*move 2|*
|choice|move calmmind|move stealthrock
|
|move|p1a: Magearna|Calm Mind|p1a: Magearna
|-boost|p1a: Magearna|spa|1
|-boost|p1a: Magearna|spd|1
|move|p2a: Clefable|Stealth Rock|p1a: Magearna
|-sidestart|p1: Gеrard Way|move: Stealth Rock
|
|-heal|p2a: Clefable|347\/394|[from] item: Leftovers
|upkeep
|turn|3
|choice|*move 2|*
|choice|*|*switch 3
|choice|move calmmind|switch 3
|
|switch|p2a: Venusaur|Venusaur, F|363\/363
|move|p1a: Magearna|Calm Mind|p1a: Magearna
|-boost|p1a: Magearna|spa|1
|-boost|p1a: Magearna|spd|1
|
|upkeep
|turn|4
|choice|*move 3|*
|choice|*|*move 1 mega
|choice|move icebeam|move earthquake mega
|
|-mega|p2a: Venusaur|Venusaur|Venusaurite
|detailschange|p2a: Venusaur|Venusaur-Mega, F
|move|p2a: Venusaur|Earthquake|p1a: Magearna
|-supereffective|p1a: Magearna
|-damage|p1a: Magearna|200\/302
|move|p1a: Magearna|Ice Beam|p2a: Venusaur
|-supereffective|p2a: Venusaur
|-crit|p2a: Venusaur
|-damage|p2a: Venusaur|193\/363
|
|-heal|p1a: Magearna|218\/302|[from] item: Leftovers
|upkeep
|turn|5
|choice|*|*move 4
|choice|*move 2|*
|choice|move calmmind|move roar
|
|move|p1a: Magearna|Calm Mind|p1a: Magearna
|-boost|p1a: Magearna|spa|1
|-boost|p1a: Magearna|spd|1
|move|p2a: Venusaur|Roar|p1a: Magearna
|drag|p1a: Zygarde|Zygarde|358\/358
|-damage|p1a: Zygarde|336\/358|[from] Stealth Rock
|-ability|p1a: Zygarde|Aura Break
|
|upkeep
|turn|6
|choice|*move 1|*
|choice|*|*switch 2
|choice|move thousandarrows|switch 2
|
|switch|p2a: Landorus|Landorus-Therian, M|349\/349
|-ability|p2a: Landorus|Intimidate|boost
|-unboost|p1a: Zygarde|atk|1
|move|p1a: Zygarde|Thousand Arrows|p2a: Landorus
|-damage|p2a: Landorus|210\/349
|-start|p2a: Landorus|Smack Down
|
|upkeep
|turn|7
|choice|*|*move 3
|choice|*switch 5|*
|choice|switch 5|move uturn
|
|switch|p1a: Tapu Bulu|Tapu Bulu|343\/343
|-damage|p1a: Tapu Bulu|301\/343|[from] Stealth Rock
|-fieldstart|move: Grassy Terrain|[from] ability: Grassy Surge|[of] p1a: Tapu Bulu
|move|p2a: Landorus|U-turn|p1a: Tapu Bulu
|-damage|p1a: Tapu Bulu|226\/343
|choice|*|*switch 2
|choice||switch 2
|
|switch|p2a: Venusaur|Venusaur-Mega, F|193\/363|[from]move: U-turn
|
|-heal|p1a: Tapu Bulu|247\/343|[from] item: Leftovers
|-heal|p1a: Tapu Bulu|268\/343|[from] Grassy Terrain
|-heal|p2a: Venusaur|215\/363|[from] Grassy Terrain
|upkeep
|turn|8
|choice|*switch 3|*
|choice|*|*move 2
|choice|switch 3|move sludgebomb
|
|switch|p1a: Magearna|Magearna|218\/302
|-damage|p1a: Magearna|200\/302|[from] Stealth Rock
|move|p2a: Venusaur|Sludge Bomb|p1a: Magearna
|-immune|p1a: Magearna|[msg]
|
|-heal|p2a: Venusaur|237\/363|[from] Grassy Terrain
|-heal|p1a: Magearna|218\/302|[from] item: Leftovers
|-heal|p1a: Magearna|236\/302|[from] Grassy Terrain
|upkeep
|turn|9
|choice|*move 2|*
|choice|*|*move 4
|choice|move calmmind|move roar
|
|move|p1a: Magearna|Calm Mind|p1a: Magearna
|-boost|p1a: Magearna|spa|1
|-boost|p1a: Magearna|spd|1
|move|p2a: Venusaur|Roar|p1a: Magearna
|drag|p1a: Zapdos|Zapdos|321\/321
|-damage|p1a: Zapdos|241\/321|[from] Stealth Rock
|-ability|p1a: Zapdos|Pressure
|
|-heal|p2a: Venusaur|259\/363|[from] Grassy Terrain
|upkeep
|turn|10
|choice|*move 3|*
|choice|*|*move 2
|choice|*switch 5|*
|choice|switch 5|move sludgebomb
|
|switch|p1a: Zygarde|Zygarde|336\/358
|-damage|p1a: Zygarde|314\/358|[from] Stealth Rock
|-ability|p1a: Zygarde|Aura Break
|move|p2a: Venusaur|Sludge Bomb|p1a: Zygarde
|-resisted|p1a: Zygarde
|-damage|p1a: Zygarde|253\/358
|
|-heal|p1a: Zygarde|275\/358|[from] Grassy Terrain
|-heal|p2a: Venusaur|281\/363|[from] Grassy Terrain
|upkeep
|turn|11
|choice|*move 1|*
|choice|*|*switch 6
|choice|move thousandarrows|switch 6
|
|switch|p2a: Celesteela|Celesteela|398\/398
|move|p1a: Zygarde|Thousand Arrows|p2a: Celesteela
|-crit|p2a: Celesteela
|-damage|p2a: Celesteela|166\/398
|-start|p2a: Celesteela|Smack Down
|
|-heal|p1a: Zygarde|297\/358|[from] Grassy Terrain
|-heal|p2a: Celesteela|190\/398|[from] item: Leftovers
|-heal|p2a: Celesteela|214\/398|[from] Grassy Terrain
|-fieldend|move: Grassy Terrain
|upkeep
|turn|12
|choice|*move 1|*
|choice|*|*move 4
|choice|move thousandarrows|move protect
|
|move|p2a: Celesteela|Protect|p2a: Celesteela
|-singleturn|p2a: Celesteela|Protect
|move|p1a: Zygarde|Thousand Arrows|p2a: Celesteela
|-activate|p2a: Celesteela|move: Protect
|
|-heal|p2a: Celesteela|238\/398|[from] item: Leftovers
|upkeep
|turn|13
|choice|*move 1|*
|choice|*|*move 3
|choice|move thousandarrows|move leechseed
|
|move|p1a: Zygarde|Thousand Arrows|p2a: Celesteela
|-supereffective|p2a: Celesteela
|-damage|p2a: Celesteela|0 fnt
|faint|p2a: Celesteela
|
|upkeep
|choice|*|*switch 2
|choice||switch 2
|
|switch|p2a: Landorus|Landorus-Therian, M|210\/349
|-ability|p2a: Landorus|Intimidate|boost
|-unboost|p1a: Zygarde|atk|1
|turn|14
|choice|*|*move 3
|choice|*switch 4|*
|choice|switch 4|move uturn
|
|switch|p1a: Tangela|Tangela, F|334\/334
|-damage|p1a: Tangela|293\/334|[from] Stealth Rock
|move|p2a: Landorus|U-turn|p1a: Tangela
|-supereffective|p1a: Tangela
|-damage|p1a: Tangela|227\/334
|choice|*|*switch 6
|choice||switch 6
|
|switch|p2a: Venusaur|Venusaur-Mega, F|281\/363|[from]move: U-turn
|
|upkeep
|turn|15
|choice|*|*move 2
|choice|*switch 6|*
|choice|switch 6|move sludgebomb
|
|switch|p1a: Magearna|Magearna|236\/302
|-damage|p1a: Magearna|218\/302|[from] Stealth Rock
|move|p2a: Venusaur|Sludge Bomb|p1a: Magearna
|-immune|p1a: Magearna|[msg]
|
|-heal|p1a: Magearna|236\/302|[from] item: Leftovers
|upkeep
|turn|16
|choice|*move 3|*
|choice|*|*move 4
|choice|move icebeam|move roar
|
|move|p1a: Magearna|Ice Beam|p2a: Venusaur
|-supereffective|p2a: Venusaur
|-damage|p2a: Venusaur|221\/363
|move|p2a: Venusaur|Roar|p1a: Magearna
|drag|p1a: Tapu Bulu|Tapu Bulu|268\/343
|-damage|p1a: Tapu Bulu|226\/343|[from] Stealth Rock
|-fieldstart|move: Grassy Terrain|[from] ability: Grassy Surge|[of] p1a: Tapu Bulu
|
|-heal|p1a: Tapu Bulu|247\/343|[from] item: Leftovers
|-heal|p1a: Tapu Bulu|268\/343|[from] Grassy Terrain
|-heal|p2a: Venusaur|243\/363|[from] Grassy Terrain
|upkeep
|turn|17
|choice|*switch 3|*
|choice|*|*move 3
|choice|switch 3|move hiddenpower
|
|switch|p1a: Magearna|Magearna|236\/302
|-damage|p1a: Magearna|218\/302|[from] Stealth Rock
|move|p2a: Venusaur|Hidden Power|p1a: Magearna
|-supereffective|p1a: Magearna
|-damage|p1a: Magearna|136\/302
|
|-heal|p2a: Venusaur|265\/363|[from] Grassy Terrain
|-heal|p1a: Magearna|154\/302|[from] item: Leftovers
|-heal|p1a: Magearna|172\/302|[from] Grassy Terrain
|upkeep
|turn|18
|choice|*move 1|*
|choice|*|*move 3
|choice|move painsplit|move hiddenpower
|
|move|p2a: Venusaur|Hidden Power|p1a: Magearna
|-supereffective|p1a: Magearna
|-damage|p1a: Magearna|92\/302
|move|p1a: Magearna|Pain Split|p2a: Venusaur
|-sethp|p2a: Venusaur|178\/363|p1a: Magearna|178\/302|[from] move: Pain Split
|
|-heal|p2a: Venusaur|200\/363|[from] Grassy Terrain
|-heal|p1a: Magearna|196\/302|[from] item: Leftovers
|-heal|p1a: Magearna|214\/302|[from] Grassy Terrain
|upkeep
|turn|19
|choice|*move 3|*
|choice|*|*move 4
|choice|move icebeam|move roar
|
|move|p1a: Magearna|Ice Beam|p2a: Venusaur
|-supereffective|p2a: Venusaur
|-damage|p2a: Venusaur|138\/363
|move|p2a: Venusaur|Roar|p1a: Magearna
|drag|p1a: Corsola|Corsola, F|334\/334
|-damage|p1a: Corsola|293\/334|[from] Stealth Rock
|
|-heal|p2a: Venusaur|160\/363|[from] Grassy Terrain
|-heal|p1a: Corsola|313\/334|[from] item: Leftovers
|-heal|p1a: Corsola|333\/334|[from] Grassy Terrain
|upkeep
|turn|20
|choice|*switch 2|*
|choice|*switch 2|*
|choice|*|*move 2
|choice|switch 2|move sludgebomb
|
|switch|p1a: Magearna|Magearna|214\/302
|-damage|p1a: Magearna|196\/302|[from] Stealth Rock
|move|p2a: Venusaur|Sludge Bomb|p1a: Magearna
|-immune|p1a: Magearna|[msg]
|
|-heal|p2a: Venusaur|182\/363|[from] Grassy Terrain
|-heal|p1a: Magearna|214\/302|[from] item: Leftovers
|-heal|p1a: Magearna|232\/302|[from] Grassy Terrain
|-fieldend|move: Grassy Terrain
|upkeep
|turn|21
|choice|*move 3|*
|choice|*|*move 3
|choice|move icebeam|move hiddenpower
|
|move|p2a: Venusaur|Hidden Power|p1a: Magearna
|-supereffective|p1a: Magearna
|-damage|p1a: Magearna|148\/302
|move|p1a: Magearna|Ice Beam|p2a: Venusaur
|-supereffective|p2a: Venusaur
|-damage|p2a: Venusaur|124\/363
|
|-heal|p1a: Magearna|166\/302|[from] item: Leftovers
|upkeep
|turn|22
|choice|*move 3|*
|choice|*|*switch 3
|choice|move icebeam|switch 3
|
|switch|p2a: Clefable|Clefable, M|347\/394
|move|p1a: Magearna|Ice Beam|p2a: Clefable
|-damage|p2a: Clefable|253\/394
|
|-heal|p1a: Magearna|184\/302|[from] item: Leftovers
|-heal|p2a: Clefable|277\/394|[from] item: Leftovers
|upkeep
|turn|23
|choice|*move 2|*
|choice|*|*switch 5
|choice|move calmmind|switch 5
|
|switch|p2a: Zygarde|Zygarde|357\/357
|-ability|p2a: Zygarde|Aura Break
|move|p1a: Magearna|Calm Mind|p1a: Magearna
|-boost|p1a: Magearna|spa|1
|-boost|p1a: Magearna|spd|1
|
|-heal|p1a: Magearna|202\/302|[from] item: Leftovers
|upkeep
|turn|24
|choice|*switch 6|*
|choice|*|*move 2
|choice|switch 6|move thousandarrows
|
|switch|p1a: Tangela|Tangela, F|334\/334
|-damage|p1a: Tangela|293\/334|[from] Stealth Rock
|move|p2a: Zygarde|Thousand Arrows|p1a: Tangela
|-resisted|p1a: Tangela
|-damage|p1a: Tangela|262\/334
|
|upkeep
|turn|25
|choice|*|*move 4
|choice|*move 2|*
|choice|move hiddenpower|move substitute
|
|move|p2a: Zygarde|Substitute|p2a: Zygarde
|-start|p2a: Zygarde|Substitute
|-damage|p2a: Zygarde|268\/357
|move|p1a: Tangela|Hidden Power|p2a: Zygarde
|-supereffective|p2a: Zygarde
|-end|p2a: Zygarde|Substitute
|
|-heal|p2a: Zygarde|290\/357|[from] item: Leftovers
|upkeep
|turn|26
|choice|*move 2|*
|choice|*|*switch 5
|choice|move hiddenpower|switch 5
|
|switch|p2a: Clefable|Clefable, M|277\/394
|move|p1a: Tangela|Hidden Power|p2a: Clefable
|-damage|p2a: Clefable|222\/394
|
|-heal|p2a: Clefable|246\/394|[from] item: Leftovers
|upkeep
|turn|27
|choice|*switch 6|*
|choice|*switch 6|*
|choice|*|*switch 5
|choice|switch 6|switch 5
|
|switch|p1a: Magearna|Magearna|202\/302
|-damage|p1a: Magearna|184\/302|[from] Stealth Rock
|switch|p2a: Zygarde|Zygarde|290\/357
|-ability|p2a: Zygarde|Aura Break
|
|-heal|p2a: Zygarde|312\/357|[from] item: Leftovers
|-heal|p1a: Magearna|202\/302|[from] item: Leftovers
|upkeep
|turn|28
|choice|*switch 6|*
|choice|*|*move 4
|choice|switch 6|move substitute
|
|switch|p1a: Tangela|Tangela, F|334\/334
|-damage|p1a: Tangela|293\/334|[from] Stealth Rock
|move|p2a: Zygarde|Substitute|p2a: Zygarde
|-start|p2a: Zygarde|Substitute
|-damage|p2a: Zygarde|223\/357
|
|-heal|p2a: Zygarde|245\/357|[from] item: Leftovers
|upkeep
|turn|29
|choice|*move 2|*
|choice|*|*move 3
|choice|move hiddenpower|move toxic
|
|move|p2a: Zygarde|Toxic|p1a: Tangela|[miss]
|-miss|p2a: Zygarde|p1a: Tangela
|move|p1a: Tangela|Hidden Power|p2a: Zygarde
|-supereffective|p2a: Zygarde
|-end|p2a: Zygarde|Substitute
|
|-heal|p2a: Zygarde|267\/357|[from] item: Leftovers
|upkeep
|turn|30
|choice|*move 2|*
|choice|*|*switch 5
|choice|move hiddenpower|switch 5
|
|switch|p2a: Clefable|Clefable, M|246\/394
|move|p1a: Tangela|Hidden Power|p2a: Clefable
|-damage|p2a: Clefable|193\/394
|
|-heal|p2a: Clefable|217\/394|[from] item: Leftovers
|upkeep
|turn|31
|choice|*|*move 4
|choice|*switch 6|*
|choice|switch 6|move wish
|
|switch|p1a: Magearna|Magearna|202\/302
|-damage|p1a: Magearna|184\/302|[from] Stealth Rock
|move|p2a: Clefable|Wish|p2a: Clefable
|
|-heal|p1a: Magearna|202\/302|[from] item: Leftovers
|-heal|p2a: Clefable|241\/394|[from] item: Leftovers
|upkeep
|turn|32
|choice|*move 2|*
|choice|*|*switch 3
|choice|*move 3|*
|choice|move icebeam|switch 3
|
|switch|p2a: Venusaur|Venusaur-Mega, F|124\/363
|move|p1a: Magearna|Ice Beam|p2a: Venusaur
|-supereffective|p2a: Venusaur
|-damage|p2a: Venusaur|66\/363
|
|-heal|p2a: Venusaur|263\/363|[from] move: Wish|[wisher] Clefable
|-heal|p1a: Magearna|220\/302|[from] item: Leftovers
|upkeep
|turn|33
|choice|*move 3|*
|choice|*|*move 1
|choice|move icebeam|move earthquake
|
|move|p2a: Venusaur|Earthquake|p1a: Magearna
|-supereffective|p1a: Magearna
|-damage|p1a: Magearna|116\/302
|move|p1a: Magearna|Ice Beam|p2a: Venusaur
|-supereffective|p2a: Venusaur
|-damage|p2a: Venusaur|205\/363
|
|-heal|p1a: Magearna|134\/302|[from] item: Leftovers
|upkeep
|turn|34
|choice|*move 1|*
|choice|*|*move 4
|choice|move painsplit|move roar
|
|move|p1a: Magearna|Pain Split|p2a: Venusaur
|-sethp|p2a: Venusaur|169\/363|p1a: Magearna|169\/302|[from] move: Pain Split
|move|p2a: Venusaur|Roar|p1a: Magearna
|drag|p1a: Zapdos|Zapdos|241\/321
|-damage|p1a: Zapdos|161\/321|[from] Stealth Rock
|-ability|p1a: Zapdos|Pressure
|
|upkeep
|turn|35
|choice|*switch 4|*
|choice|*|*move 3
|choice|switch 4|move hiddenpower
|
|switch|p1a: Zygarde|Zygarde|297\/358
|-damage|p1a: Zygarde|275\/358|[from] Stealth Rock
|-ability|p1a: Zygarde|Aura Break
|move|p2a: Venusaur|Hidden Power|p1a: Zygarde
|-resisted|p1a: Zygarde
|-crit|p1a: Zygarde
|-damage|p1a: Zygarde|228\/358
|
|upkeep
|turn|36
|choice|*move 1|*
|choice|*|*switch 6
|choice|move thousandarrows|switch 6
|
|switch|p2a: Landorus|Landorus-Therian, M|210\/349
|-ability|p2a: Landorus|Intimidate|boost
|-unboost|p1a: Zygarde|atk|1
|move|p1a: Zygarde|Thousand Arrows|p2a: Landorus
|-damage|p2a: Landorus|63\/349
|-start|p2a: Landorus|Smack Down
|
|upkeep
|turn|37
|choice|*switch 6|*
|choice|*|*move 3
|choice|switch 6|move uturn
|
|switch|p1a: Tangela|Tangela, F|334\/334
|-damage|p1a: Tangela|293\/334|[from] Stealth Rock
|move|p2a: Landorus|U-turn|p1a: Tangela
|-supereffective|p1a: Tangela
|-damage|p1a: Tangela|227\/334
|choice|*|*switch 4
|choice||switch 4
|
|switch|p2a: Greninja|Greninja, M|285\/285|[from]move: U-turn
|
|upkeep
|turn|38
|choice|*|*move 1
|choice|*switch 3|*
|choice|switch 3|move icebeam
|
|switch|p1a: Tapu Bulu|Tapu Bulu|268\/343
|-damage|p1a: Tapu Bulu|226\/343|[from] Stealth Rock
|-fieldstart|move: Grassy Terrain|[from] ability: Grassy Surge|[of] p1a: Tapu Bulu
|move|p2a: Greninja|Ice Beam|p1a: Tapu Bulu
|-supereffective|p1a: Tapu Bulu
|-damage|p1a: Tapu Bulu|82\/343
|-status|p1a: Tapu Bulu|frz
|
|-heal|p1a: Tapu Bulu|103\/343 frz|[from] item: Leftovers
|-heal|p1a: Tapu Bulu|124\/343 frz|[from] Grassy Terrain
|upkeep
|turn|39
|choice|*switch 2|*
|choice|*|*move 2
|choice|*switch 5|*
|choice|switch 5|move hydropump
|
|switch|p1a: Magearna|Magearna|169\/302
|-damage|p1a: Magearna|151\/302|[from] Stealth Rock
|move|p2a: Greninja|Hydro Pump|p1a: Magearna
|-damage|p1a: Magearna|31\/302
|
|-heal|p1a: Magearna|49\/302|[from] item: Leftovers
|-heal|p1a: Magearna|67\/302|[from] Grassy Terrain
|upkeep
|turn|40
|choice|*|*move 2
|choice|*switch 2|*
|choice|switch 2|move hydropump
|
|switch|p1a: Corsola|Corsola, F|334\/334
|-damage|p1a: Corsola|293\/334|[from] Stealth Rock
|move|p2a: Greninja|Hydro Pump|p1a: Corsola|[miss]
|-miss|p2a: Greninja|p1a: Corsola
|
|-heal|p1a: Corsola|313\/334|[from] item: Leftovers
|-heal|p1a: Corsola|333\/334|[from] Grassy Terrain
|upkeep
|turn|41
|choice|*move 4|*
|choice|*|*switch 3
|choice|move stealthrock|switch 3
|
|switch|p2a: Clefable|Clefable, M|241\/394
|move|p1a: Corsola|Stealth Rock|p2a: Clefable
|-sidestart|p2: magno777|move: Stealth Rock
|
|-heal|p2a: Clefable|265\/394|[from] item: Leftovers
|-heal|p2a: Clefable|289\/394|[from] Grassy Terrain
|-heal|p1a: Corsola|334\/334|[from] item: Leftovers
|upkeep
|turn|42
|choice|*switch 2|*
|choice|*|*move 2
|choice|switch 2|move moonblast
|
|switch|p1a: Magearna|Magearna|67\/302
|-damage|p1a: Magearna|49\/302|[from] Stealth Rock
|move|p2a: Clefable|Moonblast|p1a: Magearna
|-resisted|p1a: Magearna
|-damage|p1a: Magearna|11\/302
|
|-heal|p1a: Magearna|29\/302|[from] item: Leftovers
|-heal|p1a: Magearna|47\/302|[from] Grassy Terrain
|-heal|p2a: Clefable|313\/394|[from] item: Leftovers
|-heal|p2a: Clefable|337\/394|[from] Grassy Terrain
|-fieldend|move: Grassy Terrain
|upkeep
|turn|43
|choice|*move 1|*
|choice|*|*switch 4
|choice|move painsplit|switch 4
|
|switch|p2a: Landorus|Landorus-Therian, M|63\/349
|-damage|p2a: Landorus|20\/349|[from] Stealth Rock
|-ability|p2a: Landorus|Intimidate|boost
|-unboost|p1a: Magearna|atk|1
|move|p1a: Magearna|Pain Split|p2a: Landorus
|-sethp|p2a: Landorus|33\/349|p1a: Magearna|33\/302|[from] move: Pain Split
|
|-heal|p1a: Magearna|51\/302|[from] item: Leftovers
|upkeep
|turn|44
|choice|*switch 3|*
|choice|*|*move 3
|choice|switch 3|move uturn
|
|switch|p1a: Tangela|Tangela, F|334\/334
|-damage|p1a: Tangela|293\/334|[from] Stealth Rock
|move|p2a: Landorus|U-turn|p1a: Tangela
|-supereffective|p1a: Tangela
|-damage|p1a: Tangela|225\/334
|choice|*|*switch 3
|choice||switch 3
|
|switch|p2a: Greninja|Greninja, M|285\/285|[from]move: U-turn
|-damage|p2a: Greninja|250\/285|[from] Stealth Rock
|
|upkeep
|turn|45
|choice|*switch 2|*
|choice|*|*move 1
|choice|switch 2|move icebeam
|
|switch|p1a: Corsola|Corsola, F|334\/334
|-damage|p1a: Corsola|293\/334|[from] Stealth Rock
|move|p2a: Greninja|Ice Beam|p1a: Corsola
|-resisted|p1a: Corsola
|-damage|p1a: Corsola|258\/334
|
|-heal|p1a: Corsola|278\/334|[from] item: Leftovers
|upkeep
|turn|46
|choice|*move 1|*
|choice|*|*switch 4
|choice|move toxic|switch 4
|
|switch|p2a: Clefable|Clefable, M|337\/394
|move|p1a: Corsola|Toxic|p2a: Clefable
|-status|p2a: Clefable|tox
|
|-heal|p2a: Clefable|361\/394 tox|[from] item: Leftovers
|-heal|p1a: Corsola|298\/334|[from] item: Leftovers
|upkeep
|turn|47
|choice|*switch 4|*
|choice|*switch 4|*
|choice|*|*switch 5
|choice|switch 4|switch 5
|
|switch|p2a: Zygarde|Zygarde|267\/357
|-damage|p2a: Zygarde|245\/357|[from] Stealth Rock
|-ability|p2a: Zygarde|Aura Break
|switch|p1a: Zapdos|Zapdos|161\/321
|-damage|p1a: Zapdos|81\/321|[from] Stealth Rock
|-ability|p1a: Zapdos|Pressure
|
|-heal|p2a: Zygarde|267\/357|[from] item: Leftovers
|upkeep
|turn|48
|choice|*move 1|*
|choice|*|*move 4
|choice|move hiddenpower|move substitute
|
|move|p1a: Zapdos|Hidden Power|p2a: Zygarde
|-supereffective|p2a: Zygarde
|-damage|p2a: Zygarde|0 fnt
|faint|p2a: Zygarde
|
|upkeep
|choice|*|*switch 4
|choice||switch 4
|
|switch|p2a: Greninja|Greninja, M|250\/285
|-damage|p2a: Greninja|215\/285|[from] Stealth Rock
|turn|49
|choice|*switch 4|*
|choice|*|*move 1
|choice|switch 4|move icebeam
|
|switch|p1a: Corsola|Corsola, F|334\/334
|-damage|p1a: Corsola|293\/334|[from] Stealth Rock
|move|p2a: Greninja|Ice Beam|p1a: Corsola
|-resisted|p1a: Corsola
|-damage|p1a: Corsola|262\/334
|
|-heal|p1a: Corsola|282\/334|[from] item: Leftovers
|upkeep
|turn|50
|choice|*move 1|*
|choice|*|*move 2
|choice|move toxic|move hydropump
|
|move|p2a: Greninja|Hydro Pump|p1a: Corsola
|-crit|p1a: Corsola
|-damage|p1a: Corsola|93\/334
|move|p1a: Corsola|Toxic|p2a: Greninja
|-status|p2a: Greninja|tox
|
|-heal|p1a: Corsola|113\/334|[from] item: Leftovers
|-damage|p2a: Greninja|198\/285 tox|[from] psn
|upkeep
|turn|51
|c|☆Gеrard Way|Joder, qué puta suerte
|choice|*|*move 2
|choice|*move 2|*
|choice|move recover|move hydropump
|
|move|p2a: Greninja|Hydro Pump|p1a: Corsola
|-damage|p1a: Corsola|0 fnt
|faint|p1a: Corsola
|-activate|p2a: Greninja|ability: Battle Bond
|detailschange|p2a: Greninja|Greninja-Ash, M
|
|-damage|p2a: Greninja|164\/285 tox|[from] psn
|upkeep
|choice|*switch 6|*
|choice|switch 6|
|
|switch|p1a: Zygarde|Zygarde|228\/358
|-damage|p1a: Zygarde|206\/358|[from] Stealth Rock
|-ability|p1a: Zygarde|Aura Break
|turn|52
|choice|*move 2|*
|choice|*|*move 1
|choice|move extremespeed|move icebeam
|
|move|p1a: Zygarde|Extreme Speed|p2a: Greninja
|-damage|p2a: Greninja|0 fnt
|faint|p2a: Greninja
|
|upkeep
|choice|*|*switch 5
|choice||switch 5
|
|switch|p2a: Clefable|Clefable, M|361\/394 tox
|turn|53
|choice|*|*move 4
|choice|*switch 3|*
|choice|switch 3|move wish
|
|switch|p1a: Magearna|Magearna|51\/302
|-damage|p1a: Magearna|33\/302|[from] Stealth Rock
|move|p2a: Clefable|Wish|p2a: Clefable
|
|-heal|p1a: Magearna|51\/302|[from] item: Leftovers
|-heal|p2a: Clefable|385\/394 tox|[from] item: Leftovers
|upkeep
|turn|54
|choice|*|*switch 6
|choice|*move 3|*
|choice|move icebeam|switch 6
|
|switch|p2a: Venusaur|Venusaur-Mega, F|169\/363
|-damage|p2a: Venusaur|124\/363|[from] Stealth Rock
|move|p1a: Magearna|Ice Beam|p2a: Venusaur
|-supereffective|p2a: Venusaur
|-damage|p2a: Venusaur|70\/363
|
|-heal|p2a: Venusaur|267\/363|[from] move: Wish|[wisher] Clefable
|-heal|p1a: Magearna|69\/302|[from] item: Leftovers
|upkeep
|turn|55
|choice|*move 1|*
|choice|*|*move 1
|choice|move painsplit|move earthquake
|
|move|p2a: Venusaur|Earthquake|p1a: Magearna
|-supereffective|p1a: Magearna
|-damage|p1a: Magearna|0 fnt
|faint|p1a: Magearna
|
|upkeep
|choice|*switch 3|*
|choice|switch 3|
|
|switch|p1a: Zygarde|Zygarde|206\/358
|-damage|p1a: Zygarde|184\/358|[from] Stealth Rock
|-ability|p1a: Zygarde|Aura Break
|turn|56
|choice|*move 1|*
|choice|*|*move 2
|choice|move thousandarrows|move sludgebomb
|
|move|p1a: Zygarde|Thousand Arrows|p2a: Venusaur
|-crit|p2a: Venusaur
|-damage|p2a: Venusaur|0 fnt
|faint|p2a: Venusaur
|
|upkeep
|choice|*|*switch 3
|choice||switch 3
|
|switch|p2a: Landorus|Landorus-Therian, M|33\/349
|-damage|p2a: Landorus|0 fnt|[from] Stealth Rock
|faint|p2a: Landorus
|choice|*|*switch 6
|choice||switch 6
|
|switch|p2a: Clefable|Clefable, M|385\/394 tox
|turn|57
|choice|*|*move 2
|choice|*move 1|*
|choice|move thousandarrows|move moonblast
|
|move|p1a: Zygarde|Thousand Arrows|p2a: Clefable
|-damage|p2a: Clefable|189\/394 tox
|move|p2a: Clefable|Moonblast|p1a: Zygarde
|-supereffective|p1a: Zygarde
|-damage|p1a: Zygarde|0 fnt
|faint|p1a: Zygarde
|
|-heal|p2a: Clefable|213\/394 tox|[from] item: Leftovers
|upkeep
|choice|*switch 4|*
|choice|switch 4|
|
|switch|p1a: Zapdos|Zapdos|81\/321
|-damage|p1a: Zapdos|1\/321|[from] Stealth Rock
|-ability|p1a: Zapdos|Pressure
|turn|58
|choice|*move 4 zmove|*
|choice|*|*move 3
|choice|move thunderbolt zmove|move softboiled
|
|-zpower|p1a: Zapdos
|move|p1a: Zapdos|Gigavolt Havoc|p2a: Clefable|[zeffect]
|-damage|p2a: Clefable|0 fnt
|faint|p2a: Clefable
|
|win|Gеrard Way
|c|☆Gеrard Way|gg
</script>
</div>
<div class="battle-log battle-log-inline"><div class="inner"><div class="battle-options"></div><div class="inner"><div class=""><small>Format:</small> <br><strong>OU</strong></div><div class=""><small><em>Cláusula-Mod de Dormir:</em> solo puedes dormir a uno de tus oponentes a la vez.</small></div><div class=""><small><em>Cláusula de Especie:</em> Hasta un Pokémon de cada especie</small></div><div class=""><small><em>Cláusula de Golpe Fulminante:</em> los movimientos fulminantes (OHKO) estan prohibidos</small></div><div class=""><small><em>Cláusula de Veleta:</em> la habilidad Veleta está prohibida</small></div><div class=""><small><em>Cláusula de Movimientos Evasivos:</em> los movimientos de Evasión están prohibidos.</small></div><div class=""><small><em>Cláusula de Batallas Eternas:</em> forzar batallas eternas está prohibido</small></div><div class="chat battle-history"><strong>Gеrard Way's team:</strong> <em style="color:#445566;display:block;">Tangela / Corsola / Zygarde / Magearna / Tapu Bulu / Zapdos</em></div><div class="chat battle-history"><strong>magno777's team:</strong> <em style="color:#445566;display:block;">Venusaur / Clefable / Landorus-Therian / Greninja / Zygarde / Celesteela</em></div><div class="spacer battle-history"><br></div><div class="battle-history">Battle started between Gеrard Way and magno777!<br></div><div class="spacer battle-history"><br></div><div class="battle-history">Go! <strong>Magearna</strong>!<br></div><div class="spacer battle-history"><br></div><div class="battle-history">magno777 sent out Landorus (<strong>Landorus-Therian</strong>)!<br></div><div class="battle-history"><small>[The opposing Landorus's Intimidate]</small><br></div><div class="battle-history"><small>Magearna's Attack fell!</small><br></div><div class="spacer battle-history"><br></div><h2 class="battle-history">Turn 1</h2><div class="spacer battle-history"><br></div><div class="battle-history">The opposing Landorus used <strong>U-turn</strong>!<br></div><div class="battle-history"><small>It's not very effective...</small><br></div><div class="battle-history"><small>(Magearna lost <abbr title="−12/302">4.0%</abbr> of its health!)</small><br></div><div class="spacer battle-history"><br></div><div class="battle-history">The opposing Landorus went back to magno777!<br></div><div class="battle-history">magno777 sent out <strong>Clefable</strong>!<br></div><div class="spacer battle-history"><br></div><div class="battle-history">Magearna used <strong>Ice Beam</strong>!<br></div><div class="battle-history"><small>(The opposing Clefable lost <abbr title="−95/394">24.1%</abbr> of its health!)</small><br></div><div class="spacer battle-history"><br></div><div class="battle-history"><small>Magearna restored a little HP using its Leftovers!</small><br></div><div class="battle-history"><small>The opposing Clefable restored a little HP using its Leftovers!</small><br></div><div class="spacer battle-history"><br></div><h2 class="battle-history">Turn 2</h2><div class="spacer battle-history"><br></div><div class="battle-history">Magearna used <strong>Calm Mind</strong>!<br></div><div class="battle-history"><small>Magearna's Special Attack rose!</small><br></div><div class="battle-history"><small>Magearna's Special Defense rose!</small><br></div><div class="spacer battle-history"><br></div><div class="battle-history">The opposing Clefable used <strong>Stealth Rock</strong>!<br></div><div class="battle-history"><small>Pointed stones float in the air around your team!</small><br></div><div class="spacer battle-history"><br></div><div class="battle-history"><small>The opposing Clefable restored a little HP using its Leftovers!</small><br></div><div class="spacer battle-history"><br></div><h2 class="battle-history">Turn 3</h2><div class="spacer battle-history"><br></div><div class="battle-history">magno777 withdrew Clefable!<br></div><div class="battle-history">magno777 sent out <strong>Venusaur</strong>!<br></div><div class="spacer battle-history"><br></div><div class="battle-history">Magearna used <strong>Calm Mind</strong>!<br></div><div class="battle-history"><small>Magearna's Special Attack rose!</small><br></div><div class="battle-history"><small>Magearna's Special Defense rose!</small><br></div><div class="spacer battle-history"><br></div><h2 class="battle-history">Turn 4</h2><div class="spacer battle-history"><br></div><div class="battle-history"><small>The opposing Venusaur's Venusaurite is reacting to the Key Stone!</small><br>The opposing Venusaur has Mega Evolved into Mega Venusaur!<br></div><div class="spacer battle-history"><br></div><div class="battle-history">The opposing Venusaur used <strong>Earthquake</strong>!<br></div><div class="battle-history"><small>It's super effective!</small><br></div><div class="battle-history"><small>(Magearna lost <abbr title="−102/302">33.8%</abbr> of its health!)</small><br></div><div class="spacer battle-history"><br></div><div class="battle-history">Magearna used <strong>Ice Beam</strong>!<br></div><div class="battle-history"><small>It's super effective!</small><br></div><div class="battle-history"><small>A critical hit!</small><br></div><div class="battle-history"><small>(The opposing Venusaur lost <abbr title="−170/363">46.8%</abbr> of its health!)</small><br></div><div class="spacer battle-history"><br></div><div class="battle-history"><small>Magearna restored a little HP using its Leftovers!</small><br></div><div class="spacer battle-history"><br></div><h2 class="battle-history">Turn 5</h2><div class="spacer battle-history"><br></div><div class="battle-history">Magearna used <strong>Calm Mind</strong>!<br></div><div class="battle-history"><small>Magearna's Special Attack rose!</small><br></div><div class="battle-history"><small>Magearna's Special Defense rose!</small><br></div><div class="spacer battle-history"><br></div><div class="battle-history">The opposing Venusaur used <strong>Roar</strong>!<br></div><div class="spacer battle-history"><br></div><div class="battle-history"><strong>Zygarde</strong> was dragged out!<br></div><div class="battle-history"><small>Pointed stones dug into Zygarde!</small><br></div><div class="battle-history"><small>[Zygarde's Aura Break]</small><br><small>Zygarde reversed all other Pokémon's auras!</small><br></div><div class="spacer battle-history"><br></div><h2 class="battle-history">Turn 6</h2><div class="spacer battle-history"><br></div><div class="battle-history">magno777 withdrew Venusaur!<br></div><div class="battle-history">magno777 sent out Landorus (<strong>Landorus-Therian</strong>)!<br></div><div class="battle-history"><small>[The opposing Landorus's Intimidate]</small><br></div><div class="battle-history"><small>Zygarde's Attack fell!</small><br></div><div class="spacer battle-history"><br></div><div class="battle-history">Zygarde used <strong>Thousand Arrows</strong>!<br></div><div class="battle-history"><small>(The opposing Landorus lost <abbr title="−139/349">39.8%</abbr> of its health!)</small><br></div><div class="battle-history"><small>The opposing Landorus fell straight down!</small><br></div><div class="spacer battle-history"><br></div><h2 class="battle-history">Turn 7</h2><div class="spacer battle-history"><br></div><div class="battle-history">Zygarde, come back!<br></div><div class="battle-history">Go! <strong>Tapu Bulu</strong>!<br></div><div class="battle-history"><small>Pointed stones dug into Tapu Bulu!</small><br></div><div class="battle-history"><small>[Tapu Bulu's Grassy Surge]</small><br><small>Grass grew to cover the battlefield!</small><br></div><div class="spacer battle-history"><br></div><div class="battle-history">The opposing Landorus used <strong>U-turn</strong>!<br></div><div class="battle-history"><small>(Tapu Bulu lost <abbr title="−75/343">21.9%</abbr> of its health!)</small><br></div><div class="spacer battle-history"><br></div><div class="battle-history">The opposing Landorus went back to magno777!<br></div><div class="battle-history">magno777 sent out Venusaur (<strong>Venusaur-Mega</strong>)!<br></div><div class="spacer battle-history"><br></div><div class="battle-history"><small>Tapu Bulu restored a little HP using its Leftovers!</small><br></div><div class="battle-history"><small>Tapu Bulu restored HP using its Grassy Terrain!</small><br></div><div class="battle-history"><small>The opposing Venusaur restored HP using its Grassy Terrain!</small><br></div><div class="spacer battle-history"><br></div><h2 class="battle-history">Turn 8</h2><div class="spacer battle-history"><br></div><div class="battle-history">Tapu Bulu, come back!<br></div><div class="battle-history">Go! <strong>Magearna</strong>!<br></div><div class="battle-history"><small>Pointed stones dug into Magearna!</small><br></div><div class="spacer battle-history"><br></div><div class="battle-history">The opposing Venusaur used <strong>Sludge Bomb</strong>!<br></div><div class="battle-history"><small>It doesn't affect Magearna...</small><br></div><div class="spacer battle-history"><br></div><div class="battle-history"><small>The opposing Venusaur restored HP using its Grassy Terrain!</small><br></div><div class="battle-history"><small>Magearna restored a little HP using its Leftovers!</small><br></div><div class="battle-history"><small>Magearna restored HP using its Grassy Terrain!</small><br></div><div class="spacer battle-history"><br></div><h2 class="battle-history">Turn 9</h2><div class="spacer battle-history"><br></div><div class="battle-history">Magearna used <strong>Calm Mind</strong>!<br></div><div class="battle-history"><small>Magearna's Special Attack rose!</small><br></div><div class="battle-history"><small>Magearna's Special Defense rose!</small><br></div><div class="spacer battle-history"><br></div><div class="battle-history">The opposing Venusaur used <strong>Roar</strong>!<br></div><div class="spacer battle-history"><br></div><div class="battle-history"><strong>Zapdos</strong> was dragged out!<br></div><div class="battle-history"><small>Pointed stones dug into Zapdos!</small><br></div><div class="battle-history"><small>[Zapdos's Pressure]</small><br><small>Zapdos is exerting its pressure!</small><br></div><div class="spacer battle-history"><br></div><div class="battle-history"><small>The opposing Venusaur restored HP using its Grassy Terrain!</small><br></div><div class="spacer battle-history"><br></div><h2 class="battle-history">Turn 10</h2><div class="spacer battle-history"><br></div><div class="battle-history">Zapdos, come back!<br></div><div class="battle-history">Go! <strong>Zygarde</strong>!<br></div><div class="battle-history"><small>Pointed stones dug into Zygarde!</small><br></div><div class="battle-history"><small>[Zygarde's Aura Break]</small><br><small>Zygarde reversed all other Pokémon's auras!</small><br></div><div class="spacer battle-history"><br></div><div class="battle-history">The opposing Venusaur used <strong>Sludge Bomb</strong>!<br></div><div class="battle-history"><small>It's not very effective...</small><br></div><div class="battle-history"><small>(Zygarde lost <abbr title="−61/358">17.0%</abbr> of its health!)</small><br></div><div class="spacer battle-history"><br></div><div class="battle-history"><small>Zygarde restored HP using its Grassy Terrain!</small><br></div><div class="battle-history"><small>The opposing Venusaur restored HP using its Grassy Terrain!</small><br></div><div class="spacer battle-history"><br></div><h2 class="battle-history">Turn 11</h2><div class="spacer battle-history"><br></div><div class="battle-history">magno777 withdrew Venusaur!<br></div><div class="battle-history">magno777 sent out <strong>Celesteela</strong>!<br></div><div class="spacer battle-history"><br></div><div class="battle-history">Zygarde used <strong>Thousand Arrows</strong>!<br></div><div class="battle-history"><small>A critical hit!</small><br></div><div class="battle-history"><small>(The opposing Celesteela lost <abbr title="−232/398">58.3%</abbr> of its health!)</small><br></div><div class="battle-history"><small>The opposing Celesteela fell straight down!</small><br></div><div class="spacer battle-history"><br></div><div class="battle-history"><small>Zygarde restored HP using its Grassy Terrain!</small><br></div><div class="battle-history"><small>The opposing Celesteela restored a little HP using its Leftovers!</small><br></div><div class="battle-history"><small>The opposing Celesteela restored HP using its Grassy Terrain!</small><br></div><div class="battle-history"><small>The grass disappeared from the battlefield.</small><br></div><div class="spacer battle-history"><br></div><h2 class="battle-history">Turn 12</h2><div class="spacer battle-history"><br></div><div class="battle-history">The opposing Celesteela used <strong>Protect</strong>!<br></div><div class="battle-history"><small>The opposing Celesteela protected itself!</small><br></div><div class="spacer battle-history"><br></div><div class="battle-history">Zygarde used <strong>Thousand Arrows</strong>!<br></div><div class="battle-history"><small>The opposing Celesteela protected itself!</small><br></div><div class="spacer battle-history"><br></div><div class="battle-history"><small>The opposing Celesteela restored a little HP using its Leftovers!</small><br></div><div class="spacer battle-history"><br></div><h2 class="battle-history">Turn 13</h2><div class="spacer battle-history"><br></div><div class="battle-history">Zygarde used <strong>Thousand Arrows</strong>!<br></div><div class="battle-history"><small>It's super effective!</small><br></div><div class="battle-history"><small>(The opposing Celesteela lost <abbr title="−238/398">59.8%</abbr> of its health!)</small><br></div><div class="spacer battle-history"><br></div><div class="battle-history">The opposing Celesteela fainted!<br></div><div class="spacer battle-history"><br></div><div class="battle-history">magno777 sent out Landorus (<strong>Landorus-Therian</strong>)!<br></div><div class="battle-history"><small>[The opposing Landorus's Intimidate]</small><br></div><div class="battle-history"><small>Zygarde's Attack fell!</small><br></div><div class="spacer battle-history"><br></div><h2 class="battle-history">Turn 14</h2><div class="spacer battle-history"><br></div><div class="battle-history">Zygarde, come back!<br></div><div class="battle-history">Go! <strong>Tangela</strong>!<br></div><div class="battle-history"><small>Pointed stones dug into Tangela!</small><br></div><div class="spacer battle-history"><br></div><div class="battle-history">The opposing Landorus used <strong>U-turn</strong>!<br></div><div class="battle-history"><small>It's super effective!</small><br></div><div class="battle-history"><small>(Tangela lost <abbr title="−66/334">19.8%</abbr> of its health!)</small><br></div><div class="spacer battle-history"><br></div><div class="battle-history">The opposing Landorus went back to magno777!<br></div><div class="battle-history">magno777 sent out Venusaur (<strong>Venusaur-Mega</strong>)!<br></div><div class="spacer battle-history"><br></div><h2 class="battle-history">Turn 15</h2><div class="spacer battle-history"><br></div><div class="battle-history">Tangela, come back!<br></div><div class="battle-history">Go! <strong>Magearna</strong>!<br></div><div class="battle-history"><small>Pointed stones dug into Magearna!</small><br></div><div class="spacer battle-history"><br></div><div class="battle-history">The opposing Venusaur used <strong>Sludge Bomb</strong>!<br></div><div class="battle-history"><small>It doesn't affect Magearna...</small><br></div><div class="spacer battle-history"><br></div><div class="battle-history"><small>Magearna restored a little HP using its Leftovers!</small><br></div><div class="spacer battle-history"><br></div><h2 class="battle-history">Turn 16</h2><div class="spacer battle-history"><br></div><div class="battle-history">Magearna used <strong>Ice Beam</strong>!<br></div><div class="battle-history"><small>It's super effective!</small><br></div><div class="battle-history"><small>(The opposing Venusaur lost <abbr title="−60/363">16.5%</abbr> of its health!)</small><br></div><div class="spacer battle-history"><br></div><div class="battle-history">The opposing Venusaur used <strong>Roar</strong>!<br></div><div class="spacer battle-history"><br></div><div class="battle-history"><strong>Tapu Bulu</strong> was dragged out!<br></div><div class="battle-history"><small>Pointed stones dug into Tapu Bulu!</small><br></div><div class="battle-history"><small>[Tapu Bulu's Grassy Surge]</small><br><small>Grass grew to cover the battlefield!</small><br></div><div class="spacer battle-history"><br></div><div class="battle-history"><small>Tapu Bulu restored a little HP using its Leftovers!</small><br></div><div class="battle-history"><small>Tapu Bulu restored HP using its Grassy Terrain!</small><br></div><div class="battle-history"><small>The opposing Venusaur restored HP using its Grassy Terrain!</small><br></div><div class="spacer battle-history"><br></div><h2 class="battle-history">Turn 17</h2><div class="spacer battle-history"><br></div><div class="battle-history">Tapu Bulu, come back!<br></div><div class="battle-history">Go! <strong>Magearna</strong>!<br></div><div class="battle-history"><small>Pointed stones dug into Magearna!</small><br></div><div class="spacer battle-history"><br></div><div class="battle-history">The opposing Venusaur used <strong>Hidden Power</strong>!<br></div><div class="battle-history"><small>It's super effective!</small><br></div><div class="battle-history"><small>(Magearna lost <abbr title="−82/302">27.2%</abbr> of its health!)</small><br></div><div class="spacer battle-history"><br></div><div class="battle-history"><small>The opposing Venusaur restored HP using its Grassy Terrain!</small><br></div><div class="battle-history"><small>Magearna restored a little HP using its Leftovers!</small><br></div><div class="battle-history"><small>Magearna restored HP using its Grassy Terrain!</small><br></div><div class="spacer battle-history"><br></div><h2 class="battle-history">Turn 18</h2><div class="spacer battle-history"><br></div><div class="battle-history">The opposing Venusaur used <strong>Hidden Power</strong>!<br></div><div class="battle-history"><small>It's super effective!</small><br></div><div class="battle-history"><small>(Magearna lost <abbr title="−80/302">26.5%</abbr> of its health!)</small><br></div><div class="spacer battle-history"><br></div><div class="battle-history">Magearna used <strong>Pain Split</strong>!<br></div><div class="battle-history"><small>The battlers shared their pain!</small><br></div><div class="spacer battle-history"><br></div><div class="battle-history"><small>The opposing Venusaur restored HP using its Grassy Terrain!</small><br></div><div class="battle-history"><small>Magearna restored a little HP using its Leftovers!</small><br></div><div class="battle-history"><small>Magearna restored HP using its Grassy Terrain!</small><br></div><div class="spacer battle-history"><br></div><h2 class="battle-history">Turn 19</h2><div class="spacer battle-history"><br></div><div class="battle-history">Magearna used <strong>Ice Beam</strong>!<br></div><div class="battle-history"><small>It's super effective!</small><br></div><div class="battle-history"><small>(The opposing Venusaur lost <abbr title="−62/363">17.1%</abbr> of its health!)</small><br></div><div class="spacer battle-history"><br></div><div class="battle-history">The opposing Venusaur used <strong>Roar</strong>!<br></div><div class="spacer battle-history"><br></div><div class="battle-history"><strong>Corsola</strong> was dragged out!<br></div><div class="battle-history"><small>Pointed stones dug into Corsola!</small><br></div><div class="spacer battle-history"><br></div><div class="battle-history"><small>The opposing Venusaur restored HP using its Grassy Terrain!</small><br></div><div class="battle-history"><small>Corsola restored a little HP using its Leftovers!</small><br></div><div class="battle-history"><small>Corsola restored HP using its Grassy Terrain!</small><br></div><div class="spacer battle-history"><br></div><h2 class="battle-history">Turn 20</h2><div class="spacer battle-history"><br></div><div class="battle-history">Corsola, come back!<br></div><div class="battle-history">Go! <strong>Magearna</strong>!<br></div><div class="battle-history"><small>Pointed stones dug into Magearna!</small><br></div><div class="spacer battle-history"><br></div><div class="battle-history">The opposing Venusaur used <strong>Sludge Bomb</strong>!<br></div><div class="battle-history"><small>It doesn't affect Magearna...</small><br></div><div class="spacer battle-history"><br></div><div class="battle-history"><small>The opposing Venusaur restored HP using its Grassy Terrain!</small><br></div><div class="battle-history"><small>Magearna restored a little HP using its Leftovers!</small><br></div><div class="battle-history"><small>Magearna restored HP using its Grassy Terrain!</small><br></div><div class="battle-history"><small>The grass disappeared from the battlefield.</small><br></div><div class="spacer battle-history"><br></div><h2 class="battle-history">Turn 21</h2><div class="spacer battle-history"><br></div><div class="battle-history">The opposing Venusaur used <strong>Hidden Power</strong>!<br></div><div class="battle-history"><small>It's super effective!</small><br></div><div class="battle-history"><small>(Magearna lost <abbr title="−84/302">27.8%</abbr> of its health!)</small><br></div><div class="spacer battle-history"><br></div><div class="battle-history">Magearna used <strong>Ice Beam</strong>!<br></div><div class="battle-history"><small>It's super effective!</small><br></div><div class="battle-history"><small>(The opposing Venusaur lost <abbr title="−58/363">16.0%</abbr> of its health!)</small><br></div><div class="spacer battle-history"><br></div><div class="battle-history"><small>Magearna restored a little HP using its Leftovers!</small><br></div><div class="spacer battle-history"><br></div><h2 class="battle-history">Turn 22</h2><div class="spacer battle-history"><br></div><div class="battle-history">magno777 withdrew Venusaur!<br></div><div class="battle-history">magno777 sent out <strong>Clefable</strong>!<br></div><div class="spacer battle-history"><br></div><div class="battle-history">Magearna used <strong>Ice Beam</strong>!<br></div><div class="battle-history"><small>(The opposing Clefable lost <abbr title="−94/394">23.9%</abbr> of its health!)</small><br></div><div class="spacer battle-history"><br></div><div class="battle-history"><small>Magearna restored a little HP using its Leftovers!</small><br></div><div class="battle-history"><small>The opposing Clefable restored a little HP using its Leftovers!</small><br></div><div class="spacer battle-history"><br></div><h2 class="battle-history">Turn 23</h2><div class="spacer battle-history"><br></div><div class="battle-history">magno777 withdrew Clefable!<br></div><div class="battle-history">magno777 sent out <strong>Zygarde</strong>!<br></div><div class="battle-history"><small>[The opposing Zygarde's Aura Break]</small><br><small>The opposing Zygarde reversed all other Pokémon's auras!</small><br></div><div class="spacer battle-history"><br></div><div class="battle-history">Magearna used <strong>Calm Mind</strong>!<br></div><div class="battle-history"><small>Magearna's Special Attack rose!</small><br></div><div class="battle-history"><small>Magearna's Special Defense rose!</small><br></div><div class="spacer battle-history"><br></div><div class="battle-history"><small>Magearna restored a little HP using its Leftovers!</small><br></div><div class="spacer battle-history"><br></div><h2 class="battle-history">Turn 24</h2><div class="spacer battle-history"><br></div><div class="battle-history">Magearna, come back!<br></div><div class="battle-history">Go! <strong>Tangela</strong>!<br></div><div class="battle-history"><small>Pointed stones dug into Tangela!</small><br></div><div class="spacer battle-history"><br></div><div class="battle-history">The opposing Zygarde used <strong>Thousand Arrows</strong>!<br></div><div class="battle-history"><small>It's not very effective...</small><br></div><div class="battle-history"><small>(Tangela lost <abbr title="−31/334">9.3%</abbr> of its health!)</small><br></div><div class="spacer battle-history"><br></div><h2 class="battle-history">Turn 25</h2><div class="spacer battle-history"><br></div><div class="battle-history">The opposing Zygarde used <strong>Substitute</strong>!<br></div><div class="battle-history"><small>The opposing Zygarde put in a substitute!</small><br></div><div class="battle-history"><small>(The opposing Zygarde lost <abbr title="−89/357">24.9%</abbr> of its health!)</small><br></div><div class="spacer battle-history"><br></div><div class="battle-history">Tangela used <strong>Hidden Power</strong>!<br></div><div class="battle-history"><small>It's super effective!</small><br></div><div class="battle-history"><small>The opposing Zygarde's substitute faded!</small><br></div><div class="spacer battle-history"><br></div><div class="battle-history"><small>The opposing Zygarde restored a little HP using its Leftovers!</small><br></div><div class="spacer battle-history"><br></div><h2 class="battle-history">Turn 26</h2><div class="spacer battle-history"><br></div><div class="battle-history">magno777 withdrew Zygarde!<br></div><div class="battle-history">magno777 sent out <strong>Clefable</strong>!<br></div><div class="spacer battle-history"><br></div><div class="battle-history">Tangela used <strong>Hidden Power</strong>!<br></div><div class="battle-history"><small>(The opposing Clefable lost <abbr title="−55/394">14.0%</abbr> of its health!)</small><br></div><div class="spacer battle-history"><br></div><div class="battle-history"><small>The opposing Clefable restored a little HP using its Leftovers!</small><br></div><div class="spacer battle-history"><br></div><h2 class="battle-history">Turn 27</h2><div class="spacer battle-history"><br></div><div class="battle-history">Tangela, come back!<br></div><div class="battle-history">Go! <strong>Magearna</strong>!<br></div><div class="battle-history"><small>Pointed stones dug into Magearna!</small><br></div><div class="spacer battle-history"><br></div><div class="battle-history">magno777 withdrew Clefable!<br></div><div class="battle-history">magno777 sent out <strong>Zygarde</strong>!<br></div><div class="battle-history"><small>[The opposing Zygarde's Aura Break]</small><br><small>The opposing Zygarde reversed all other Pokémon's auras!</small><br></div><div class="spacer battle-history"><br></div><div class="battle-history"><small>The opposing Zygarde restored a little HP using its Leftovers!</small><br></div><div class="battle-history"><small>Magearna restored a little HP using its Leftovers!</small><br></div><div class="spacer battle-history"><br></div><h2 class="battle-history">Turn 28</h2><div class="spacer battle-history"><br></div><div class="battle-history">Magearna, come back!<br></div><div class="battle-history">Go! <strong>Tangela</strong>!<br></div><div class="battle-history"><small>Pointed stones dug into Tangela!</small><br></div><div class="spacer battle-history"><br></div><div class="battle-history">The opposing Zygarde used <strong>Substitute</strong>!<br></div><div class="battle-history"><small>The opposing Zygarde put in a substitute!</small><br></div><div class="battle-history"><small>(The opposing Zygarde lost <abbr title="−89/357">24.9%</abbr> of its health!)</small><br></div><div class="spacer battle-history"><br></div><div class="battle-history"><small>The opposing Zygarde restored a little HP using its Leftovers!</small><br></div><div class="spacer battle-history"><br></div><h2 class="battle-history">Turn 29</h2><div class="spacer battle-history"><br></div><div class="battle-history">The opposing Zygarde used <strong>Toxic</strong>!<br></div><div class="battle-history"><small>Tangela avoided the attack!</small><br></div><div class="spacer battle-history"><br></div><div class="battle-history">Tangela used <strong>Hidden Power</strong>!<br></div><div class="battle-history"><small>It's super effective!</small><br></div><div class="battle-history"><small>The opposing Zygarde's substitute faded!</small><br></div><div class="spacer battle-history"><br></div><div class="battle-history"><small>The opposing Zygarde restored a little HP using its Leftovers!</small><br></div><div class="spacer battle-history"><br></div><h2 class="battle-history">Turn 30</h2><div class="spacer battle-history"><br></div><div class="battle-history">magno777 withdrew Zygarde!<br></div><div class="battle-history">magno777 sent out <strong>Clefable</strong>!<br></div><div class="spacer battle-history"><br></div><div class="battle-history">Tangela used <strong>Hidden Power</strong>!<br></div><div class="battle-history"><small>(The opposing Clefable lost <abbr title="−53/394">13.5%</abbr> of its health!)</small><br></div><div class="spacer battle-history"><br></div><div class="battle-history"><small>The opposing Clefable restored a little HP using its Leftovers!</small><br></div><div class="spacer battle-history"><br></div><h2 class="battle-history">Turn 31</h2><div class="spacer battle-history"><br></div><div class="battle-history">Tangela, come back!<br></div><div class="battle-history">Go! <strong>Magearna</strong>!<br></div><div class="battle-history"><small>Pointed stones dug into Magearna!</small><br></div><div class="spacer battle-history"><br></div><div class="battle-history">The opposing Clefable used <strong>Wish</strong>!<br></div><div class="spacer battle-history"><br></div><div class="battle-history"><small>Magearna restored a little HP using its Leftovers!</small><br></div><div class="battle-history"><small>The opposing Clefable restored a little HP using its Leftovers!</small><br></div><div class="spacer battle-history"><br></div><h2 class="battle-history">Turn 32</h2><div class="spacer battle-history"><br></div><div class="battle-history">magno777 withdrew Clefable!<br></div><div class="battle-history">magno777 sent out Venusaur (<strong>Venusaur-Mega</strong>)!<br></div><div class="spacer battle-history"><br></div><div class="battle-history">Magearna used <strong>Ice Beam</strong>!<br></div><div class="battle-history"><small>It's super effective!</small><br></div><div class="battle-history"><small>(The opposing Venusaur lost <abbr title="−58/363">16.0%</abbr> of its health!)</small><br></div><div class="spacer battle-history"><br></div><div class="battle-history"><small>Clefable's wish came true!</small><br></div><div class="battle-history"><small>Magearna restored a little HP using its Leftovers!</small><br></div><div class="spacer battle-history"><br></div><h2 class="battle-history">Turn 33</h2><div class="spacer battle-history"><br></div><div class="battle-history">The opposing Venusaur used <strong>Earthquake</strong>!<br></div><div class="battle-history"><small>It's super effective!</small><br></div><div class="battle-history"><small>(Magearna lost <abbr title="−104/302">34.4%</abbr> of its health!)</small><br></div><div class="spacer battle-history"><br></div><div class="battle-history">Magearna used <strong>Ice Beam</strong>!<br></div><div class="battle-history"><small>It's super effective!</small><br></div><div class="battle-history"><small>(The opposing Venusaur lost <abbr title="−58/363">16.0%</abbr> of its health!)</small><br></div><div class="spacer battle-history"><br></div><div class="battle-history"><small>Magearna restored a little HP using its Leftovers!</small><br></div><div class="spacer battle-history"><br></div><h2 class="battle-history">Turn 34</h2><div class="spacer battle-history"><br></div><div class="battle-history">Magearna used <strong>Pain Split</strong>!<br></div><div class="battle-history"><small>The battlers shared their pain!</small><br></div><div class="spacer battle-history"><br></div><div class="battle-history">The opposing Venusaur used <strong>Roar</strong>!<br></div><div class="spacer battle-history"><br></div><div class="battle-history"><strong>Zapdos</strong> was dragged out!<br></div><div class="battle-history"><small>Pointed stones dug into Zapdos!</small><br></div><div class="battle-history"><small>[Zapdos's Pressure]</small><br><small>Zapdos is exerting its pressure!</small><br></div><div class="spacer battle-history"><br></div><h2 class="battle-history">Turn 35</h2><div class="spacer battle-history"><br></div><div class="battle-history">Zapdos, come back!<br></div><div class="battle-history">Go! <strong>Zygarde</strong>!<br></div><div class="battle-history"><small>Pointed stones dug into Zygarde!</small><br></div><div class="battle-history"><small>[Zygarde's Aura Break]</small><br><small>Zygarde reversed all other Pokémon's auras!</small><br></div><div class="spacer battle-history"><br></div><div class="battle-history">The opposing Venusaur used <strong>Hidden Power</strong>!<br></div><div class="battle-history"><small>It's not very effective...</small><br></div><div class="battle-history"><small>A critical hit!</small><br></div><div class="battle-history"><small>(Zygarde lost <abbr title="−47/358">13.1%</abbr> of its health!)</small><br></div><div class="spacer battle-history"><br></div><h2 class="battle-history">Turn 36</h2><div class="spacer battle-history"><br></div><div class="battle-history">magno777 withdrew Venusaur!<br></div><div class="battle-history">magno777 sent out Landorus (<strong>Landorus-Therian</strong>)!<br></div><div class="battle-history"><small>[The opposing Landorus's Intimidate]</small><br></div><div class="battle-history"><small>Zygarde's Attack fell!</small><br></div><div class="spacer battle-history"><br></div><div class="battle-history">Zygarde used <strong>Thousand Arrows</strong>!<br></div><div class="battle-history"><small>(The opposing Landorus lost <abbr title="−147/349">42.1%</abbr> of its health!)</small><br></div><div class="battle-history"><small>The opposing Landorus fell straight down!</small><br></div><div class="spacer battle-history"><br></div><h2 class="battle-history">Turn 37</h2><div class="spacer battle-history"><br></div><div class="battle-history">Zygarde, come back!<br></div><div class="battle-history">Go! <strong>Tangela</strong>!<br></div><div class="battle-history"><small>Pointed stones dug into Tangela!</small><br></div><div class="spacer battle-history"><br></div><div class="battle-history">The opposing Landorus used <strong>U-turn</strong>!<br></div><div class="battle-history"><small>It's super effective!</small><br></div><div class="battle-history"><small>(Tangela lost <abbr title="−66/334">19.8%</abbr> of its health!)</small><br></div><div class="spacer battle-history"><br></div><div class="battle-history">The opposing Landorus went back to magno777!<br></div><div class="battle-history">magno777 sent out <strong>Greninja</strong>!<br></div><div class="spacer battle-history"><br></div><h2 class="battle-history">Turn 38</h2><div class="spacer battle-history"><br></div><div class="battle-history">Tangela, come back!<br></div><div class="battle-history">Go! <strong>Tapu Bulu</strong>!<br></div><div class="battle-history"><small>Pointed stones dug into Tapu Bulu!</small><br></div><div class="battle-history"><small>[Tapu Bulu's Grassy Surge]</small><br><small>Grass grew to cover the battlefield!</small><br></div><div class="spacer battle-history"><br></div><div class="battle-history">The opposing Greninja used <strong>Ice Beam</strong>!<br></div><div class="battle-history"><small>It's super effective!</small><br></div><div class="battle-history"><small>(Tapu Bulu lost <abbr title="−144/343">42.0%</abbr> of its health!)</small><br></div><div class="battle-history"><small>Tapu Bulu was frozen solid!</small><br></div><div class="spacer battle-history"><br></div><div class="battle-history"><small>Tapu Bulu restored a little HP using its Leftovers!</small><br></div><div class="battle-history"><small>Tapu Bulu restored HP using its Grassy Terrain!</small><br></div><div class="spacer battle-history"><br></div><h2 class="battle-history">Turn 39</h2><div class="spacer battle-history"><br></div><div class="battle-history">Tapu Bulu, come back!<br></div><div class="battle-history">Go! <strong>Magearna</strong>!<br></div><div class="battle-history"><small>Pointed stones dug into Magearna!</small><br></div><div class="spacer battle-history"><br></div><div class="battle-history">The opposing Greninja used <strong>Hydro Pump</strong>!<br></div><div class="battle-history"><small>(Magearna lost <abbr title="−120/302">39.7%</abbr> of its health!)</small><br></div><div class="spacer battle-history"><br></div><div class="battle-history"><small>Magearna restored a little HP using its Leftovers!</small><br></div><div class="battle-history"><small>Magearna restored HP using its Grassy Terrain!</small><br></div><div class="spacer battle-history"><br></div><h2 class="battle-history">Turn 40</h2><div class="spacer battle-history"><br></div><div class="battle-history">Magearna, come back!<br></div><div class="battle-history">Go! <strong>Corsola</strong>!<br></div><div class="battle-history"><small>Pointed stones dug into Corsola!</small><br></div><div class="spacer battle-history"><br></div><div class="battle-history">The opposing Greninja used <strong>Hydro Pump</strong>!<br></div><div class="battle-history"><small>Corsola avoided the attack!</small><br></div><div class="spacer battle-history"><br></div><div class="battle-history"><small>Corsola restored a little HP using its Leftovers!</small><br></div><div class="battle-history"><small>Corsola restored HP using its Grassy Terrain!</small><br></div><div class="spacer battle-history"><br></div><h2 class="battle-history">Turn 41</h2><div class="spacer battle-history"><br></div><div class="battle-history">magno777 withdrew Greninja!<br></div><div class="battle-history">magno777 sent out <strong>Clefable</strong>!<br></div><div class="spacer battle-history"><br></div><div class="battle-history">Corsola used <strong>Stealth Rock</strong>!<br></div><div class="battle-history"><small>Pointed stones float in the air around the opposing team!</small><br></div><div class="spacer battle-history"><br></div><div class="battle-history"><small>The opposing Clefable restored a little HP using its Leftovers!</small><br></div><div class="battle-history"><small>The opposing Clefable restored HP using its Grassy Terrain!</small><br></div><div class="battle-history"><small>Corsola restored a little HP using its Leftovers!</small><br></div><div class="spacer battle-history"><br></div><h2 class="battle-history">Turn 42</h2><div class="spacer battle-history"><br></div><div class="battle-history">Corsola, come back!<br></div><div class="battle-history">Go! <strong>Magearna</strong>!<br></div><div class="battle-history"><small>Pointed stones dug into Magearna!</small><br></div><div class="spacer battle-history"><br></div><div class="battle-history">The opposing Clefable used <strong>Moonblast</strong>!<br></div><div class="battle-history"><small>It's not very effective...</small><br></div><div class="battle-history"><small>(Magearna lost <abbr title="−38/302">12.6%</abbr> of its health!)</small><br></div><div class="spacer battle-history"><br></div><div class="battle-history"><small>Magearna restored a little HP using its Leftovers!</small><br></div><div class="battle-history"><small>Magearna restored HP using its Grassy Terrain!</small><br></div><div class="battle-history"><small>The opposing Clefable restored a little HP using its Leftovers!</small><br></div><div class="battle-history"><small>The opposing Clefable restored HP using its Grassy Terrain!</small><br></div><div class="battle-history"><small>The grass disappeared from the battlefield.</small><br></div><div class="spacer battle-history"><br></div><h2 class="battle-history">Turn 43</h2><div class="spacer battle-history"><br></div><div class="battle-history">magno777 withdrew Clefable!<br></div><div class="battle-history">magno777 sent out Landorus (<strong>Landorus-Therian</strong>)!<br></div><div class="battle-history"><small>Pointed stones dug into the opposing Landorus!</small><br></div><div class="battle-history"><small>[The opposing Landorus's Intimidate]</small><br></div><div class="battle-history"><small>Magearna's Attack fell!</small><br></div><div class="spacer battle-history"><br></div><div class="battle-history">Magearna used <strong>Pain Split</strong>!<br></div><div class="battle-history"><small>The battlers shared their pain!</small><br></div><div class="spacer battle-history"><br></div><div class="battle-history"><small>Magearna restored a little HP using its Leftovers!</small><br></div><div class="spacer battle-history"><br></div><h2 class="battle-history">Turn 44</h2><div class="spacer battle-history"><br></div><div class="battle-history">Magearna, come back!<br></div><div class="battle-history">Go! <strong>Tangela</strong>!<br></div><div class="battle-history"><small>Pointed stones dug into Tangela!</small><br></div><div class="spacer battle-history"><br></div><div class="battle-history">The opposing Landorus used <strong>U-turn</strong>!<br></div><div class="battle-history"><small>It's super effective!</small><br></div><div class="battle-history"><small>(Tangela lost <abbr title="−68/334">20.4%</abbr> of its health!)</small><br></div><div class="spacer battle-history"><br></div><div class="battle-history">The opposing Landorus went back to magno777!<br></div><div class="battle-history">magno777 sent out <strong>Greninja</strong>!<br></div><div class="battle-history"><small>Pointed stones dug into the opposing Greninja!</small><br></div><div class="spacer battle-history"><br></div><h2 class="battle-history">Turn 45</h2><div class="spacer battle-history"><br></div><div class="battle-history">Tangela, come back!<br></div><div class="battle-history">Go! <strong>Corsola</strong>!<br></div><div class="battle-history"><small>Pointed stones dug into Corsola!</small><br></div><div class="spacer battle-history"><br></div><div class="battle-history">The opposing Greninja used <strong>Ice Beam</strong>!<br></div><div class="battle-history"><small>It's not very effective...</small><br></div><div class="battle-history"><small>(Corsola lost <abbr title="−35/334">10.5%</abbr> of its health!)</small><br></div><div class="spacer battle-history"><br></div><div class="battle-history"><small>Corsola restored a little HP using its Leftovers!</small><br></div><div class="spacer battle-history"><br></div><h2 class="battle-history">Turn 46</h2><div class="spacer battle-history"><br></div><div class="battle-history">magno777 withdrew Greninja!<br></div><div class="battle-history">magno777 sent out <strong>Clefable</strong>!<br></div><div class="spacer battle-history"><br></div><div class="battle-history">Corsola used <strong>Toxic</strong>!<br></div><div class="battle-history"><small>The opposing Clefable was badly poisoned!</small><br></div><div class="spacer battle-history"><br></div><div class="battle-history"><small>The opposing Clefable restored a little HP using its Leftovers!</small><br></div><div class="battle-history"><small>Corsola restored a little HP using its Leftovers!</small><br></div><div class="spacer battle-history"><br></div><h2 class="battle-history">Turn 47</h2><div class="spacer battle-history"><br></div><div class="battle-history">magno777 withdrew Clefable!<br></div><div class="battle-history">magno777 sent out <strong>Zygarde</strong>!<br></div><div class="battle-history"><small>Pointed stones dug into the opposing Zygarde!</small><br></div><div class="battle-history"><small>[The opposing Zygarde's Aura Break]</small><br><small>The opposing Zygarde reversed all other Pokémon's auras!</small><br></div><div class="spacer battle-history"><br></div><div class="battle-history">Corsola, come back!<br></div><div class="battle-history">Go! <strong>Zapdos</strong>!<br></div><div class="battle-history"><small>Pointed stones dug into Zapdos!</small><br></div><div class="battle-history"><small>[Zapdos's Pressure]</small><br><small>Zapdos is exerting its pressure!</small><br></div><div class="spacer battle-history"><br></div><div class="battle-history"><small>The opposing Zygarde restored a little HP using its Leftovers!</small><br></div><div class="spacer battle-history"><br></div><h2 class="battle-history">Turn 48</h2><div class="spacer battle-history"><br></div><div class="battle-history">Zapdos used <strong>Hidden Power</strong>!<br></div><div class="battle-history"><small>It's super effective!</small><br></div><div class="battle-history"><small>(The opposing Zygarde lost <abbr title="−267/357">74.8%</abbr> of its health!)</small><br></div><div class="spacer battle-history"><br></div><div class="battle-history">The opposing Zygarde fainted!<br></div><div class="spacer battle-history"><br></div><div class="battle-history">magno777 sent out <strong>Greninja</strong>!<br></div><div class="battle-history"><small>Pointed stones dug into the opposing Greninja!</small><br></div><div class="spacer battle-history"><br></div><h2 class="battle-history">Turn 49</h2><div class="spacer battle-history"><br></div><div class="battle-history">Zapdos, come back!<br></div><div class="battle-history">Go! <strong>Corsola</strong>!<br></div><div class="battle-history"><small>Pointed stones dug into Corsola!</small><br></div><div class="spacer battle-history"><br></div><div class="battle-history">The opposing Greninja used <strong>Ice Beam</strong>!<br></div><div class="battle-history"><small>It's not very effective...</small><br></div><div class="battle-history"><small>(Corsola lost <abbr title="−31/334">9.3%</abbr> of its health!)</small><br></div><div class="spacer battle-history"><br></div><div class="battle-history"><small>Corsola restored a little HP using its Leftovers!</small><br></div><div class="spacer battle-history"><br></div><h2 class="battle-history">Turn 50</h2><div class="spacer battle-history"><br></div><div class="battle-history">The opposing Greninja used <strong>Hydro Pump</strong>!<br></div><div class="battle-history"><small>A critical hit!</small><br></div><div class="battle-history"><small>(Corsola lost <abbr title="−189/334">56.6%</abbr> of its health!)</small><br></div><div class="spacer battle-history"><br></div><div class="battle-history">Corsola used <strong>Toxic</strong>!<br></div><div class="battle-history"><small>The opposing Greninja was badly poisoned!</small><br></div><div class="spacer battle-history"><br></div><div class="battle-history"><small>Corsola restored a little HP using its Leftovers!</small><br></div><div class="battle-history"><small>The opposing Greninja was hurt by poison!</small><br></div><div class="spacer battle-history"><br></div><h2 class="battle-history">Turn 51</h2><div class="chat chatmessage-grardway"><strong style="color:hsl(23,56%,44%)"><small>☆</small><span class="username" data-name="Gеrard Way">Gеrard Way</span>:</strong> <em>Joder, qué puta suerte</em></div><div class="spacer battle-history"><br></div><div class="battle-history">The opposing Greninja used <strong>Hydro Pump</strong>!<br></div><div class="battle-history"><small>(Corsola lost <abbr title="−113/334">33.8%</abbr> of its health!)</small><br></div><div class="spacer battle-history"><br></div><div class="battle-history">Corsola fainted!<br></div><div class="battle-history"><small>[The opposing Greninja's Battle Bond]</small><br><small>The opposing Greninja became fully charged due to its bond with its Trainer!</small><br></div><div class="battle-history">The opposing Greninja became Ash-Greninja!<br></div><div class="spacer battle-history"><br></div><div class="battle-history"><small>The opposing Greninja was hurt by poison!</small><br></div><div class="spacer battle-history"><br></div><div class="battle-history">Go! <strong>Zygarde</strong>!<br></div><div class="battle-history"><small>Pointed stones dug into Zygarde!</small><br></div><div class="battle-history"><small>[Zygarde's Aura Break]</small><br><small>Zygarde reversed all other Pokémon's auras!</small><br></div><div class="spacer battle-history"><br></div><h2 class="battle-history">Turn 52</h2><div class="spacer battle-history"><br></div><div class="battle-history">Zygarde used <strong>Extreme Speed</strong>!<br></div><div class="battle-history"><small>(The opposing Greninja lost <abbr title="−164/285">57.5%</abbr> of its health!)</small><br></div><div class="spacer battle-history"><br></div><div class="battle-history">The opposing Greninja fainted!<br></div><div class="spacer battle-history"><br></div><div class="battle-history">magno777 sent out <strong>Clefable</strong>!<br></div><div class="spacer battle-history"><br></div><h2 class="battle-history">Turn 53</h2><div class="spacer battle-history"><br></div><div class="battle-history">Zygarde, come back!<br></div><div class="battle-history">Go! <strong>Magearna</strong>!<br></div><div class="battle-history"><small>Pointed stones dug into Magearna!</small><br></div><div class="spacer battle-history"><br></div><div class="battle-history">The opposing Clefable used <strong>Wish</strong>!<br></div><div class="spacer battle-history"><br></div><div class="battle-history"><small>Magearna restored a little HP using its Leftovers!</small><br></div><div class="battle-history"><small>The opposing Clefable restored a little HP using its Leftovers!</small><br></div><div class="spacer battle-history"><br></div><h2 class="battle-history">Turn 54</h2><div class="spacer battle-history"><br></div><div class="battle-history">magno777 withdrew Clefable!<br></div><div class="battle-history">magno777 sent out Venusaur (<strong>Venusaur-Mega</strong>)!<br></div><div class="battle-history"><small>Pointed stones dug into the opposing Venusaur!</small><br></div><div class="spacer battle-history"><br></div><div class="battle-history">Magearna used <strong>Ice Beam</strong>!<br></div><div class="battle-history"><small>It's super effective!</small><br></div><div class="battle-history"><small>(The opposing Venusaur lost <abbr title="−54/363">14.9%</abbr> of its health!)</small><br></div><div class="spacer battle-history"><br></div><div class="battle-history"><small>Clefable's wish came true!</small><br></div><div class="battle-history"><small>Magearna restored a little HP using its Leftovers!</small><br></div><div class="spacer battle-history"><br></div><h2 class="battle-history">Turn 55</h2><div class="spacer battle-history"><br></div><div class="battle-history">The opposing Venusaur used <strong>Earthquake</strong>!<br></div><div class="battle-history"><small>It's super effective!</small><br></div><div class="battle-history"><small>(Magearna lost <abbr title="−69/302">22.8%</abbr> of its health!)</small><br></div><div class="spacer battle-history"><br></div><div class="battle-history">Magearna fainted!<br></div><div class="spacer battle-history"><br></div><div class="battle-history">Go! <strong>Zygarde</strong>!<br></div><div class="battle-history"><small>Pointed stones dug into Zygarde!</small><br></div><div class="battle-history"><small>[Zygarde's Aura Break]</small><br><small>Zygarde reversed all other Pokémon's auras!</small><br></div><div class="spacer battle-history"><br></div><h2 class="battle-history">Turn 56</h2><div class="spacer battle-history"><br></div><div class="battle-history">Zygarde used <strong>Thousand Arrows</strong>!<br></div><div class="battle-history"><small>A critical hit!</small><br></div><div class="battle-history"><small>(The opposing Venusaur lost <abbr title="−267/363">73.6%</abbr> of its health!)</small><br></div><div class="spacer battle-history"><br></div><div class="battle-history">The opposing Venusaur fainted!<br></div><div class="spacer battle-history"><br></div><div class="battle-history">magno777 sent out Landorus (<strong>Landorus-Therian</strong>)!<br></div><div class="battle-history"><small>Pointed stones dug into the opposing Landorus!</small><br></div><div class="spacer battle-history"><br></div><div class="battle-history">The opposing Landorus fainted!<br></div><div class="spacer battle-history"><br></div><div class="battle-history">magno777 sent out <strong>Clefable</strong>!<br></div><div class="spacer battle-history"><br></div><h2 class="battle-history">Turn 57</h2><div class="spacer battle-history"><br></div><div class="battle-history">Zygarde used <strong>Thousand Arrows</strong>!<br></div><div class="battle-history"><small>(The opposing Clefable lost <abbr title="−196/394">49.7%</abbr> of its health!)</small><br></div><div class="spacer battle-history"><br></div><div class="battle-history">The opposing Clefable used <strong>Moonblast</strong>!<br></div><div class="battle-history"><small>It's super effective!</small><br></div><div class="battle-history"><small>(Zygarde lost <abbr title="−184/358">51.4%</abbr> of its health!)</small><br></div><div class="spacer battle-history"><br></div><div class="battle-history">Zygarde fainted!<br></div><div class="spacer battle-history"><br></div><div class="battle-history"><small>The opposing Clefable restored a little HP using its Leftovers!</small><br></div><div class="spacer battle-history"><br></div><div class="battle-history">Go! <strong>Zapdos</strong>!<br></div><div class="battle-history"><small>Pointed stones dug into Zapdos!</small><br></div><div class="battle-history"><small>[Zapdos's Pressure]</small><br><small>Zapdos is exerting its pressure!</small><br></div><div class="spacer battle-history"><br></div><h2 class="battle-history">Turn 58</h2><div class="spacer battle-history"><br></div><div class="battle-history"><small>Zapdos surrounded itself with its Z-Power!</small><br></div><div class="spacer battle-history"><br></div><div class="battle-history">Zapdos used <strong>Gigavolt Havoc</strong>!<br></div><div class="battle-history"><small>(The opposing Clefable lost <abbr title="−213/394">54.1%</abbr> of its health!)</small><br></div><div class="spacer battle-history"><br></div><div class="battle-history">The opposing Clefable fainted!<br></div><div class="spacer battle-history"><br></div><div class="battle-history"><strong>Gеrard Way</strong> won the battle!<br></div><div class="chat chatmessage-grardway"><strong style="color:hsl(23,56%,44%)"><small>☆</small><span class="username" data-name="Gеrard Way">Gеrard Way</span>:</strong> <em>gg</em></div></div><div class="inner-preempt"></div></div></div>
</div>
<script>
let daily = Math.floor(Date.now()/1000/60/60/24);document.write('<script src="https://play.pokemonshowdown.com/js/replay-embed.js?version'+daily+'"></'+'script>');
</script>
