<!DOCTYPE html>
<meta charset="utf-8" />
<!-- version 1 -->
<title>OU replay: LODDECEM vs. Muñeca de Trapo</title>
<style>
html,body {font-family:Verdana, sans-serif;font-size:10pt;margin:0;padding:0;}body{padding:12px 0;} .battle-log {font-family:Verdana, sans-serif;font-size:10pt;} .battle-log-inline {border:1px solid #AAAAAA;background:#EEF2F5;color:black;max-width:640px;margin:0 auto 80px;padding-bottom:5px;} .battle-log .inner {padding:4px 8px 0px 8px;} .battle-log .inner-preempt {padding:0 8px 4px 8px;} .battle-log .inner-after {margin-top:0.5em;} .battle-log h2 {margin:0.5em -8px;padding:4px 8px;border:1px solid #AAAAAA;background:#E0E7EA;border-left:0;border-right:0;font-family:Verdana, sans-serif;font-size:13pt;} .battle-log .chat {vertical-align:middle;padding:3px 0 3px 0;font-size:8pt;} .battle-log .chat strong {color:#40576A;} .battle-log .chat em {padding:1px 4px 1px 3px;color:#000000;font-style:normal;} .chat.mine {background:rgba(0,0,0,0.05);margin-left:-8px;margin-right:-8px;padding-left:8px;padding-right:8px;} .spoiler {color:#BBBBBB;background:#BBBBBB;padding:0px 3px;} .spoiler:hover, .spoiler:active, .spoiler-shown {color:#000000;background:#E2E2E2;padding:0px 3px;} .spoiler a {color:#BBBBBB;} .spoiler:hover a, .spoiler:active a, .spoiler-shown a {color:#2288CC;} .chat code, .chat .spoiler:hover code, .chat .spoiler:active code, .chat .spoiler-shown code {border:1px solid #C0C0C0;background:#EEEEEE;color:black;padding:0 2px;} .chat .spoiler code {border:1px solid #CCCCCC;background:#CCCCCC;color:#CCCCCC;} .battle-log .rated {padding:3px 4px;} .battle-log .rated strong {color:white;background:#89A;padding:1px 4px;border-radius:4px;} .spacer {margin-top:0.5em;} .message-announce {background:#6688AA;color:white;padding:1px 4px 2px;} .message-announce a, .broadcast-green a, .broadcast-blue a, .broadcast-red a {color:#DDEEFF;} .broadcast-green {background-color:#559955;color:white;padding:2px 4px;} .broadcast-blue {background-color:#6688AA;color:white;padding:2px 4px;} .infobox {border:1px solid #6688AA;padding:2px 4px;} .infobox-limited {max-height:200px;overflow:auto;overflow-x:hidden;} .broadcast-red {background-color:#AA5544;color:white;padding:2px 4px;} .message-learn-canlearn {font-weight:bold;color:#228822;text-decoration:underline;} .message-learn-cannotlearn {font-weight:bold;color:#CC2222;text-decoration:underline;} .message-effect-weak {font-weight:bold;color:#CC2222;} .message-effect-resist {font-weight:bold;color:#6688AA;} .message-effect-immune {font-weight:bold;color:#666666;} .message-learn-list {margin-top:0;margin-bottom:0;} .message-throttle-notice, .message-error {color:#992222;} .message-overflow, .chat small.message-overflow {font-size:0pt;} .message-overflow::before {font-size:9pt;content:'...';} .subtle {color:#3A4A66;}
</style>
<div class="wrapper replay-wrapper" style="max-width:1180px;margin:0 auto">
<input type="hidden" name="replayid" value="destiny-ou-418714" />
<div class="battle"></div><div class="battle-log"></div><div class="replay-controls"></div><div class="replay-controls-2"></div>
<h1 style="font-weight:normal;text-align:center"><strong>OU</strong><br /><a href="http://pokemonshowdown.com/users/loddecem" class="subtle" target="_blank">LODDECEM</a> vs. <a href="http://pokemonshowdown.com/users/muecadetrapo" class="subtle" target="_blank">Muñeca de Trapo</a></h1>
<script type="text/plain" class="battle-log-data">|player|p1|LODDECEM|98
|teamsize|p1|6
|player|p2|Muñeca de Trapo|inverno-preview.gif?7156c1b3
|teamsize|p2|6
|teamsize|p1|6
|teamsize|p2|6
|gametype|singles
|gen|7
|tier|OU
|seed|18453,25717,48998,5871
|rule|Cláusula-Mod de Dormir: solo puedes dormir a uno de tus oponentes a la vez.
|rule|Cláusula de Especie: Hasta un Pokémon de cada especie
|rule|Cláusula de Golpe Fulminante: los movimientos fulminantes (OHKO) estan prohibidos
|rule|Cláusula de Veleta: la habilidad Veleta está prohibida
|rule|Cláusula de Movimientos Evasivos: los movimientos de Evasión están prohibidos.
|rule|Cláusula de Batallas Eternas: forzar batallas eternas está prohibido
|clearpoke
|poke|p1|Gastrodon, F|item
|poke|p1|Heatran, M|item
|poke|p1|Landorus-Therian, M|item
|poke|p1|Tangrowth, F|item
|poke|p1|Tornadus-Therian, M|item
|poke|p1|Scizor, F|item
|poke|p2|Clefable, M|item
|poke|p2|Tyranitar, F|item
|poke|p2|Latios, M|item
|poke|p2|Ferrothorn, F|item
|poke|p2|Heatran, M|item
|poke|p2|Gliscor, M|item
|teampreview|undefined
|c|☆LODDECEM|hf
|choice|*team 523416|*
|c|%Awesome Mix Vol|alto fear
|c|☆Muñeca de Trapo|=mente
|c|%Awesome Mix Vol|en no mandar a asuna
|choice|*|*team 123456
|choice|team 5, 2, 3, 4, 1, 6|team 1, 2, 3, 4, 5, 6
|
|start
|switch|p1a: Tornadus|Tornadus-Therian, M|299\/299
|switch|p2a: Clefable|Clefable, M|393\/393
|turn|1
|choice|*move 1|*
|choice|*|*move 1
|choice|move taunt|move thunderwave
|
|move|p1a: Tornadus|Taunt|p2a: Clefable
|-start|p2a: Clefable|move: Taunt
|cant|p2a: Clefable|move: Taunt|Thunder Wave
|
|upkeep
|turn|2
|choice|*move 2|*
|choice|*|*move 3
|choice|move knockoff|move moonblast
|
|move|p1a: Tornadus|Knock Off|p2a: Clefable
|-resisted|p2a: Clefable
|-damage|p2a: Clefable|357\/393
|-enditem|p2a: Clefable|Leftovers|[from] move: Knock Off|[of] p1a: Tornadus
|move|p2a: Clefable|Moonblast|p1a: Tornadus
|-damage|p1a: Tornadus|185\/299
|
|upkeep
|turn|3
|choice|*move 4|*
|choice|*|*switch 6
|choice|*move 4|*
|choice|move hurricane|switch 6
|
|switch|p2a: Gliscor|Gliscor, M|354\/354
|move|p1a: Tornadus|Hurricane|p2a: Gliscor|[miss]
|-miss|p1a: Tornadus|p2a: Gliscor
|
|-status|p2a: Gliscor|tox|[from] item: Toxic Orb
|upkeep
|turn|4
|choice|*move 1|*
|choice|*|*move 4
|choice|move taunt|move toxic
|
|move|p1a: Tornadus|Taunt|p2a: Gliscor
|-start|p2a: Gliscor|move: Taunt
|cant|p2a: Gliscor|move: Taunt|Toxic
|
|upkeep
|turn|5
|choice|*move 4|*
|choice|*|*switch 6
|choice|move hurricane|switch 6
|
|switch|p2a: Clefable|Clefable, M|357\/393
|move|p1a: Tornadus|Hurricane|p2a: Clefable
|-damage|p2a: Clefable|177\/393
|
|upkeep
|turn|6
|choice|*move 4|*
|choice|*|*move 3
|choice|move hurricane|move moonblast
|
|move|p1a: Tornadus|Hurricane|p2a: Clefable
|-damage|p2a: Clefable|0 fnt
|faint|p2a: Clefable
|
|upkeep
|choice|*|*switch 5
|choice||switch 5
|
|switch|p2a: Heatran|Heatran, M|323\/323
|turn|7
|choice|*switch 5|*
|choice|*|*switch 4
|choice|switch 5|switch 4
|
|switch|p1a: Gastrodon|Gastrodon, F|426\/426
|switch|p2a: Ferrothorn|Ferrothorn, F|352\/352
|
|upkeep
|turn|8
|choice|*|*move 1
|choice|*switch 2|*
|choice|switch 2|move spikes
|
|switch|p1a: Heatran|Heatran, M|323\/323
|move|p2a: Ferrothorn|Spikes|p1a: Heatran
|-sidestart|p1: LODDECEM|Spikes
|
|upkeep
|turn|9
|choice|*move 2|*
|choice|*move 1|*
|choice|*|*switch 6
|choice|move stealthrock|switch 6
|
|switch|p2a: Gliscor|Gliscor, M|354\/354 tox
|move|p1a: Heatran|Stealth Rock|p2a: Gliscor
|-sidestart|p2: Muñeca de Trapo|move: Stealth Rock
|
|upkeep
|turn|10
|choice|*move 2|*
|choice|*switch 6|*
|choice|*|*move 4
|choice|switch 6|move toxic
|
|switch|p1a: Scizor|Scizor, F|343\/343
|-damage|p1a: Scizor|301\/343|[from] Spikes
|move|p2a: Gliscor|Toxic|p1a: Scizor
|-immune|p1a: Scizor|[msg]
|
|upkeep
|turn|11
|choice|*move 2 mega|*
|choice|*|*switch 4
|choice|move uturn mega|switch 4
|
|switch|p2a: Heatran|Heatran, M|323\/323
|-damage|p2a: Heatran|283\/323|[from] Stealth Rock
|-mega|p1a: Scizor|Scizor|Scizorite
|detailschange|p1a: Scizor|Scizor-Mega, F
|move|p1a: Scizor|U-turn|p2a: Heatran
|-resisted|p2a: Heatran
|-damage|p2a: Heatran|253\/323
|choice|*switch 2|*
|choice|switch 2|
|
|switch|p1a: Gastrodon|Gastrodon, F|426\/426|[from]move: U-turn
|-damage|p1a: Gastrodon|373\/426|[from] Spikes
|
|-heal|p1a: Gastrodon|399\/426|[from] item: Leftovers
|upkeep
|turn|12
|choice|*switch 6|*
|choice|*|*switch 6
|choice|*switch 5|*
|choice|switch 5|switch 6
|
|switch|p2a: Ferrothorn|Ferrothorn, F|352\/352
|-damage|p2a: Ferrothorn|330\/352|[from] Stealth Rock
|switch|p1a: Tornadus|Tornadus-Therian, M|284\/299
|
|-heal|p2a: Ferrothorn|352\/352|[from] item: Leftovers
|upkeep
|turn|13
|choice|*move 1|*
|choice|*|*switch 4
|choice|move taunt|switch 4
|
|switch|p2a: Gliscor|Gliscor, M|354\/354 tox
|-damage|p2a: Gliscor|310\/354 tox|[from] Stealth Rock
|move|p1a: Tornadus|Taunt|p2a: Gliscor
|-start|p2a: Gliscor|move: Taunt
|
|-heal|p2a: Gliscor|354\/354 tox|[from] ability: Poison Heal
|upkeep
|turn|14
|choice|*move 4 zmove|*
|choice|*|*switch 2
|choice|move hurricane zmove|switch 2
|
|switch|p2a: Tyranitar|Tyranitar, F|341\/341
|-damage|p2a: Tyranitar|299\/341|[from] Stealth Rock
|-weather|Sandstorm|[from] ability: Sand Stream|[of] p2a: Tyranitar
|-zpower|p1a: Tornadus
|move|p1a: Tornadus|Supersonic Skystrike|p2a: Tyranitar|[zeffect]
|-resisted|p2a: Tyranitar
|-damage|p2a: Tyranitar|203\/341
|
|-weather|Sandstorm|[upkeep]
|-damage|p1a: Tornadus|266\/299|[from] sandstorm
|upkeep
|turn|15
|choice|*move 3|*
|choice|*|*move 3
|choice|move uturn|move stoneedge
|
|move|p1a: Tornadus|U-turn|p2a: Tyranitar
|-supereffective|p2a: Tyranitar
|-damage|p2a: Tyranitar|107\/341
|choice|*switch 3|*
|choice|switch 3|
|
|switch|p1a: Landorus|Landorus-Therian, M|319\/319|[from]move: U-turn
|-ability|p1a: Landorus|Intimidate|boost
|-unboost|p2a: Tyranitar|atk|1
|move|p2a: Tyranitar|Stone Edge|p1a: Landorus|[miss]
|-miss|p2a: Tyranitar|p1a: Landorus
|
|-weather|Sandstorm|[upkeep]
|upkeep
|turn|16
|choice|*move 3|*
|choice|*|*move 3
|choice|move uturn|move stoneedge
|
|move|p1a: Landorus|U-turn|p2a: Tyranitar
|-supereffective|p2a: Tyranitar
|-damage|p2a: Tyranitar|0 fnt
|faint|p2a: Tyranitar
|choice|*switch 3|*
|choice|switch 3|
|
|switch|p1a: Tornadus|Tornadus-Therian, M|299\/299|[from]move: U-turn
|
|-weather|Sandstorm|[upkeep]
|-damage|p1a: Tornadus|281\/299|[from] sandstorm
|upkeep
|choice|*|*switch 3
|choice||switch 3
|
|switch|p2a: Latios|Latios, M|301\/301
|-damage|p2a: Latios|264\/301|[from] Stealth Rock
|turn|17
|choice|*|*move 1 mega
|choice|*move 3|*
|choice|move uturn|move psychic mega
|
|-mega|p2a: Latios|Latios|Latiosite
|detailschange|p2a: Latios|Latios-Mega, M
|move|p1a: Tornadus|U-turn|p2a: Latios
|-supereffective|p2a: Latios
|-damage|p2a: Latios|132\/301
|choice|*switch 5|*
|choice|switch 5|
|
|switch|p1a: Gastrodon|Gastrodon, F|399\/426|[from]move: U-turn
|-damage|p1a: Gastrodon|346\/426|[from] Spikes
|move|p2a: Latios|Psychic|p1a: Gastrodon
|-damage|p1a: Gastrodon|205\/426
|
|-weather|Sandstorm|[upkeep]
|-damage|p2a: Latios|114\/301|[from] sandstorm
|-heal|p1a: Gastrodon|231\/426|[from] item: Leftovers
|upkeep
|turn|18
|choice|*move 4|*
|choice|*|*move 4
|choice|move recover|move roost
|
|move|p2a: Latios|Roost|p2a: Latios
|-heal|p2a: Latios|265\/301
|move|p1a: Gastrodon|Recover|p1a: Gastrodon
|-heal|p1a: Gastrodon|426\/426
|
|-weather|none
|upkeep
|turn|19
|choice|*|*switch 4
|choice|*move 2|*
|choice|move scald|switch 4
|
|switch|p2a: Ferrothorn|Ferrothorn, F|352\/352
|-damage|p2a: Ferrothorn|330\/352|[from] Stealth Rock
|move|p1a: Gastrodon|Scald|p2a: Ferrothorn
|-resisted|p2a: Ferrothorn
|-damage|p2a: Ferrothorn|303\/352
|
|-heal|p2a: Ferrothorn|325\/352|[from] item: Leftovers
|upkeep
|turn|20
|choice|*switch 4|*
|choice|*|*switch 6
|choice|switch 4|switch 6
|
|switch|p1a: Tangrowth|Tangrowth, F|404\/404
|-damage|p1a: Tangrowth|354\/404|[from] Spikes
|switch|p2a: Heatran|Heatran, M|253\/323
|-damage|p2a: Heatran|213\/323|[from] Stealth Rock
|
|upkeep
|turn|21
|choice|*|*move 2
|choice|*switch 4|*
|choice|switch 4|move magmastorm
|
|switch|p1a: Gastrodon|Gastrodon, F|426\/426
|-damage|p1a: Gastrodon|373\/426|[from] Spikes
|move|p2a: Heatran|Magma Storm|p1a: Gastrodon
|-resisted|p1a: Gastrodon
|-damage|p1a: Gastrodon|297\/426
|-activate|p1a: Gastrodon|move: Magma Storm|[of] p2a: Heatran
|
|-heal|p1a: Gastrodon|323\/426|[from] item: Leftovers
|-damage|p1a: Gastrodon|270\/426|[from] move: Magma Storm|[partiallytrapped]
|upkeep
|turn|22
|choice|*move 1|*
|choice|*|*move 4
|choice|move earthquake|move taunt
|
|move|p2a: Heatran|Taunt|p1a: Gastrodon
|-start|p1a: Gastrodon|move: Taunt
|move|p1a: Gastrodon|Earthquake|p2a: Heatran
|-supereffective|p2a: Heatran
|-damage|p2a: Heatran|0 fnt
|faint|p2a: Heatran
|
|-heal|p1a: Gastrodon|296\/426|[from] item: Leftovers
|upkeep
|c|☆Muñeca de Trapo|es genial esto
|-message|Muñeca de Trapo se rindió.
|
|win|LODDECEM
</script>
</div>
<div class="battle-log battle-log-inline"><div class="inner"><div class="battle-options"></div><div class="inner"><div class=""><small>Format:</small> <br><strong>OU</strong></div><div class=""><small><em>Cláusula-Mod de Dormir:</em> solo puedes dormir a uno de tus oponentes a la vez.</small></div><div class=""><small><em>Cláusula de Especie:</em> Hasta un Pokémon de cada especie</small></div><div class=""><small><em>Cláusula de Golpe Fulminante:</em> los movimientos fulminantes (OHKO) estan prohibidos</small></div><div class=""><small><em>Cláusula de Veleta:</em> la habilidad Veleta está prohibida</small></div><div class=""><small><em>Cláusula de Movimientos Evasivos:</em> los movimientos de Evasión están prohibidos.</small></div><div class=""><small><em>Cláusula de Batallas Eternas:</em> forzar batallas eternas está prohibido</small></div><div class="chat battle-history"><strong>LODDECEM's team:</strong> <em style="color:#445566;display:block;">Gastrodon / Heatran / Landorus-Therian / Tangrowth / Tornadus-Therian / Scizor</em></div><div class="chat battle-history"><strong>Muñeca de Trapo's team:</strong> <em style="color:#445566;display:block;">Clefable / Tyranitar / Latios / Ferrothorn / Heatran / Gliscor</em></div><div class="chat chatmessage-loddecem"><strong style="color:hsl(5,69%,49%)"><small>☆</small><span class="username" data-name="LODDECEM">LODDECEM</span>:</strong> <em>hf</em></div><div class="chat chatmessage-awesomemixvol"><strong style="color:hsl(269,79%,51.780818259688374%)"><small>%</small><span class="username" data-name="Awesome Mix Vol">Awesome Mix Vol</span>:</strong> <em>alto fear</em></div><div class="chat chatmessage-muecadetrapo"><strong style="color:hsl(157,60%,40%)"><small>☆</small><span class="username" data-name="Muñeca de Trapo">Muñeca de Trapo</span>:</strong> <em>=mente</em></div><div class="chat chatmessage-awesomemixvol"><strong style="color:hsl(269,79%,51.780818259688374%)"><small>%</small><span class="username" data-name="Awesome Mix Vol">Awesome Mix Vol</span>:</strong> <em>en no mandar a asuna</em></div><div class="spacer battle-history"><br></div><div class="battle-history">Battle started between LODDECEM and Muñeca de Trapo!<br></div><div class="spacer battle-history"><br></div><div class="battle-history">Go! Tornadus (<strong>Tornadus-Therian</strong>)!<br></div><div class="spacer battle-history"><br></div><div class="battle-history">Muñeca de Trapo sent out <strong>Clefable</strong>!<br></div><div class="spacer battle-history"><br></div><h2 class="battle-history">Turn 1</h2><div class="spacer battle-history"><br></div><div class="battle-history">Tornadus used <strong>Taunt</strong>!<br></div><div class="battle-history"><small>The opposing Clefable fell for the taunt!</small><br></div><div class="spacer battle-history"><br></div><div class="battle-history">The opposing Clefable can't use Thunder Wave after the taunt!<br></div><div class="spacer battle-history"><br></div><h2 class="battle-history">Turn 2</h2><div class="spacer battle-history"><br></div><div class="battle-history">Tornadus used <strong>Knock Off</strong>!<br></div><div class="battle-history"><small>It's not very effective...</small><br></div><div class="battle-history"><small>(The opposing Clefable lost <abbr title="−36/393">9.2%</abbr> of its health!)</small><br></div><div class="battle-history"><small>Tornadus knocked off the opposing Clefable's Leftovers!</small><br></div><div class="spacer battle-history"><br></div><div class="battle-history">The opposing Clefable used <strong>Moonblast</strong>!<br></div><div class="battle-history"><small>(Tornadus lost <abbr title="−114/299">38.1%</abbr> of its health!)</small><br></div><div class="spacer battle-history"><br></div><h2 class="battle-history">Turn 3</h2><div class="spacer battle-history"><br></div><div class="battle-history">Muñeca de Trapo withdrew Clefable!<br></div><div class="battle-history">Muñeca de Trapo sent out <strong>Gliscor</strong>!<br></div><div class="spacer battle-history"><br></div><div class="battle-history">Tornadus used <strong>Hurricane</strong>!<br></div><div class="battle-history"><small>The opposing Gliscor avoided the attack!</small><br></div><div class="spacer battle-history"><br></div><div class="battle-history"><small>The opposing Gliscor was badly poisoned!</small><br></div><div class="spacer battle-history"><br></div><h2 class="battle-history">Turn 4</h2><div class="spacer battle-history"><br></div><div class="battle-history">Tornadus used <strong>Taunt</strong>!<br></div><div class="battle-history"><small>The opposing Gliscor fell for the taunt!</small><br></div><div class="spacer battle-history"><br></div><div class="battle-history">The opposing Gliscor can't use Toxic after the taunt!<br></div><div class="spacer battle-history"><br></div><h2 class="battle-history">Turn 5</h2><div class="spacer battle-history"><br></div><div class="battle-history">Muñeca de Trapo withdrew Gliscor!<br></div><div class="battle-history">Muñeca de Trapo sent out <strong>Clefable</strong>!<br></div><div class="spacer battle-history"><br></div><div class="battle-history">Tornadus used <strong>Hurricane</strong>!<br></div><div class="battle-history"><small>(The opposing Clefable lost <abbr title="−180/393">45.8%</abbr> of its health!)</small><br></div><div class="spacer battle-history"><br></div><h2 class="battle-history">Turn 6</h2><div class="spacer battle-history"><br></div><div class="battle-history">Tornadus used <strong>Hurricane</strong>!<br></div><div class="battle-history"><small>(The opposing Clefable lost <abbr title="−177/393">45.0%</abbr> of its health!)</small><br></div><div class="spacer battle-history"><br></div><div class="battle-history">The opposing Clefable fainted!<br></div><div class="spacer battle-history"><br></div><div class="battle-history">Muñeca de Trapo sent out <strong>Heatran</strong>!<br></div><div class="spacer battle-history"><br></div><h2 class="battle-history">Turn 7</h2><div class="spacer battle-history"><br></div><div class="battle-history">Tornadus, come back!<br></div><div class="battle-history">Go! <strong>Gastrodon</strong>!<br></div><div class="spacer battle-history"><br></div><div class="battle-history">Muñeca de Trapo withdrew Heatran!<br></div><div class="battle-history">Muñeca de Trapo sent out <strong>Ferrothorn</strong>!<br></div><div class="spacer battle-history"><br></div><h2 class="battle-history">Turn 8</h2><div class="spacer battle-history"><br></div><div class="battle-history">Gastrodon, come back!<br></div><div class="battle-history">Go! <strong>Heatran</strong>!<br></div><div class="spacer battle-history"><br></div><div class="battle-history">The opposing Ferrothorn used <strong>Spikes</strong>!<br></div><div class="battle-history"><small>Spikes were scattered on the ground all around your team!</small><br></div><div class="spacer battle-history"><br></div><h2 class="battle-history">Turn 9</h2><div class="spacer battle-history"><br></div><div class="battle-history">Muñeca de Trapo withdrew Ferrothorn!<br></div><div class="battle-history">Muñeca de Trapo sent out <strong>Gliscor</strong>!<br></div><div class="spacer battle-history"><br></div><div class="battle-history">Heatran used <strong>Stealth Rock</strong>!<br></div><div class="battle-history"><small>Pointed stones float in the air around the opposing team!</small><br></div><div class="spacer battle-history"><br></div><h2 class="battle-history">Turn 10</h2><div class="spacer battle-history"><br></div><div class="battle-history">Heatran, come back!<br></div><div class="battle-history">Go! <strong>Scizor</strong>!<br></div><div class="battle-history"><small>Scizor is hurt by the spikes!</small><br></div><div class="spacer battle-history"><br></div><div class="battle-history">The opposing Gliscor used <strong>Toxic</strong>!<br></div><div class="battle-history"><small>It doesn't affect Scizor...</small><br></div><div class="spacer battle-history"><br></div><h2 class="battle-history">Turn 11</h2><div class="spacer battle-history"><br></div><div class="battle-history">Muñeca de Trapo withdrew Gliscor!<br></div><div class="battle-history">Muñeca de Trapo sent out <strong>Heatran</strong>!<br></div><div class="battle-history"><small>Pointed stones dug into the opposing Heatran!</small><br></div><div class="spacer battle-history"><br></div><div class="battle-history"><small>Scizor's Scizorite is reacting to the Key Stone!</small><br>Scizor has Mega Evolved into Mega Scizor!<br></div><div class="spacer battle-history"><br></div><div class="battle-history">Scizor used <strong>U-turn</strong>!<br></div><div class="battle-history"><small>It's not very effective...</small><br></div><div class="battle-history"><small>(The opposing Heatran lost <abbr title="−30/323">9.3%</abbr> of its health!)</small><br></div><div class="spacer battle-history"><br></div><div class="battle-history">Scizor went back to LODDECEM!<br></div><div class="battle-history">Go! <strong>Gastrodon</strong>!<br></div><div class="battle-history"><small>Gastrodon is hurt by the spikes!</small><br></div><div class="spacer battle-history"><br></div><div class="battle-history"><small>Gastrodon restored a little HP using its Leftovers!</small><br></div><div class="spacer battle-history"><br></div><h2 class="battle-history">Turn 12</h2><div class="spacer battle-history"><br></div><div class="battle-history">Muñeca de Trapo withdrew Heatran!<br></div><div class="battle-history">Muñeca de Trapo sent out <strong>Ferrothorn</strong>!<br></div><div class="battle-history"><small>Pointed stones dug into the opposing Ferrothorn!</small><br></div><div class="spacer battle-history"><br></div><div class="battle-history">Gastrodon, come back!<br></div><div class="battle-history">Go! Tornadus (<strong>Tornadus-Therian</strong>)!<br></div><div class="spacer battle-history"><br></div><div class="battle-history"><small>The opposing Ferrothorn restored a little HP using its Leftovers!</small><br></div><div class="spacer battle-history"><br></div><h2 class="battle-history">Turn 13</h2><div class="spacer battle-history"><br></div><div class="battle-history">Muñeca de Trapo withdrew Ferrothorn!<br></div><div class="battle-history">Muñeca de Trapo sent out <strong>Gliscor</strong>!<br></div><div class="battle-history"><small>Pointed stones dug into the opposing Gliscor!</small><br></div><div class="spacer battle-history"><br></div><div class="battle-history">Tornadus used <strong>Taunt</strong>!<br></div><div class="battle-history"><small>The opposing Gliscor fell for the taunt!</small><br></div><div class="spacer battle-history"><br></div><div class="battle-history"><small>[The opposing Gliscor's Poison Heal]</small><br><small>The opposing Gliscor restored its HP.</small><br></div><div class="spacer battle-history"><br></div><h2 class="battle-history">Turn 14</h2><div class="spacer battle-history"><br></div><div class="battle-history">Muñeca de Trapo withdrew Gliscor!<br></div><div class="battle-history">Muñeca de Trapo sent out <strong>Tyranitar</strong>!<br></div><div class="battle-history"><small>Pointed stones dug into the opposing Tyranitar!</small><br></div><div class="battle-history"><small>[The opposing Tyranitar's Sand Stream]</small><br><small>A sandstorm kicked up!</small><br></div><div class="battle-history"><small>Tornadus surrounded itself with its Z-Power!</small><br></div><div class="spacer battle-history"><br></div><div class="battle-history">Tornadus used <strong>Supersonic Skystrike</strong>!<br></div><div class="battle-history"><small>It's not very effective...</small><br></div><div class="battle-history"><small>(The opposing Tyranitar lost <abbr title="−96/341">28.2%</abbr> of its health!)</small><br></div><div class="spacer battle-history"><br></div><div class="battle-history"><small>The sandstorm is raging.</small><br></div><div class="battle-history"><small>Tornadus is buffeted by the sandstorm!</small><br></div><div class="spacer battle-history"><br></div><h2 class="battle-history">Turn 15</h2><div class="spacer battle-history"><br></div><div class="battle-history">Tornadus used <strong>U-turn</strong>!<br></div><div class="battle-history"><small>It's super effective!</small><br></div><div class="battle-history"><small>(The opposing Tyranitar lost <abbr title="−96/341">28.2%</abbr> of its health!)</small><br></div><div class="spacer battle-history"><br></div><div class="battle-history">Tornadus went back to LODDECEM!<br></div><div class="battle-history">Go! Landorus (<strong>Landorus-Therian</strong>)!<br></div><div class="battle-history"><small>[Landorus's Intimidate]</small><br></div><div class="battle-history"><small>The opposing Tyranitar's Attack fell!</small><br></div><div class="spacer battle-history"><br></div><div class="battle-history">The opposing Tyranitar used <strong>Stone Edge</strong>!<br></div><div class="battle-history"><small>Landorus avoided the attack!</small><br></div><div class="spacer battle-history"><br></div><div class="battle-history"><small>The sandstorm is raging.</small><br></div><div class="spacer battle-history"><br></div><h2 class="battle-history">Turn 16</h2><div class="spacer battle-history"><br></div><div class="battle-history">Landorus used <strong>U-turn</strong>!<br></div><div class="battle-history"><small>It's super effective!</small><br></div><div class="battle-history"><small>(The opposing Tyranitar lost <abbr title="−107/341">31.4%</abbr> of its health!)</small><br></div><div class="spacer battle-history"><br></div><div class="battle-history">The opposing Tyranitar fainted!<br></div><div class="spacer battle-history"><br></div><div class="battle-history">Landorus went back to LODDECEM!<br></div><div class="battle-history">Go! Tornadus (<strong>Tornadus-Therian</strong>)!<br></div><div class="spacer battle-history"><br></div><div class="battle-history"><small>The sandstorm is raging.</small><br></div><div class="battle-history"><small>Tornadus is buffeted by the sandstorm!</small><br></div><div class="spacer battle-history"><br></div><div class="battle-history">Muñeca de Trapo sent out <strong>Latios</strong>!<br></div><div class="battle-history"><small>Pointed stones dug into the opposing Latios!</small><br></div><div class="spacer battle-history"><br></div><h2 class="battle-history">Turn 17</h2><div class="spacer battle-history"><br></div><div class="battle-history"><small>The opposing Latios's Latiosite is reacting to the Key Stone!</small><br>The opposing Latios has Mega Evolved into Mega Latios!<br></div><div class="spacer battle-history"><br></div><div class="battle-history">Tornadus used <strong>U-turn</strong>!<br></div><div class="battle-history"><small>It's super effective!</small><br></div><div class="battle-history"><small>(The opposing Latios lost <abbr title="−132/301">43.9%</abbr> of its health!)</small><br></div><div class="spacer battle-history"><br></div><div class="battle-history">Tornadus went back to LODDECEM!<br></div><div class="battle-history">Go! <strong>Gastrodon</strong>!<br></div><div class="battle-history"><small>Gastrodon is hurt by the spikes!</small><br></div><div class="spacer battle-history"><br></div><div class="battle-history">The opposing Latios used <strong>Psychic</strong>!<br></div><div class="battle-history"><small>(Gastrodon lost <abbr title="−141/426">33.1%</abbr> of its health!)</small><br></div><div class="spacer battle-history"><br></div><div class="battle-history"><small>The sandstorm is raging.</small><br></div><div class="battle-history"><small>The opposing Latios is buffeted by the sandstorm!</small><br></div><div class="battle-history"><small>Gastrodon restored a little HP using its Leftovers!</small><br></div><div class="spacer battle-history"><br></div><h2 class="battle-history">Turn 18</h2><div class="spacer battle-history"><br></div><div class="battle-history">The opposing Latios used <strong>Roost</strong>!<br></div><div class="battle-history"><small>The opposing Latios restored its HP.</small><br></div><div class="spacer battle-history"><br></div><div class="battle-history">Gastrodon used <strong>Recover</strong>!<br></div><div class="battle-history"><small>Gastrodon restored its HP.</small><br></div><div class="spacer battle-history"><br></div><div class="battle-history"><small>The sandstorm subsided.</small><br></div><div class="spacer battle-history"><br></div><h2 class="battle-history">Turn 19</h2><div class="spacer battle-history"><br></div><div class="battle-history">Muñeca de Trapo withdrew Latios!<br></div><div class="battle-history">Muñeca de Trapo sent out <strong>Ferrothorn</strong>!<br></div><div class="battle-history"><small>Pointed stones dug into the opposing Ferrothorn!</small><br></div><div class="spacer battle-history"><br></div><div class="battle-history">Gastrodon used <strong>Scald</strong>!<br></div><div class="battle-history"><small>It's not very effective...</small><br></div><div class="battle-history"><small>(The opposing Ferrothorn lost <abbr title="−27/352">7.7%</abbr> of its health!)</small><br></div><div class="spacer battle-history"><br></div><div class="battle-history"><small>The opposing Ferrothorn restored a little HP using its Leftovers!</small><br></div><div class="spacer battle-history"><br></div><h2 class="battle-history">Turn 20</h2><div class="spacer battle-history"><br></div><div class="battle-history">Gastrodon, come back!<br></div><div class="battle-history">Go! <strong>Tangrowth</strong>!<br></div><div class="battle-history"><small>Tangrowth is hurt by the spikes!</small><br></div><div class="spacer battle-history"><br></div><div class="battle-history">Muñeca de Trapo withdrew Ferrothorn!<br></div><div class="battle-history">Muñeca de Trapo sent out <strong>Heatran</strong>!<br></div><div class="battle-history"><small>Pointed stones dug into the opposing Heatran!</small><br></div><div class="spacer battle-history"><br></div><h2 class="battle-history">Turn 21</h2><div class="spacer battle-history"><br></div><div class="battle-history">Tangrowth, come back!<br></div><div class="battle-history">Go! <strong>Gastrodon</strong>!<br></div><div class="battle-history"><small>Gastrodon is hurt by the spikes!</small><br></div><div class="spacer battle-history"><br></div><div class="battle-history">The opposing Heatran used <strong>Magma Storm</strong>!<br></div><div class="battle-history"><small>It's not very effective...</small><br></div><div class="battle-history"><small>(Gastrodon lost <abbr title="−76/426">17.8%</abbr> of its health!)</small><br></div><div class="battle-history"><small>Gastrodon became trapped by swirling magma!</small><br></div><div class="spacer battle-history"><br></div><div class="battle-history"><small>Gastrodon restored a little HP using its Leftovers!</small><br></div><div class="battle-history"><small>Gastrodon is hurt by Magma Storm!</small><br></div><div class="spacer battle-history"><br></div><h2 class="battle-history">Turn 22</h2><div class="spacer battle-history"><br></div><div class="battle-history">The opposing Heatran used <strong>Taunt</strong>!<br></div><div class="battle-history"><small>Gastrodon fell for the taunt!</small><br></div><div class="spacer battle-history"><br></div><div class="battle-history">Gastrodon used <strong>Earthquake</strong>!<br></div><div class="battle-history"><small>It's super effective!</small><br></div><div class="battle-history"><small>(The opposing Heatran lost <abbr title="−213/323">65.9%</abbr> of its health!)</small><br></div><div class="spacer battle-history"><br></div><div class="battle-history">The opposing Heatran fainted!<br></div><div class="spacer battle-history"><br></div><div class="battle-history"><small>Gastrodon restored a little HP using its Leftovers!</small><br></div><div class="chat chatmessage-muecadetrapo"><strong style="color:hsl(157,60%,40%)"><small>☆</small><span class="username" data-name="Muñeca de Trapo">Muñeca de Trapo</span>:</strong> <em>es genial esto</em></div><div class="spacer battle-history"><br></div><div class="battle-history"><small>Muñeca de Trapo se rindió.</small><br></div><div class="spacer battle-history"><br></div><div class="battle-history"><strong>LODDECEM</strong> won the battle!<br></div></div><div class="inner-preempt"></div></div></div>
</div>
<script>
let daily = Math.floor(Date.now()/1000/60/60/24);document.write('<script src="https://play.pokemonshowdown.com/js/replay-embed.js?version'+daily+'"></'+'script>');
</script>
