<!DOCTYPE html>
<meta charset="utf-8" />
<!-- version 1 -->
<title>OU replay: masters1991 vs. Guis Kane</title>
<style>
html,body {font-family:Verdana, sans-serif;font-size:10pt;margin:0;padding:0;}body{padding:12px 0;} .battle-log {font-family:Verdana, sans-serif;font-size:10pt;} .battle-log-inline {border:1px solid #AAAAAA;background:#EEF2F5;color:black;max-width:640px;margin:0 auto 80px;padding-bottom:5px;} .battle-log .inner {padding:4px 8px 0px 8px;} .battle-log .inner-preempt {padding:0 8px 4px 8px;} .battle-log .inner-after {margin-top:0.5em;} .battle-log h2 {margin:0.5em -8px;padding:4px 8px;border:1px solid #AAAAAA;background:#E0E7EA;border-left:0;border-right:0;font-family:Verdana, sans-serif;font-size:13pt;} .battle-log .chat {vertical-align:middle;padding:3px 0 3px 0;font-size:8pt;} .battle-log .chat strong {color:#40576A;} .battle-log .chat em {padding:1px 4px 1px 3px;color:#000000;font-style:normal;} .chat.mine {background:rgba(0,0,0,0.05);margin-left:-8px;margin-right:-8px;padding-left:8px;padding-right:8px;} .spoiler {color:#BBBBBB;background:#BBBBBB;padding:0px 3px;} .spoiler:hover, .spoiler:active, .spoiler-shown {color:#000000;background:#E2E2E2;padding:0px 3px;} .spoiler a {color:#BBBBBB;} .spoiler:hover a, .spoiler:active a, .spoiler-shown a {color:#2288CC;} .chat code, .chat .spoiler:hover code, .chat .spoiler:active code, .chat .spoiler-shown code {border:1px solid #C0C0C0;background:#EEEEEE;color:black;padding:0 2px;} .chat .spoiler code {border:1px solid #CCCCCC;background:#CCCCCC;color:#CCCCCC;} .battle-log .rated {padding:3px 4px;} .battle-log .rated strong {color:white;background:#89A;padding:1px 4px;border-radius:4px;} .spacer {margin-top:0.5em;} .message-announce {background:#6688AA;color:white;padding:1px 4px 2px;} .message-announce a, .broadcast-green a, .broadcast-blue a, .broadcast-red a {color:#DDEEFF;} .broadcast-green {background-color:#559955;color:white;padding:2px 4px;} .broadcast-blue {background-color:#6688AA;color:white;padding:2px 4px;} .infobox {border:1px solid #6688AA;padding:2px 4px;} .infobox-limited {max-height:200px;overflow:auto;overflow-x:hidden;} .broadcast-red {background-color:#AA5544;color:white;padding:2px 4px;} .message-learn-canlearn {font-weight:bold;color:#228822;text-decoration:underline;} .message-learn-cannotlearn {font-weight:bold;color:#CC2222;text-decoration:underline;} .message-effect-weak {font-weight:bold;color:#CC2222;} .message-effect-resist {font-weight:bold;color:#6688AA;} .message-effect-immune {font-weight:bold;color:#666666;} .message-learn-list {margin-top:0;margin-bottom:0;} .message-throttle-notice, .message-error {color:#992222;} .message-overflow, .chat small.message-overflow {font-size:0pt;} .message-overflow::before {font-size:9pt;content:'...';} .subtle {color:#3A4A66;}
</style>
<div class="wrapper replay-wrapper" style="max-width:1180px;margin:0 auto">
<input type="hidden" name="replayid" value="destiny-ou-559225" />
<div class="battle"></div><div class="battle-log"></div><div class="replay-controls"></div><div class="replay-controls-2"></div>
<h1 style="font-weight:normal;text-align:center"><strong>OU</strong><br /><a href="http://pokemonshowdown.com/users/masters1991" class="subtle" target="_blank">masters1991</a> vs. <a href="http://pokemonshowdown.com/users/guiskane" class="subtle" target="_blank">Guis Kane</a></h1>
<script type="text/plain" class="battle-log-data">|player|p1|masters1991|247
|teamsize|p1|6
|player|p2|Guis Kane|guiskane.gif?2d1beae7
|teamsize|p2|6
|teamsize|p1|6
|teamsize|p2|6
|gametype|singles
|gen|7
|tier|OU
|rated
|seed|32277,21717,18261,34870
|rule|Cláusula-Mod de Dormir: solo puedes dormir a uno de tus oponentes a la vez.
|rule|Cláusula de Especie: Hasta un Pokémon de cada especie
|rule|Cláusula de Golpe Fulminante: los movimientos fulminantes (OHKO) estan prohibidos
|rule|Cláusula de Veleta: la habilidad Veleta está prohibida
|rule|Cláusula de Movimientos Evasivos: los movimientos de Evasión están prohibidos.
|rule|Cláusula de Batallas Eternas: forzar batallas eternas está prohibido
|clearpoke
|poke|p1|Blastoise, M|item
|poke|p1|Blacephalon|item
|poke|p1|Pikachu, M|item
|poke|p1|Serperior, F|item
|poke|p1|Shuckle, F|item
|poke|p1|Weavile, M|item
|poke|p2|Pelipper, F|item
|poke|p2|Swampert, F|item
|poke|p2|Kingdra, F|item
|poke|p2|Ferrothorn, F|item
|poke|p2|Tornadus-Therian, M|item
|poke|p2|Magearna|item
|teampreview|undefined
|choice|*|*team 123456
|choice|*team 523416|*
|choice|team 5, 2, 3, 4, 1, 6|team 1, 2, 3, 4, 5, 6
|
|start
|switch|p1a: Shuckle|Shuckle, F|181\/181
|switch|p2a: Pelipper|Pelipper, F|323\/323
|-weather|RainDance|[from] ability: Drizzle|[of] p2a: Pelipper
|turn|1
|choice|*|*move 1
|choice|*move 4|*
|choice|move toxic|move scald
|
|move|p2a: Pelipper|Scald|p1a: Shuckle
|-supereffective|p1a: Shuckle
|-damage|p1a: Shuckle|41\/181
|-status|p1a: Shuckle|brn
|-enditem|p1a: Shuckle|Red Card|[of] p2a: Pelipper
|drag|p2a: Tornadus|Tornadus-Therian, M|299\/299
|move|p1a: Shuckle|Toxic|p2a: Tornadus
|-status|p2a: Tornadus|tox
|
|-weather|RainDance|[upkeep]
|-damage|p2a: Tornadus|281\/299 tox|[from] psn
|-damage|p1a: Shuckle|30\/181 brn|[from] brn
|upkeep
|turn|2
|choice|*move 3|*
|choice|*|*move 1
|choice|move stealthrock|move hurricane
|
|move|p2a: Tornadus|Hurricane|p1a: Shuckle
|-damage|p1a: Shuckle|0 fnt
|-damage|p2a: Tornadus|252\/299 tox|[from] item: Life Orb
|faint|p1a: Shuckle
|
|-weather|RainDance|[upkeep]
|-damage|p2a: Tornadus|216\/299 tox|[from] psn
|upkeep
|choice|*switch 3|*
|choice|switch 3|
|
|switch|p1a: Pikachu|Pikachu, M|211\/211
|turn|3
|choice|*|*switch 2
|choice|*move 4|*
|choice|move thunderpunch|switch 2
|
|switch|p2a: Swampert|Swampert, F|341\/341
|move|p1a: Pikachu|Thunder Punch|p2a: Swampert
|-immune|p2a: Swampert|[msg]
|
|-weather|RainDance|[upkeep]
|upkeep
|turn|4
|choice|*|*move 2 mega
|choice|*move 2|*
|choice|move grassknot|move earthquake mega
|
|-mega|p2a: Swampert|Swampert|Swampertite
|detailschange|p2a: Swampert|Swampert-Mega, F
|move|p2a: Swampert|Earthquake|p1a: Pikachu
|-supereffective|p1a: Pikachu
|-damage|p1a: Pikachu|0 fnt
|faint|p1a: Pikachu
|
|-weather|RainDance|[upkeep]
|upkeep
|choice|*switch 4|*
|choice|switch 4|
|
|switch|p1a: Serperior|Serperior, F|291\/291
|turn|5
|choice|*move 3|*
|choice|*|*switch 6
|choice|move leafstorm|switch 6
|
|switch|p2a: Magearna|Magearna|351\/351
|move|p1a: Serperior|Leaf Storm|p2a: Magearna
|-resisted|p2a: Magearna
|-damage|p2a: Magearna|327\/351
|-boost|p1a: Serperior|spa|2
|
|-weather|RainDance|[upkeep]
|upkeep
|turn|6
|choice|*move 4|*
|choice|*|*move 3
|choice|move hiddenpower|move icebeam
|
|move|p1a: Serperior|Hidden Power|p2a: Magearna
|-supereffective|p2a: Magearna
|-damage|p2a: Magearna|297\/351
|move|p2a: Magearna|Ice Beam|p1a: Serperior
|-supereffective|p1a: Serperior
|-damage|p1a: Serperior|107\/291
|
|-weather|RainDance|[upkeep]
|-heal|p1a: Serperior|125\/291|[from] item: Leftovers
|upkeep
|turn|7
|choice|*|*move 3
|choice|*move 4|*
|choice|move hiddenpower|move icebeam
|
|move|p1a: Serperior|Hidden Power|p2a: Magearna
|-supereffective|p2a: Magearna
|-damage|p2a: Magearna|263\/351
|move|p2a: Magearna|Ice Beam|p1a: Serperior
|-supereffective|p1a: Serperior
|-damage|p1a: Serperior|0 fnt
|faint|p1a: Serperior
|-ability|p2a: Magearna|Soul-Heart|boost
|-boost|p2a: Magearna|spa|1
|
|-weather|RainDance|[upkeep]
|upkeep
|choice|*switch 2|*
|choice|switch 2|
|
|switch|p1a: Blacephalon|Blacephalon|247\/247
|turn|8
|choice|*move 1|*
|choice|*|*move 1
|choice|move fireblast|move fleurcannon
|
|move|p1a: Blacephalon|Fire Blast|p2a: Magearna|[miss]
|-miss|p1a: Blacephalon|p2a: Magearna
|move|p2a: Magearna|Fleur Cannon|p1a: Blacephalon
|-resisted|p1a: Blacephalon
|-damage|p1a: Blacephalon|56\/247
|-unboost|p2a: Magearna|spa|2
|
|-weather|none
|upkeep
|turn|9
|choice|*move 1|*
|choice|*|*switch 5
|choice|move fireblast|switch 5
|
|switch|p2a: Pelipper|Pelipper, F|323\/323
|-weather|RainDance|[from] ability: Drizzle|[of] p2a: Pelipper
|move|p1a: Blacephalon|Fire Blast|p2a: Pelipper
|-resisted|p2a: Pelipper
|-damage|p2a: Pelipper|257\/323
|
|-weather|RainDance|[upkeep]
|upkeep
|turn|10
|choice|*|*move 1
|choice|*move 1|*
|choice|move fireblast|move scald
|
|move|p1a: Blacephalon|Fire Blast|p2a: Pelipper
|-resisted|p2a: Pelipper
|-damage|p2a: Pelipper|200\/323
|-status|p2a: Pelipper|brn
|move|p2a: Pelipper|Scald|p1a: Blacephalon
|-supereffective|p1a: Blacephalon
|-damage|p1a: Blacephalon|0 fnt
|faint|p1a: Blacephalon
|
|-weather|RainDance|[upkeep]
|-damage|p2a: Pelipper|180\/323 brn|[from] brn
|upkeep
|choice|*switch 6|*
|choice|switch 6|
|
|switch|p1a: Weavile|Weavile, M|281\/281
|-ability|p1a: Weavile|Pressure
|turn|11
|choice|*move 3|*
|choice|*|*switch 4
|choice|move knockoff|switch 4
|
|switch|p2a: Ferrothorn|Ferrothorn, F|352\/352
|move|p1a: Weavile|Knock Off|p2a: Ferrothorn
|-damage|p2a: Ferrothorn|268\/352
|-damage|p1a: Weavile|246\/281|[from] ability: Iron Barbs|[of] p2a: Ferrothorn
|-enditem|p2a: Ferrothorn|Leftovers|[from] move: Knock Off|[of] p1a: Weavile
|
|-weather|RainDance|[upkeep]
|upkeep
|turn|12
|choice|*|*move 3
|choice|*move 4|*
|choice|move iceshard|move gyroball
|
|move|p1a: Weavile|Ice Shard|p2a: Ferrothorn
|-damage|p2a: Ferrothorn|232\/352
|move|p2a: Ferrothorn|Gyro Ball|p1a: Weavile
|-supereffective|p1a: Weavile
|-damage|p1a: Weavile|0 fnt
|faint|p1a: Weavile
|
|-weather|RainDance|[upkeep]
|upkeep
|choice|*switch 5|*
|choice|switch 5|
|
|switch|p1a: Blastoise|Blastoise, M|299\/299
|turn|13
|choice|*|*move 1
|choice|*move 1 mega|*
|choice|move aurasphere mega|move leechseed
|
|-mega|p1a: Blastoise|Blastoise|Blastoisinite
|detailschange|p1a: Blastoise|Blastoise-Mega, M
|move|p1a: Blastoise|Aura Sphere|p2a: Ferrothorn
|-supereffective|p2a: Ferrothorn
|-damage|p2a: Ferrothorn|14\/352
|move|p2a: Ferrothorn|Leech Seed|p1a: Blastoise
|-start|p1a: Blastoise|move: Leech Seed
|
|-weather|RainDance|[upkeep]
|-damage|p1a: Blastoise|262\/299|[from] Leech Seed|[of] p2a: Ferrothorn
|-heal|p2a: Ferrothorn|51\/352|[silent]
|upkeep
|turn|14
|choice|*move 1|*
|choice|*|*switch 5
|choice|move aurasphere|switch 5
|
|switch|p2a: Magearna|Magearna|263\/351
|move|p1a: Blastoise|Aura Sphere|p2a: Magearna
|-damage|p2a: Magearna|208\/351
|
|-weather|RainDance|[upkeep]
|-damage|p1a: Blastoise|225\/299|[from] Leech Seed|[of] p2a: Magearna
|-heal|p2a: Magearna|245\/351|[silent]
|upkeep
|turn|15
|choice|*|*move 4
|choice|*move 2|*
|choice|move darkpulse|move flashcannon
|
|move|p1a: Blastoise|Dark Pulse|p2a: Magearna
|-resisted|p2a: Magearna
|-damage|p2a: Magearna|217\/351
|move|p2a: Magearna|Flash Cannon|p1a: Blastoise
|-resisted|p1a: Blastoise
|-damage|p1a: Blastoise|166\/299
|
|-weather|RainDance|[upkeep]
|-damage|p1a: Blastoise|129\/299|[from] Leech Seed|[of] p2a: Magearna
|-heal|p2a: Magearna|254\/351|[silent]
|upkeep
|turn|16
|choice|*|*move 4
|choice|*move 4|*
|choice|move hydrocannon|move flashcannon
|
|move|p1a: Blastoise|Hydro Cannon|p2a: Magearna
|-damage|p2a: Magearna|101\/351
|move|p2a: Magearna|Flash Cannon|p1a: Blastoise
|-resisted|p1a: Blastoise
|-damage|p1a: Blastoise|75\/299
|
|-weather|none
|-damage|p1a: Blastoise|38\/299|[from] Leech Seed|[of] p2a: Magearna
|-heal|p2a: Magearna|138\/351|[silent]
|upkeep
|turn|17
|-mustrecharge|p1a: Blastoise
|choice|*|*switch 3
|choice|*move 1|*
|choice|move recharge|switch 3
|
|switch|p2a: Kingdra|Kingdra, F|291\/291
|cant|p1a: Blastoise|recharge
|
|-damage|p1a: Blastoise|1\/299|[from] Leech Seed|[of] p2a: Kingdra
|upkeep
|turn|18
|choice|*move 3|*
|choice|*|*move 4
|choice|move dragonpulse|move hiddenpower
|
|move|p2a: Kingdra|Hidden Power|p1a: Blastoise
|-supereffective|p1a: Blastoise
|-damage|p1a: Blastoise|0 fnt
|faint|p1a: Blastoise
|
|win|Guis Kane
Guis Kane ha ganado 5.5 PokeDolares.
|raw|Puntaje de masters1991: 1000 &rarr; <strong>1000<\/strong><br \/>(+0 por perder)
|raw|Puntaje de Guis Kane: 1205 &rarr; <strong>1217<\/strong><br \/>(+12 por ganar)
</script>
</div>
<div class="battle-log battle-log-inline"><div class="inner"><div class="battle-options"></div><div class="inner"><div class=""><small>Format:</small> <br><strong>OU</strong></div><div class="rated"><strong>Rated battle</strong></div><div class=""><small><em>Cláusula-Mod de Dormir:</em> solo puedes dormir a uno de tus oponentes a la vez.</small></div><div class=""><small><em>Cláusula de Especie:</em> Hasta un Pokémon de cada especie</small></div><div class=""><small><em>Cláusula de Golpe Fulminante:</em> los movimientos fulminantes (OHKO) estan prohibidos</small></div><div class=""><small><em>Cláusula de Veleta:</em> la habilidad Veleta está prohibida</small></div><div class=""><small><em>Cláusula de Movimientos Evasivos:</em> los movimientos de Evasión están prohibidos.</small></div><div class=""><small><em>Cláusula de Batallas Eternas:</em> forzar batallas eternas está prohibido</small></div><div class="chat battle-history"><strong>masters1991's team:</strong> <em style="color:#445566;display:block;">Blastoise / Blacephalon / Pikachu / Serperior / Shuckle / Weavile</em></div><div class="chat battle-history"><strong>Guis Kane's team:</strong> <em style="color:#445566;display:block;">Pelipper / Swampert / Kingdra / Ferrothorn / Tornadus-Therian / Magearna</em></div><div class="spacer battle-history"><br></div><div class="battle-history">Battle started between masters1991 and Guis Kane!<br></div><div class="spacer battle-history"><br></div><div class="battle-history">Go! <strong>Shuckle</strong>!<br></div><div class="spacer battle-history"><br></div><div class="battle-history">Guis Kane sent out <strong>Pelipper</strong>!<br></div><div class="battle-history"><small>[The opposing Pelipper's Drizzle]</small><br><small>It started to rain!</small><br></div><div class="spacer battle-history"><br></div><h2 class="battle-history">Turn 1</h2><div class="spacer battle-history"><br></div><div class="battle-history">The opposing Pelipper used <strong>Scald</strong>!<br></div><div class="battle-history"><small>It's super effective!</small><br></div><div class="battle-history"><small>(Shuckle lost <abbr title="−140/181">77.3%</abbr> of its health!)</small><br></div><div class="battle-history"><small>Shuckle was burned!</small><br></div><div class="battle-history"><small>Shuckle held up its Red Card against the opposing Pelipper!</small><br></div><div class="spacer battle-history"><br></div><div class="battle-history">Tornadus (<strong>Tornadus-Therian</strong>) was dragged out!<br></div><div class="spacer battle-history"><br></div><div class="battle-history">Shuckle used <strong>Toxic</strong>!<br></div><div class="battle-history"><small>The opposing Tornadus was badly poisoned!</small><br></div><div class="spacer battle-history"><br></div><div class="battle-history"><small>(Rain continues to fall!)</small><br></div><div class="battle-history"><small>The opposing Tornadus was hurt by poison!</small><br></div><div class="battle-history"><small>Shuckle was hurt by its burn!</small><br></div><div class="spacer battle-history"><br></div><h2 class="battle-history">Turn 2</h2><div class="spacer battle-history"><br></div><div class="battle-history">The opposing Tornadus used <strong>Hurricane</strong>!<br></div><div class="battle-history"><small>(Shuckle lost <abbr title="−30/181">16.6%</abbr> of its health!)</small><br></div><div class="battle-history"><small>The opposing Tornadus lost some of its HP!</small><br></div><div class="spacer battle-history"><br></div><div class="battle-history">Shuckle fainted!<br></div><div class="spacer battle-history"><br></div><div class="battle-history"><small>(Rain continues to fall!)</small><br></div><div class="battle-history"><small>The opposing Tornadus was hurt by poison!</small><br></div><div class="spacer battle-history"><br></div><div class="battle-history">Go! <strong>Pikachu</strong>!<br></div><div class="spacer battle-history"><br></div><h2 class="battle-history">Turn 3</h2><div class="spacer battle-history"><br></div><div class="battle-history">Guis Kane withdrew Tornadus!<br></div><div class="battle-history">Guis Kane sent out <strong>Swampert</strong>!<br></div><div class="spacer battle-history"><br></div><div class="battle-history">Pikachu used <strong>Thunder Punch</strong>!<br></div><div class="battle-history"><small>It doesn't affect the opposing Swampert...</small><br></div><div class="spacer battle-history"><br></div><div class="battle-history"><small>(Rain continues to fall!)</small><br></div><div class="spacer battle-history"><br></div><h2 class="battle-history">Turn 4</h2><div class="spacer battle-history"><br></div><div class="battle-history"><small>The opposing Swampert's Swampertite is reacting to the Key Stone!</small><br>The opposing Swampert has Mega Evolved into Mega Swampert!<br></div><div class="spacer battle-history"><br></div><div class="battle-history">The opposing Swampert used <strong>Earthquake</strong>!<br></div><div class="battle-history"><small>It's super effective!</small><br></div><div class="battle-history"><small>(Pikachu lost <abbr title="−211/211">100%</abbr> of its health!)</small><br></div><div class="spacer battle-history"><br></div><div class="battle-history">Pikachu fainted!<br></div><div class="spacer battle-history"><br></div><div class="battle-history"><small>(Rain continues to fall!)</small><br></div><div class="spacer battle-history"><br></div><div class="battle-history">Go! <strong>Serperior</strong>!<br></div><div class="spacer battle-history"><br></div><h2 class="battle-history">Turn 5</h2><div class="spacer battle-history"><br></div><div class="battle-history">Guis Kane withdrew Swampert!<br></div><div class="battle-history">Guis Kane sent out <strong>Magearna</strong>!<br></div><div class="spacer battle-history"><br></div><div class="battle-history">Serperior used <strong>Leaf Storm</strong>!<br></div><div class="battle-history"><small>It's not very effective...</small><br></div><div class="battle-history"><small>(The opposing Magearna lost <abbr title="−24/351">6.8%</abbr> of its health!)</small><br></div><div class="battle-history"><small>Serperior's Special Attack rose sharply!</small><br></div><div class="spacer battle-history"><br></div><div class="battle-history"><small>(Rain continues to fall!)</small><br></div><div class="spacer battle-history"><br></div><h2 class="battle-history">Turn 6</h2><div class="spacer battle-history"><br></div><div class="battle-history">Serperior used <strong>Hidden Power</strong>!<br></div><div class="battle-history"><small>It's super effective!</small><br></div><div class="battle-history"><small>(The opposing Magearna lost <abbr title="−30/351">8.5%</abbr> of its health!)</small><br></div><div class="spacer battle-history"><br></div><div class="battle-history">The opposing Magearna used <strong>Ice Beam</strong>!<br></div><div class="battle-history"><small>It's super effective!</small><br></div><div class="battle-history"><small>(Serperior lost <abbr title="−184/291">63.2%</abbr> of its health!)</small><br></div><div class="spacer battle-history"><br></div><div class="battle-history"><small>(Rain continues to fall!)</small><br></div><div class="battle-history"><small>Serperior restored a little HP using its Leftovers!</small><br></div><div class="spacer battle-history"><br></div><h2 class="battle-history">Turn 7</h2><div class="spacer battle-history"><br></div><div class="battle-history">Serperior used <strong>Hidden Power</strong>!<br></div><div class="battle-history"><small>It's super effective!</small><br></div><div class="battle-history"><small>(The opposing Magearna lost <abbr title="−34/351">9.7%</abbr> of its health!)</small><br></div><div class="spacer battle-history"><br></div><div class="battle-history">The opposing Magearna used <strong>Ice Beam</strong>!<br></div><div class="battle-history"><small>It's super effective!</small><br></div><div class="battle-history"><small>(Serperior lost <abbr title="−125/291">43.0%</abbr> of its health!)</small><br></div><div class="spacer battle-history"><br></div><div class="battle-history">Serperior fainted!<br></div><div class="battle-history"><small>[The opposing Magearna's Soul-Heart]</small><br></div><div class="battle-history"><small>The opposing Magearna's Special Attack rose!</small><br></div><div class="spacer battle-history"><br></div><div class="battle-history"><small>(Rain continues to fall!)</small><br></div><div class="spacer battle-history"><br></div><div class="battle-history">Go! <strong>Blacephalon</strong>!<br></div><div class="spacer battle-history"><br></div><h2 class="battle-history">Turn 8</h2><div class="spacer battle-history"><br></div><div class="battle-history">Blacephalon used <strong>Fire Blast</strong>!<br></div><div class="battle-history"><small>The opposing Magearna avoided the attack!</small><br></div><div class="spacer battle-history"><br></div><div class="battle-history">The opposing Magearna used <strong>Fleur Cannon</strong>!<br></div><div class="battle-history"><small>It's not very effective...</small><br></div><div class="battle-history"><small>(Blacephalon lost <abbr title="−191/247">77.3%</abbr> of its health!)</small><br></div><div class="battle-history"><small>The opposing Magearna's Special Attack fell harshly!</small><br></div><div class="spacer battle-history"><br></div><div class="battle-history"><small>The rain stopped.</small><br></div><div class="spacer battle-history"><br></div><h2 class="battle-history">Turn 9</h2><div class="spacer battle-history"><br></div><div class="battle-history">Guis Kane withdrew Magearna!<br></div><div class="battle-history">Guis Kane sent out <strong>Pelipper</strong>!<br></div><div class="battle-history"><small>[The opposing Pelipper's Drizzle]</small><br><small>It started to rain!</small><br></div><div class="spacer battle-history"><br></div><div class="battle-history">Blacephalon used <strong>Fire Blast</strong>!<br></div><div class="battle-history"><small>It's not very effective...</small><br></div><div class="battle-history"><small>(The opposing Pelipper lost <abbr title="−66/323">20.4%</abbr> of its health!)</small><br></div><div class="spacer battle-history"><br></div><div class="battle-history"><small>(Rain continues to fall!)</small><br></div><div class="spacer battle-history"><br></div><h2 class="battle-history">Turn 10</h2><div class="spacer battle-history"><br></div><div class="battle-history">Blacephalon used <strong>Fire Blast</strong>!<br></div><div class="battle-history"><small>It's not very effective...</small><br></div><div class="battle-history"><small>(The opposing Pelipper lost <abbr title="−57/323">17.6%</abbr> of its health!)</small><br></div><div class="battle-history"><small>The opposing Pelipper was burned!</small><br></div><div class="spacer battle-history"><br></div><div class="battle-history">The opposing Pelipper used <strong>Scald</strong>!<br></div><div class="battle-history"><small>It's super effective!</small><br></div><div class="battle-history"><small>(Blacephalon lost <abbr title="−56/247">22.7%</abbr> of its health!)</small><br></div><div class="spacer battle-history"><br></div><div class="battle-history">Blacephalon fainted!<br></div><div class="spacer battle-history"><br></div><div class="battle-history"><small>(Rain continues to fall!)</small><br></div><div class="battle-history"><small>The opposing Pelipper was hurt by its burn!</small><br></div><div class="spacer battle-history"><br></div><div class="battle-history">Go! <strong>Weavile</strong>!<br></div><div class="battle-history"><small>[Weavile's Pressure]</small><br><small>Weavile is exerting its pressure!</small><br></div><div class="spacer battle-history"><br></div><h2 class="battle-history">Turn 11</h2><div class="spacer battle-history"><br></div><div class="battle-history">Guis Kane withdrew Pelipper!<br></div><div class="battle-history">Guis Kane sent out <strong>Ferrothorn</strong>!<br></div><div class="spacer battle-history"><br></div><div class="battle-history">Weavile used <strong>Knock Off</strong>!<br></div><div class="battle-history"><small>(The opposing Ferrothorn lost <abbr title="−84/352">23.9%</abbr> of its health!)</small><br></div><div class="battle-history"><small>[The opposing Ferrothorn's Iron Barbs]</small><br><small>Weavile was hurt!</small><br></div><div class="battle-history"><small>Weavile knocked off the opposing Ferrothorn's Leftovers!</small><br></div><div class="spacer battle-history"><br></div><div class="battle-history"><small>(Rain continues to fall!)</small><br></div><div class="spacer battle-history"><br></div><h2 class="battle-history">Turn 12</h2><div class="spacer battle-history"><br></div><div class="battle-history">Weavile used <strong>Ice Shard</strong>!<br></div><div class="battle-history"><small>(The opposing Ferrothorn lost <abbr title="−36/352">10.2%</abbr> of its health!)</small><br></div><div class="spacer battle-history"><br></div><div class="battle-history">The opposing Ferrothorn used <strong>Gyro Ball</strong>!<br></div><div class="battle-history"><small>It's super effective!</small><br></div><div class="battle-history"><small>(Weavile lost <abbr title="−246/281">87.5%</abbr> of its health!)</small><br></div><div class="spacer battle-history"><br></div><div class="battle-history">Weavile fainted!<br></div><div class="spacer battle-history"><br></div><div class="battle-history"><small>(Rain continues to fall!)</small><br></div><div class="spacer battle-history"><br></div><div class="battle-history">Go! <strong>Blastoise</strong>!<br></div><div class="spacer battle-history"><br></div><h2 class="battle-history">Turn 13</h2><div class="spacer battle-history"><br></div><div class="battle-history"><small>Blastoise's Blastoisinite is reacting to the Key Stone!</small><br>Blastoise has Mega Evolved into Mega Blastoise!<br></div><div class="spacer battle-history"><br></div><div class="battle-history">Blastoise used <strong>Aura Sphere</strong>!<br></div><div class="battle-history"><small>It's super effective!</small><br></div><div class="battle-history"><small>(The opposing Ferrothorn lost <abbr title="−218/352">61.9%</abbr> of its health!)</small><br></div><div class="spacer battle-history"><br></div><div class="battle-history">The opposing Ferrothorn used <strong>Leech Seed</strong>!<br></div><div class="battle-history"><small>Blastoise was seeded!</small><br></div><div class="spacer battle-history"><br></div><div class="battle-history"><small>(Rain continues to fall!)</small><br></div><div class="battle-history"><small>Blastoise's health is sapped by Leech Seed!</small><br></div><div class="spacer battle-history"><br></div><h2 class="battle-history">Turn 14</h2><div class="spacer battle-history"><br></div><div class="battle-history">Guis Kane withdrew Ferrothorn!<br></div><div class="battle-history">Guis Kane sent out <strong>Magearna</strong>!<br></div><div class="spacer battle-history"><br></div><div class="battle-history">Blastoise used <strong>Aura Sphere</strong>!<br></div><div class="battle-history"><small>(The opposing Magearna lost <abbr title="−55/351">15.7%</abbr> of its health!)</small><br></div><div class="spacer battle-history"><br></div><div class="battle-history"><small>(Rain continues to fall!)</small><br></div><div class="battle-history"><small>Blastoise's health is sapped by Leech Seed!</small><br></div><div class="spacer battle-history"><br></div><h2 class="battle-history">Turn 15</h2><div class="spacer battle-history"><br></div><div class="battle-history">Blastoise used <strong>Dark Pulse</strong>!<br></div><div class="battle-history"><small>It's not very effective...</small><br></div><div class="battle-history"><small>(The opposing Magearna lost <abbr title="−28/351">8.0%</abbr> of its health!)</small><br></div><div class="spacer battle-history"><br></div><div class="battle-history">The opposing Magearna used <strong>Flash Cannon</strong>!<br></div><div class="battle-history"><small>It's not very effective...</small><br></div><div class="battle-history"><small>(Blastoise lost <abbr title="−59/299">19.7%</abbr> of its health!)</small><br></div><div class="spacer battle-history"><br></div><div class="battle-history"><small>(Rain continues to fall!)</small><br></div><div class="battle-history"><small>Blastoise's health is sapped by Leech Seed!</small><br></div><div class="spacer battle-history"><br></div><h2 class="battle-history">Turn 16</h2><div class="spacer battle-history"><br></div><div class="battle-history">Blastoise used <strong>Hydro Cannon</strong>!<br></div><div class="battle-history"><small>(The opposing Magearna lost <abbr title="−153/351">43.6%</abbr> of its health!)</small><br></div><div class="spacer battle-history"><br></div><div class="battle-history">The opposing Magearna used <strong>Flash Cannon</strong>!<br></div><div class="battle-history"><small>It's not very effective...</small><br></div><div class="battle-history"><small>(Blastoise lost <abbr title="−54/299">18.1%</abbr> of its health!)</small><br></div><div class="spacer battle-history"><br></div><div class="battle-history"><small>The rain stopped.</small><br></div><div class="battle-history"><small>Blastoise's health is sapped by Leech Seed!</small><br></div><div class="spacer battle-history"><br></div><h2 class="battle-history">Turn 17</h2><div class="spacer battle-history"><br></div><div class="battle-history">Guis Kane withdrew Magearna!<br></div><div class="battle-history">Guis Kane sent out <strong>Kingdra</strong>!<br></div><div class="spacer battle-history"><br></div><div class="battle-history">Blastoise must recharge!<br></div><div class="spacer battle-history"><br></div><div class="battle-history"><small>Blastoise's health is sapped by Leech Seed!</small><br></div><div class="spacer battle-history"><br></div><h2 class="battle-history">Turn 18</h2><div class="spacer battle-history"><br></div><div class="battle-history">The opposing Kingdra used <strong>Hidden Power</strong>!<br></div><div class="battle-history"><small>It's super effective!</small><br></div><div class="battle-history"><small>(Blastoise lost <abbr title="−1/299">0.3%</abbr> of its health!)</small><br></div><div class="spacer battle-history"><br></div><div class="battle-history">Blastoise fainted!<br></div><div class="spacer battle-history"><br></div><div class="battle-history"><strong>Guis Kane</strong> won the battle!<br></div><div class="chat">Guis Kane ha ganado 5.5 PokeDolares.</div><div class="chat">Puntaje de masters1991: 1000 → <strong>1000</strong><br>(+0 por perder)</div><div class="chat">Puntaje de Guis Kane: 1205 → <strong>1217</strong><br>(+12 por ganar)</div></div><div class="inner-preempt"></div></div></div>
</div>
<script>
let daily = Math.floor(Date.now()/1000/60/60/24);document.write('<script src="https://play.pokemonshowdown.com/js/replay-embed.js?version'+daily+'"></'+'script>');
</script>
