<!DOCTYPE html>
<meta charset="utf-8" />
<!-- version 1 -->
<title>OU replay: EdwardEllric 🐮 vs. Sekhmet Hack</title>
<style>
html,body {font-family:Verdana, sans-serif;font-size:10pt;margin:0;padding:0;}body{padding:12px 0;} .battle-log {font-family:Verdana, sans-serif;font-size:10pt;} .battle-log-inline {border:1px solid #AAAAAA;background:#EEF2F5;color:black;max-width:640px;margin:0 auto 80px;padding-bottom:5px;} .battle-log .inner {padding:4px 8px 0px 8px;} .battle-log .inner-preempt {padding:0 8px 4px 8px;} .battle-log .inner-after {margin-top:0.5em;} .battle-log h2 {margin:0.5em -8px;padding:4px 8px;border:1px solid #AAAAAA;background:#E0E7EA;border-left:0;border-right:0;font-family:Verdana, sans-serif;font-size:13pt;} .battle-log .chat {vertical-align:middle;padding:3px 0 3px 0;font-size:8pt;} .battle-log .chat strong {color:#40576A;} .battle-log .chat em {padding:1px 4px 1px 3px;color:#000000;font-style:normal;} .chat.mine {background:rgba(0,0,0,0.05);margin-left:-8px;margin-right:-8px;padding-left:8px;padding-right:8px;} .spoiler {color:#BBBBBB;background:#BBBBBB;padding:0px 3px;} .spoiler:hover, .spoiler:active, .spoiler-shown {color:#000000;background:#E2E2E2;padding:0px 3px;} .spoiler a {color:#BBBBBB;} .spoiler:hover a, .spoiler:active a, .spoiler-shown a {color:#2288CC;} .chat code, .chat .spoiler:hover code, .chat .spoiler:active code, .chat .spoiler-shown code {border:1px solid #C0C0C0;background:#EEEEEE;color:black;padding:0 2px;} .chat .spoiler code {border:1px solid #CCCCCC;background:#CCCCCC;color:#CCCCCC;} .battle-log .rated {padding:3px 4px;} .battle-log .rated strong {color:white;background:#89A;padding:1px 4px;border-radius:4px;} .spacer {margin-top:0.5em;} .message-announce {background:#6688AA;color:white;padding:1px 4px 2px;} .message-announce a, .broadcast-green a, .broadcast-blue a, .broadcast-red a {color:#DDEEFF;} .broadcast-green {background-color:#559955;color:white;padding:2px 4px;} .broadcast-blue {background-color:#6688AA;color:white;padding:2px 4px;} .infobox {border:1px solid #6688AA;padding:2px 4px;} .infobox-limited {max-height:200px;overflow:auto;overflow-x:hidden;} .broadcast-red {background-color:#AA5544;color:white;padding:2px 4px;} .message-learn-canlearn {font-weight:bold;color:#228822;text-decoration:underline;} .message-learn-cannotlearn {font-weight:bold;color:#CC2222;text-decoration:underline;} .message-effect-weak {font-weight:bold;color:#CC2222;} .message-effect-resist {font-weight:bold;color:#6688AA;} .message-effect-immune {font-weight:bold;color:#666666;} .message-learn-list {margin-top:0;margin-bottom:0;} .message-throttle-notice, .message-error {color:#992222;} .message-overflow, .chat small.message-overflow {font-size:0pt;} .message-overflow::before {font-size:9pt;content:'...';} .subtle {color:#3A4A66;}
</style>
<div class="wrapper replay-wrapper" style="max-width:1180px;margin:0 auto">
<input type="hidden" name="replayid" value="destiny-ou-503047" />
<div class="battle"></div><div class="battle-log"></div><div class="replay-controls"></div><div class="replay-controls-2"></div>
<h1 style="font-weight:normal;text-align:center"><strong>OU</strong><br /><a href="http://pokemonshowdown.com/users/edwardellric" class="subtle" target="_blank">EdwardEllric 🐮</a> vs. <a href="http://pokemonshowdown.com/users/sekhmethack" class="subtle" target="_blank">Sekhmet Hack</a></h1>
<script type="text/plain" class="battle-log-data">|player|p1|EdwardEllric 🐮|edwardellric-13.gif?4b43f5ef
|teamsize|p1|6
|player|p2|Sekhmet Hack|sekhmethack-8.gif?c1df945b
|teamsize|p2|6
|teamsize|p1|6
|teamsize|p2|6
|gametype|singles
|gen|7
|tier|OU
|rated
|seed|2258,5952,20065,23850
|rule|Cláusula-Mod de Dormir: solo puedes dormir a uno de tus oponentes a la vez.
|rule|Cláusula de Especie: Hasta un Pokémon de cada especie
|rule|Cláusula de Golpe Fulminante: los movimientos fulminantes (OHKO) estan prohibidos
|rule|Cláusula de Veleta: la habilidad Veleta está prohibida
|rule|Cláusula de Movimientos Evasivos: los movimientos de Evasión están prohibidos.
|rule|Cláusula de Batallas Eternas: forzar batallas eternas está prohibido
|clearpoke
|poke|p1|Terrakion|item
|poke|p1|Charizard, M|item
|poke|p1|Zapdos|item
|poke|p1|Landorus-Therian, M|item
|poke|p1|Chansey, F|item
|poke|p1|Clefable, F|item
|poke|p2|Reuniclus, M|item
|poke|p2|Heatran, F|item
|poke|p2|Greninja, F|item
|poke|p2|Tornadus-Therian, M|item
|poke|p2|Scizor, M|item
|poke|p2|Gastrodon, M|item
|teampreview|undefined
|choice|*|*team 213456
|inactive|Reloj de batalla ENCENDIDO. El jugador inactivo será descalificado (solicitado por Sekhmet Hack).
|choice|*team 423156|*
|choice|team 4, 2, 3, 1, 5, 6|team 2, 1, 3, 4, 5, 6
|
|start
|switch|p1a: Landorus|Landorus-Therian, M|321\/321
|switch|p2a: Heatran|Heatran, F|323\/323
|-ability|p1a: Landorus|Intimidate|boost
|-unboost|p2a: Heatran|atk|1
|turn|1
|choice|*move 2|*
|choice|*|*switch 4
|choice|move uturn|switch 4
|
|switch|p2a: Tornadus|Tornadus-Therian, M|362\/362
|move|p1a: Landorus|U-turn|p2a: Tornadus
|-resisted|p2a: Tornadus
|-damage|p2a: Tornadus|306\/362
|-damage|p1a: Landorus|268\/321|[from] item: Rocky Helmet|[of] p2a: Tornadus
|choice|*switch 3|*
|choice|switch 3|
|
|switch|p1a: Zapdos|Zapdos|384\/384|[from]move: U-turn
|-ability|p1a: Zapdos|Pressure
|
|upkeep
|turn|2
|choice|*move 1|*
|choice|*|*move 3
|choice|move thunderbolt|move uturn
|
|move|p2a: Tornadus|U-turn|p1a: Zapdos
|-resisted|p1a: Zapdos
|-damage|p1a: Zapdos|365\/384
|choice|*|*switch 6
|choice||switch 6
|
|switch|p2a: Gastrodon|Gastrodon, M|425\/425|[from]move: U-turn
|move|p1a: Zapdos|Thunderbolt|p2a: Gastrodon
|-immune|p2a: Gastrodon|[msg]
|
|-heal|p1a: Zapdos|384\/384|[from] item: Leftovers
|upkeep
|turn|3
|choice|*switch 5|*
|choice|*|*move 3
|choice|switch 5|move toxic
|
|switch|p1a: Chansey|Chansey, F|704\/704
|move|p2a: Gastrodon|Toxic|p1a: Chansey
|-status|p1a: Chansey|tox
|
|-damage|p1a: Chansey|660\/704 tox|[from] psn
|upkeep
|turn|4
|choice|*switch 4|*
|choice|*|*switch 4
|choice|switch 4|switch 4
|
|-curestatus|p1a: Chansey|tox|[from] ability: Natural Cure
|switch|p1a: Terrakion|Terrakion|323\/323
|switch|p2a: Heatran|Heatran, F|323\/323
|
|upkeep
|turn|5
|choice|*move 4|*
|choice|*|*move 3
|choice|move substitute|move stealthrock
|
|move|p1a: Terrakion|Substitute|p1a: Terrakion
|-start|p1a: Terrakion|Substitute
|-damage|p1a: Terrakion|243\/323
|move|p2a: Heatran|Stealth Rock|p1a: Terrakion
|-sidestart|p1: EdwardEllric 🐮|move: Stealth Rock
|
|upkeep
|turn|6
|choice|*move 3|*
|choice|*|*switch 5
|choice|move swordsdance|switch 5
|
|switch|p2a: Scizor|Scizor, M|343\/343
|move|p1a: Terrakion|Swords Dance|p1a: Terrakion
|-boost|p1a: Terrakion|atk|2
|
|upkeep
|turn|7
|choice|*move 1 zmove|*
|choice|*|*move 2 mega
|choice|move stoneedge zmove|move bulletpunch mega
|
|-mega|p2a: Scizor|Scizor|Scizorite
|detailschange|p2a: Scizor|Scizor-Mega, M
|move|p2a: Scizor|Bullet Punch|p1a: Terrakion
|-supereffective|p1a: Terrakion
|-end|p1a: Terrakion|Substitute
|-zpower|p1a: Terrakion
|move|p1a: Terrakion|Continental Crush|p2a: Scizor|[zeffect]
|-damage|p2a: Scizor|0 fnt
|faint|p2a: Scizor
|
|upkeep
|choice|*|*switch 3
|choice||switch 3
|
|switch|p2a: Greninja|Greninja, F|285\/285
|turn|8
|choice|*switch 4|*
|choice|*|*move 2
|choice|switch 4|move toxicspikes
|
|switch|p1a: Chansey|Chansey, F|660\/704
|-damage|p1a: Chansey|572\/704|[from] Stealth Rock
|move|p2a: Greninja|Toxic Spikes|p1a: Chansey
|-start|p2a: Greninja|typechange|Poison|[from] Protean
|-sidestart|p1: EdwardEllric 🐮|move: Toxic Spikes
|
|upkeep
|turn|9
|choice|*|*move 2
|choice|*move 3|*
|choice|move seismictoss|move toxicspikes
|
|move|p2a: Greninja|Toxic Spikes|p1a: Chansey
|-sidestart|p1: EdwardEllric 🐮|move: Toxic Spikes
|move|p1a: Chansey|Seismic Toss|p2a: Greninja
|-damage|p2a: Greninja|185\/285
|
|upkeep
|turn|10
|choice|*move 3|*
|choice|*|*move 1
|choice|move seismictoss|move spikes
|
|move|p2a: Greninja|Spikes|p1a: Chansey
|-start|p2a: Greninja|typechange|Ground|[from] Protean
|-sidestart|p1: EdwardEllric 🐮|Spikes
|move|p1a: Chansey|Seismic Toss|p2a: Greninja
|-damage|p2a: Greninja|85\/285
|
|upkeep
|turn|11
|choice|*|*move 1
|choice|*move 3|*
|choice|move seismictoss|move spikes
|
|move|p2a: Greninja|Spikes|p1a: Chansey
|-sidestart|p1: EdwardEllric 🐮|Spikes
|move|p1a: Chansey|Seismic Toss|p2a: Greninja
|-damage|p2a: Greninja|0 fnt
|faint|p2a: Greninja
|
|upkeep
|choice|*|*switch 5
|choice||switch 5
|
|switch|p2a: Heatran|Heatran, F|323\/323
|turn|12
|choice|*|*move 1
|choice|*switch 3|*
|choice|switch 3|move magmastorm
|
|switch|p1a: Landorus|Landorus-Therian, M|268\/321
|-damage|p1a: Landorus|228\/321|[from] Stealth Rock
|-ability|p1a: Landorus|Intimidate|boost
|-unboost|p2a: Heatran|atk|1
|move|p2a: Heatran|Magma Storm|p1a: Landorus
|-damage|p1a: Landorus|6\/321
|-activate|p1a: Landorus|move: Magma Storm|[of] p2a: Heatran
|
|-damage|p1a: Landorus|0 fnt|[from] move: Magma Storm|[partiallytrapped]
|upkeep
|faint|p1a: Landorus
|choice|*switch 4|*
|choice|switch 4|
|
|switch|p1a: Terrakion|Terrakion|243\/323
|-status|p1a: Terrakion|tox
|-damage|p1a: Terrakion|223\/323 tox|[from] Stealth Rock
|-damage|p1a: Terrakion|170\/323 tox|[from] Spikes
|turn|13
|choice|*move 2|*
|choice|*|*move 1 zmove
|choice|move closecombat|move magmastorm zmove
|
|move|p1a: Terrakion|Close Combat|p2a: Heatran
|-supereffective|p2a: Heatran
|-crit|p2a: Heatran
|-damage|p2a: Heatran|0 fnt
|-unboost|p1a: Terrakion|def|1
|-unboost|p1a: Terrakion|spd|1
|faint|p2a: Heatran
|
|-damage|p1a: Terrakion|150\/323 tox|[from] psn
|upkeep
|choice|*|*switch 2
|choice||switch 2
|
|switch|p2a: Reuniclus|Reuniclus, M|421\/421
|turn|14
|c|☆EdwardEllric 🐮|k
|choice|*switch 5|*
|choice|*|*move 3
|choice|switch 5|move calmmind
|
|switch|p1a: Zapdos|Zapdos|384\/384
|-damage|p1a: Zapdos|288\/384|[from] Stealth Rock
|-ability|p1a: Zapdos|Pressure
|move|p2a: Reuniclus|Calm Mind|p2a: Reuniclus
|-boost|p2a: Reuniclus|spa|1
|-boost|p2a: Reuniclus|spd|1
|
|-heal|p1a: Zapdos|312\/384|[from] item: Leftovers
|upkeep
|turn|15
|choice|*move 3|*
|choice|*|*move 3
|choice|move defog|move calmmind
|
|move|p1a: Zapdos|Defog|p2a: Reuniclus
|-unboost|p2a: Reuniclus|evasion|1
|-sideend|p1: EdwardEllric 🐮|Spikes|[from] move: Defog|[of] p1a: Zapdos
|-sideend|p1: EdwardEllric 🐮|Toxic Spikes|[from] move: Defog|[of] p1a: Zapdos
|-sideend|p1: EdwardEllric 🐮|Stealth Rock|[from] move: Defog|[of] p1a: Zapdos
|move|p2a: Reuniclus|Calm Mind|p2a: Reuniclus
|-boost|p2a: Reuniclus|spa|1
|-boost|p2a: Reuniclus|spd|1
|
|-heal|p1a: Zapdos|336\/384|[from] item: Leftovers
|upkeep
|turn|16
|choice|*move 1|*
|choice|*|*move 2
|choice|move thunderbolt|move acidarmor
|
|move|p1a: Zapdos|Thunderbolt|p2a: Reuniclus
|-damage|p2a: Reuniclus|352\/421
|move|p2a: Reuniclus|Acid Armor|p2a: Reuniclus
|-boost|p2a: Reuniclus|def|2
|
|-heal|p1a: Zapdos|360\/384|[from] item: Leftovers
|-heal|p2a: Reuniclus|378\/421|[from] item: Leftovers
|upkeep
|turn|17
|choice|*|*move 3
|c|☆EdwardEllric 🐮|alv
|choice|*switch 6|*
|choice|switch 6|move calmmind
|
|switch|p1a: Clefable|Clefable, F|394\/394
|move|p2a: Reuniclus|Calm Mind|p2a: Reuniclus
|-boost|p2a: Reuniclus|spa|1
|-boost|p2a: Reuniclus|spd|1
|
|-heal|p2a: Reuniclus|404\/421|[from] item: Leftovers
|upkeep
|turn|18
|choice|*|*move 1
|choice|*move 1|*
|choice|move moonblast|move psychic
|
|move|p1a: Clefable|Moonblast|p2a: Reuniclus
|-damage|p2a: Reuniclus|284\/421
|move|p2a: Reuniclus|Psychic|p1a: Clefable
|-damage|p1a: Clefable|256\/394
|
|-heal|p1a: Clefable|280\/394|[from] item: Leftovers
|-heal|p2a: Reuniclus|310\/421|[from] item: Leftovers
|upkeep
|turn|19
|choice|*move 1|*
|choice|*|*move 1
|choice|move moonblast|move psychic
|
|move|p1a: Clefable|Moonblast|p2a: Reuniclus
|-damage|p2a: Reuniclus|195\/421
|-unboost|p2a: Reuniclus|spa|1
|move|p2a: Reuniclus|Psychic|p1a: Clefable
|-damage|p1a: Clefable|132\/394
|
|-heal|p1a: Clefable|156\/394|[from] item: Leftovers
|-heal|p2a: Reuniclus|221\/421|[from] item: Leftovers
|upkeep
|turn|20
|choice|*|*move 1
|choice|*move 2|*
|choice|move wish|move psychic
|
|move|p1a: Clefable|Wish|p1a: Clefable
|move|p2a: Reuniclus|Psychic|p1a: Clefable
|-damage|p1a: Clefable|21\/394
|-unboost|p1a: Clefable|spd|1
|
|-heal|p1a: Clefable|45\/394|[from] item: Leftovers
|-heal|p2a: Reuniclus|247\/421|[from] item: Leftovers
|upkeep
|turn|21
|choice|*move 3|*
|choice|*|*move 1
|choice|move protect|move psychic
|
|move|p1a: Clefable|Protect|p1a: Clefable
|-singleturn|p1a: Clefable|Protect
|move|p2a: Reuniclus|Psychic|p1a: Clefable
|-activate|p1a: Clefable|move: Protect
|
|-heal|p1a: Clefable|242\/394|[from] move: Wish|[wisher] Clefable
|-heal|p1a: Clefable|266\/394|[from] item: Leftovers
|-heal|p2a: Reuniclus|273\/421|[from] item: Leftovers
|upkeep
|turn|22
|choice|*switch 3|*
|choice|*|*move 1
|choice|switch 3|move psychic
|
|switch|p1a: Chansey|Chansey, F|572\/704
|move|p2a: Reuniclus|Psychic|p1a: Chansey
|-damage|p1a: Chansey|413\/704
|
|-heal|p2a: Reuniclus|299\/421|[from] item: Leftovers
|upkeep
|turn|23
|choice|*move 1|*
|choice|*|*move 3
|choice|move softboiled|move calmmind
|
|move|p1a: Chansey|Soft-Boiled|p1a: Chansey
|-heal|p1a: Chansey|704\/704
|move|p2a: Reuniclus|Calm Mind|p2a: Reuniclus
|-boost|p2a: Reuniclus|spa|1
|-boost|p2a: Reuniclus|spd|1
|
|-heal|p2a: Reuniclus|325\/421|[from] item: Leftovers
|upkeep
|turn|24
|choice|*move 3|*
|choice|*|*move 3
|choice|move seismictoss|move calmmind
|
|move|p1a: Chansey|Seismic Toss|p2a: Reuniclus
|-damage|p2a: Reuniclus|225\/421
|move|p2a: Reuniclus|Calm Mind|p2a: Reuniclus
|-boost|p2a: Reuniclus|spa|1
|-boost|p2a: Reuniclus|spd|1
|
|-heal|p2a: Reuniclus|251\/421|[from] item: Leftovers
|upkeep
|turn|25
|choice|*|*move 3
|choice|*move 3|*
|choice|move seismictoss|move calmmind
|
|move|p1a: Chansey|Seismic Toss|p2a: Reuniclus
|-damage|p2a: Reuniclus|151\/421
|move|p2a: Reuniclus|Calm Mind|p2a: Reuniclus
|-boost|p2a: Reuniclus|spa|1
|-boost|p2a: Reuniclus|spd|1
|
|-heal|p2a: Reuniclus|177\/421|[from] item: Leftovers
|upkeep
|turn|26
|choice|*|*move 4
|choice|*move 3|*
|choice|move seismictoss|move recover
|
|move|p1a: Chansey|Seismic Toss|p2a: Reuniclus
|-damage|p2a: Reuniclus|77\/421
|move|p2a: Reuniclus|Recover|p2a: Reuniclus
|-heal|p2a: Reuniclus|288\/421
|
|-heal|p2a: Reuniclus|314\/421|[from] item: Leftovers
|upkeep
|turn|27
|choice|*|*move 3
|choice|*move 3|*
|choice|move seismictoss|move calmmind
|
|move|p1a: Chansey|Seismic Toss|p2a: Reuniclus
|-damage|p2a: Reuniclus|214\/421
|move|p2a: Reuniclus|Calm Mind|p2a: Reuniclus
|-boost|p2a: Reuniclus|spa|1
|-boost|p2a: Reuniclus|spd|0
|
|-heal|p2a: Reuniclus|240\/421|[from] item: Leftovers
|upkeep
|turn|28
|choice|*|*move 1
|choice|*move 3|*
|choice|move seismictoss|move psychic
|
|move|p1a: Chansey|Seismic Toss|p2a: Reuniclus
|-damage|p2a: Reuniclus|140\/421
|move|p2a: Reuniclus|Psychic|p1a: Chansey
|-damage|p1a: Chansey|406\/704
|
|-heal|p2a: Reuniclus|166\/421|[from] item: Leftovers
|upkeep
|turn|29
|choice|*|*move 4
|choice|*move 1|*
|choice|move softboiled|move recover
|
|move|p1a: Chansey|Soft-Boiled|p1a: Chansey
|-heal|p1a: Chansey|704\/704
|move|p2a: Reuniclus|Recover|p2a: Reuniclus
|-heal|p2a: Reuniclus|377\/421
|
|-heal|p2a: Reuniclus|403\/421|[from] item: Leftovers
|upkeep
|turn|30
|choice|*move 3|*
|choice|*|*move 1
|choice|move seismictoss|move psychic
|
|move|p1a: Chansey|Seismic Toss|p2a: Reuniclus
|-damage|p2a: Reuniclus|303\/421
|move|p2a: Reuniclus|Psychic|p1a: Chansey
|-damage|p1a: Chansey|364\/704
|
|-heal|p2a: Reuniclus|329\/421|[from] item: Leftovers
|upkeep
|turn|31
|choice|*|*move 1
|choice|*move 1|*
|choice|move softboiled|move psychic
|
|move|p1a: Chansey|Soft-Boiled|p1a: Chansey
|-heal|p1a: Chansey|704\/704
|move|p2a: Reuniclus|Psychic|p1a: Chansey
|-damage|p1a: Chansey|352\/704
|
|-heal|p2a: Reuniclus|355\/421|[from] item: Leftovers
|upkeep
|turn|32
|choice|*move 1|*
|choice|*|*move 1
|choice|move softboiled|move psychic
|
|move|p1a: Chansey|Soft-Boiled|p1a: Chansey
|-heal|p1a: Chansey|704\/704
|move|p2a: Reuniclus|Psychic|p1a: Chansey
|-damage|p1a: Chansey|406\/704
|
|-heal|p2a: Reuniclus|381\/421|[from] item: Leftovers
|upkeep
|turn|33
|choice|*|*move 1
|choice|*move 1|*
|choice|move softboiled|move psychic
|
|move|p1a: Chansey|Soft-Boiled|p1a: Chansey
|-heal|p1a: Chansey|704\/704
|move|p2a: Reuniclus|Psychic|p1a: Chansey
|-damage|p1a: Chansey|367\/704
|
|-heal|p2a: Reuniclus|407\/421|[from] item: Leftovers
|upkeep
|turn|34
|choice|*move 1|*
|choice|*|*switch 6
|choice|move softboiled|switch 6
|
|switch|p2a: Tornadus|Tornadus-Therian, M|362\/362
|move|p1a: Chansey|Soft-Boiled|p1a: Chansey
|-heal|p1a: Chansey|704\/704
|
|upkeep
|turn|35
|choice|*move 4|*
|choice|*|*move 2
|choice|move toxic|move knockoff
|
|move|p2a: Tornadus|Knock Off|p1a: Chansey
|-damage|p1a: Chansey|612\/704
|-enditem|p1a: Chansey|Eviolite|[from] move: Knock Off|[of] p2a: Tornadus
|move|p1a: Chansey|Toxic|p2a: Tornadus
|-status|p2a: Tornadus|tox
|
|-damage|p2a: Tornadus|340\/362 tox|[from] psn
|upkeep
|turn|36
|choice|*|*move 1
|choice|*move 3|*
|choice|move seismictoss|move hurricane
|
|move|p2a: Tornadus|Hurricane|p1a: Chansey
|-damage|p1a: Chansey|483\/704
|-start|p1a: Chansey|confusion
|-activate|p1a: Chansey|confusion
|move|p1a: Chansey|Seismic Toss|p2a: Tornadus
|-damage|p2a: Tornadus|240\/362 tox
|-damage|p1a: Chansey|366\/704|[from] item: Rocky Helmet|[of] p2a: Tornadus
|
|-damage|p2a: Tornadus|196\/362 tox|[from] psn
|upkeep
|turn|37
|choice|*move 1|*
|choice|*|*move 1
|choice|move softboiled|move hurricane
|
|move|p2a: Tornadus|Hurricane|p1a: Chansey
|-damage|p1a: Chansey|224\/704
|-activate|p1a: Chansey|confusion
|move|p1a: Chansey|Soft-Boiled|p1a: Chansey
|-heal|p1a: Chansey|576\/704
|
|-damage|p2a: Tornadus|130\/362 tox|[from] psn
|upkeep
|turn|38
|choice|*switch 6|*
|choice|*|*move 1
|choice|switch 6|move hurricane
|
|switch|p1a: Zapdos|Zapdos|360\/384
|-ability|p1a: Zapdos|Pressure
|move|p2a: Tornadus|Hurricane|p1a: Zapdos|[miss]
|-miss|p2a: Tornadus|p1a: Zapdos
|
|-heal|p1a: Zapdos|384\/384|[from] item: Leftovers
|-damage|p2a: Tornadus|42\/362 tox|[from] psn
|upkeep
|turn|39
|choice|*|*move 2
|choice|*switch 6|*
|choice|switch 6|move knockoff
|
|switch|p1a: Chansey|Chansey, F|576\/704
|move|p2a: Tornadus|Knock Off|p1a: Chansey
|-damage|p1a: Chansey|483\/704
|
|-damage|p2a: Tornadus|0 fnt|[from] psn
|upkeep
|faint|p2a: Tornadus
|choice|*|*switch 6
|choice||switch 6
|
|switch|p2a: Reuniclus|Reuniclus, M|407\/421
|turn|40
|choice|*move 3|*
|choice|*|*move 3
|c| LoD Cusho|Oye shekmek
|choice|*switch 2|*
|choice|switch 2|move calmmind
|
|switch|p1a: Charizard|Charizard, M|297\/297
|move|p2a: Reuniclus|Calm Mind|p2a: Reuniclus
|-boost|p2a: Reuniclus|spa|1
|-boost|p2a: Reuniclus|spd|1
|
|-heal|p2a: Reuniclus|421\/421|[from] item: Leftovers
|upkeep
|turn|41
|choice|*move 1 mega|*
|c| LoD Cusho|Probamos ahorita?
|c|☆Sekhmet Hack|dime ?
|c|☆Sekhmet Hack|ok reta
|choice|*|*move 3
|choice|move flamethrower mega|move calmmind
|
|-mega|p1a: Charizard|Charizard|Charizardite Y
|detailschange|p1a: Charizard|Charizard-Mega-Y, M
|-weather|SunnyDay|[from] ability: Drought|[of] p1a: Charizard
|move|p1a: Charizard|Flamethrower|p2a: Reuniclus
|-damage|p2a: Reuniclus|207\/421
|move|p2a: Reuniclus|Calm Mind|p2a: Reuniclus
|-boost|p2a: Reuniclus|spa|1
|-boost|p2a: Reuniclus|spd|1
|
|-weather|SunnyDay|[upkeep]
|-heal|p2a: Reuniclus|233\/421|[from] item: Leftovers
|upkeep
|turn|42
|choice|*|*move 4
|choice|*move 1|*
|choice|move flamethrower|move recover
|
|move|p1a: Charizard|Flamethrower|p2a: Reuniclus
|-damage|p2a: Reuniclus|83\/421
|move|p2a: Reuniclus|Recover|p2a: Reuniclus
|-heal|p2a: Reuniclus|294\/421
|
|-weather|SunnyDay|[upkeep]
|-heal|p2a: Reuniclus|320\/421|[from] item: Leftovers
|upkeep
|turn|43
|choice|*|*move 4
|choice|*switch 3|*
|choice|switch 3|move recover
|
|switch|p1a: Clefable|Clefable, F|266\/394
|move|p2a: Reuniclus|Recover|p2a: Reuniclus
|-heal|p2a: Reuniclus|421\/421
|
|-weather|SunnyDay|[upkeep]
|-heal|p1a: Clefable|290\/394|[from] item: Leftovers
|upkeep
|turn|44
|choice|*move 2|*
|choice|*|*move 1
|choice|move wish|move psychic
|
|move|p1a: Clefable|Wish|p1a: Clefable
|move|p2a: Reuniclus|Psychic|p1a: Clefable
|-damage|p1a: Clefable|143\/394
|-unboost|p1a: Clefable|spd|1
|
|-weather|SunnyDay|[upkeep]
|-heal|p1a: Clefable|167\/394|[from] item: Leftovers
|upkeep
|turn|45
|choice|*move 3|*
|c|☆EdwardEllric 🐮|berga
|choice|*|*move 3
|choice|move protect|move calmmind
|
|move|p1a: Clefable|Protect|p1a: Clefable
|-singleturn|p1a: Clefable|Protect
|move|p2a: Reuniclus|Calm Mind|p2a: Reuniclus
|-boost|p2a: Reuniclus|spa|1
|-boost|p2a: Reuniclus|spd|1
|
|-weather|none
|-heal|p1a: Clefable|364\/394|[from] move: Wish|[wisher] Clefable
|-heal|p1a: Clefable|388\/394|[from] item: Leftovers
|upkeep
|turn|46
|choice|*|*move 1
|choice|*switch 2|*
|choice|switch 2|move psychic
|
|switch|p1a: Chansey|Chansey, F|483\/704
|move|p2a: Reuniclus|Psychic|p1a: Chansey
|-damage|p1a: Chansey|194\/704
|
|upkeep
|turn|47
|choice|*switch 6|*
|choice|*|*move 1
|choice|switch 6|move psychic
|
|switch|p1a: Zapdos|Zapdos|384\/384
|-ability|p1a: Zapdos|Pressure
|move|p2a: Reuniclus|Psychic|p1a: Zapdos
|-damage|p1a: Zapdos|47\/384
|
|-heal|p1a: Zapdos|71\/384|[from] item: Leftovers
|upkeep
|turn|48
|choice|*|*move 1
|choice|*move 4|*
|choice|move roost|move psychic
|
|move|p1a: Zapdos|Roost|p1a: Zapdos
|-heal|p1a: Zapdos|263\/384
|move|p2a: Reuniclus|Psychic|p1a: Zapdos
|-damage|p1a: Zapdos|0 fnt
|faint|p1a: Zapdos
|
|upkeep
|choice|*switch 6|*
|choice|switch 6|
|
|switch|p1a: Chansey|Chansey, F|194\/704
|turn|49
|choice|*move 2|*
|choice|*move 1|*
|-message|Sekhmet Hack se rindió.
|
|win|EdwardEllric 🐮
EdwardEllric 🐮︎ ha ganado 5.5 PokeDolares.
|raw|Puntaje de EdwardEllric 🐮: 1553 &rarr; <strong>1565<\/strong><br \/>(+12 por ganar)
|raw|Puntaje de Sekhmet Hack: 1402 &rarr; <strong>1391<\/strong><br \/>(-11 por perder)
</script>
</div>
<div class="battle-log battle-log-inline"><div class="inner"><div class="battle-options"></div><div class="inner"><div class=""><small>Format:</small> <br><strong>OU</strong></div><div class="rated"><strong>Rated battle</strong></div><div class=""><small><em>Cláusula-Mod de Dormir:</em> solo puedes dormir a uno de tus oponentes a la vez.</small></div><div class=""><small><em>Cláusula de Especie:</em> Hasta un Pokémon de cada especie</small></div><div class=""><small><em>Cláusula de Golpe Fulminante:</em> los movimientos fulminantes (OHKO) estan prohibidos</small></div><div class=""><small><em>Cláusula de Veleta:</em> la habilidad Veleta está prohibida</small></div><div class=""><small><em>Cláusula de Movimientos Evasivos:</em> los movimientos de Evasión están prohibidos.</small></div><div class=""><small><em>Cláusula de Batallas Eternas:</em> forzar batallas eternas está prohibido</small></div><div class="chat battle-history"><strong>EdwardEllric 🐮's team:</strong> <em style="color:#445566;display:block;">Terrakion / Charizard / Zapdos / Landorus-Therian / Chansey / Clefable</em></div><div class="chat battle-history"><strong>Sekhmet Hack's team:</strong> <em style="color:#445566;display:block;">Reuniclus / Heatran / Greninja / Tornadus-Therian / Scizor / Gastrodon</em></div><div class="chat message-error">Reloj de batalla ENCENDIDO. El jugador inactivo será descalificado (solicitado por Sekhmet Hack).</div><div class="spacer battle-history"><br></div><div class="battle-history">Battle started between EdwardEllric 🐮 and Sekhmet Hack!<br></div><div class="spacer battle-history"><br></div><div class="battle-history">Go! Landorus (<strong>Landorus-Therian</strong>)!<br></div><div class="spacer battle-history"><br></div><div class="battle-history">Sekhmet Hack sent out <strong>Heatran</strong>!<br></div><div class="battle-history"><small>[Landorus's Intimidate]</small><br></div><div class="battle-history"><small>The opposing Heatran's Attack fell!</small><br></div><div class="spacer battle-history"><br></div><h2 class="battle-history">Turn 1</h2><div class="spacer battle-history"><br></div><div class="battle-history">Sekhmet Hack withdrew Heatran!<br></div><div class="battle-history">Sekhmet Hack sent out Tornadus (<strong>Tornadus-Therian</strong>)!<br></div><div class="spacer battle-history"><br></div><div class="battle-history">Landorus used <strong>U-turn</strong>!<br></div><div class="battle-history"><small>It's not very effective...</small><br></div><div class="battle-history"><small>(The opposing Tornadus lost <abbr title="−56/362">15.5%</abbr> of its health!)</small><br></div><div class="battle-history"><small>Landorus was hurt by the Rocky Helmet!</small><br></div><div class="spacer battle-history"><br></div><div class="battle-history">Landorus went back to EdwardEllric 🐮!<br></div><div class="battle-history">Go! <strong>Zapdos</strong>!<br></div><div class="battle-history"><small>[Zapdos's Pressure]</small><br><small>Zapdos is exerting its pressure!</small><br></div><div class="spacer battle-history"><br></div><h2 class="battle-history">Turn 2</h2><div class="spacer battle-history"><br></div><div class="battle-history">The opposing Tornadus used <strong>U-turn</strong>!<br></div><div class="battle-history"><small>It's not very effective...</small><br></div><div class="battle-history"><small>(Zapdos lost <abbr title="−19/384">4.9%</abbr> of its health!)</small><br></div><div class="spacer battle-history"><br></div><div class="battle-history">The opposing Tornadus went back to Sekhmet Hack!<br></div><div class="battle-history">Sekhmet Hack sent out <strong>Gastrodon</strong>!<br></div><div class="spacer battle-history"><br></div><div class="battle-history">Zapdos used <strong>Thunderbolt</strong>!<br></div><div class="battle-history"><small>It doesn't affect the opposing Gastrodon...</small><br></div><div class="spacer battle-history"><br></div><div class="battle-history"><small>Zapdos restored a little HP using its Leftovers!</small><br></div><div class="spacer battle-history"><br></div><h2 class="battle-history">Turn 3</h2><div class="spacer battle-history"><br></div><div class="battle-history">Zapdos, come back!<br></div><div class="battle-history">Go! <strong>Chansey</strong>!<br></div><div class="spacer battle-history"><br></div><div class="battle-history">The opposing Gastrodon used <strong>Toxic</strong>!<br></div><div class="battle-history"><small>Chansey was badly poisoned!</small><br></div><div class="spacer battle-history"><br></div><div class="battle-history"><small>Chansey was hurt by poison!</small><br></div><div class="spacer battle-history"><br></div><h2 class="battle-history">Turn 4</h2><div class="spacer battle-history"><br></div><div class="battle-history"><small>(Chansey is cured by its Natural Cure!)</small><br></div><div class="battle-history">Chansey, come back!<br></div><div class="battle-history">Go! <strong>Terrakion</strong>!<br></div><div class="spacer battle-history"><br></div><div class="battle-history">Sekhmet Hack withdrew Gastrodon!<br></div><div class="battle-history">Sekhmet Hack sent out <strong>Heatran</strong>!<br></div><div class="spacer battle-history"><br></div><h2 class="battle-history">Turn 5</h2><div class="spacer battle-history"><br></div><div class="battle-history">Terrakion used <strong>Substitute</strong>!<br></div><div class="battle-history"><small>Terrakion put in a substitute!</small><br></div><div class="battle-history"><small>(Terrakion lost <abbr title="−80/323">24.8%</abbr> of its health!)</small><br></div><div class="spacer battle-history"><br></div><div class="battle-history">The opposing Heatran used <strong>Stealth Rock</strong>!<br></div><div class="battle-history"><small>Pointed stones float in the air around your team!</small><br></div><div class="spacer battle-history"><br></div><h2 class="battle-history">Turn 6</h2><div class="spacer battle-history"><br></div><div class="battle-history">Sekhmet Hack withdrew Heatran!<br></div><div class="battle-history">Sekhmet Hack sent out <strong>Scizor</strong>!<br></div><div class="spacer battle-history"><br></div><div class="battle-history">Terrakion used <strong>Swords Dance</strong>!<br></div><div class="battle-history"><small>Terrakion's Attack rose sharply!</small><br></div><div class="spacer battle-history"><br></div><h2 class="battle-history">Turn 7</h2><div class="spacer battle-history"><br></div><div class="battle-history"><small>The opposing Scizor's Scizorite is reacting to the Key Stone!</small><br>The opposing Scizor has Mega Evolved into Mega Scizor!<br></div><div class="spacer battle-history"><br></div><div class="battle-history">The opposing Scizor used <strong>Bullet Punch</strong>!<br></div><div class="battle-history"><small>It's super effective!</small><br></div><div class="battle-history"><small>Terrakion's substitute faded!</small><br></div><div class="battle-history"><small>Terrakion surrounded itself with its Z-Power!</small><br></div><div class="spacer battle-history"><br></div><div class="battle-history">Terrakion used <strong>Continental Crush</strong>!<br></div><div class="battle-history"><small>(The opposing Scizor lost <abbr title="−343/343">100%</abbr> of its health!)</small><br></div><div class="spacer battle-history"><br></div><div class="battle-history">The opposing Scizor fainted!<br></div><div class="spacer battle-history"><br></div><div class="battle-history">Sekhmet Hack sent out <strong>Greninja</strong>!<br></div><div class="spacer battle-history"><br></div><h2 class="battle-history">Turn 8</h2><div class="spacer battle-history"><br></div><div class="battle-history">Terrakion, come back!<br></div><div class="battle-history">Go! <strong>Chansey</strong>!<br></div><div class="battle-history"><small>Pointed stones dug into Chansey!</small><br></div><div class="spacer battle-history"><br></div><div class="battle-history">The opposing Greninja used <strong>Toxic Spikes</strong>!<br></div><div class="spacer battle-history"><br></div><div class="battle-history"><small>[The opposing Greninja's Protean]</small><br><small>The opposing Greninja transformed into the Poison type!</small><br></div><div class="battle-history"><small>Poison spikes were scattered on the ground all around your team!</small><br></div><div class="spacer battle-history"><br></div><h2 class="battle-history">Turn 9</h2><div class="spacer battle-history"><br></div><div class="battle-history">The opposing Greninja used <strong>Toxic Spikes</strong>!<br></div><div class="battle-history"><small>Poison spikes were scattered on the ground all around your team!</small><br></div><div class="spacer battle-history"><br></div><div class="battle-history">Chansey used <strong>Seismic Toss</strong>!<br></div><div class="battle-history"><small>(The opposing Greninja lost <abbr title="−100/285">35.1%</abbr> of its health!)</small><br></div><div class="spacer battle-history"><br></div><h2 class="battle-history">Turn 10</h2><div class="spacer battle-history"><br></div><div class="battle-history">The opposing Greninja used <strong>Spikes</strong>!<br></div><div class="spacer battle-history"><br></div><div class="battle-history"><small>[The opposing Greninja's Protean]</small><br><small>The opposing Greninja transformed into the Ground type!</small><br></div><div class="battle-history"><small>Spikes were scattered on the ground all around your team!</small><br></div><div class="spacer battle-history"><br></div><div class="battle-history">Chansey used <strong>Seismic Toss</strong>!<br></div><div class="battle-history"><small>(The opposing Greninja lost <abbr title="−100/285">35.1%</abbr> of its health!)</small><br></div><div class="spacer battle-history"><br></div><h2 class="battle-history">Turn 11</h2><div class="spacer battle-history"><br></div><div class="battle-history">The opposing Greninja used <strong>Spikes</strong>!<br></div><div class="battle-history"><small>Spikes were scattered on the ground all around your team!</small><br></div><div class="spacer battle-history"><br></div><div class="battle-history">Chansey used <strong>Seismic Toss</strong>!<br></div><div class="battle-history"><small>(The opposing Greninja lost <abbr title="−85/285">29.8%</abbr> of its health!)</small><br></div><div class="spacer battle-history"><br></div><div class="battle-history">The opposing Greninja fainted!<br></div><div class="spacer battle-history"><br></div><div class="battle-history">Sekhmet Hack sent out <strong>Heatran</strong>!<br></div><div class="spacer battle-history"><br></div><h2 class="battle-history">Turn 12</h2><div class="spacer battle-history"><br></div><div class="battle-history">Chansey, come back!<br></div><div class="battle-history">Go! Landorus (<strong>Landorus-Therian</strong>)!<br></div><div class="battle-history"><small>Pointed stones dug into Landorus!</small><br></div><div class="battle-history"><small>[Landorus's Intimidate]</small><br></div><div class="battle-history"><small>The opposing Heatran's Attack fell!</small><br></div><div class="spacer battle-history"><br></div><div class="battle-history">The opposing Heatran used <strong>Magma Storm</strong>!<br></div><div class="battle-history"><small>(Landorus lost <abbr title="−222/321">69.2%</abbr> of its health!)</small><br></div><div class="battle-history"><small>Landorus became trapped by swirling magma!</small><br></div><div class="spacer battle-history"><br></div><div class="battle-history"><small>Landorus is hurt by Magma Storm!</small><br></div><div class="spacer battle-history"><br></div><div class="battle-history">Landorus fainted!<br></div><div class="spacer battle-history"><br></div><div class="battle-history">Go! <strong>Terrakion</strong>!<br></div><div class="battle-history"><small>Terrakion was badly poisoned!</small><br></div><div class="battle-history"><small>Pointed stones dug into Terrakion!</small><br></div><div class="battle-history"><small>Terrakion is hurt by the spikes!</small><br></div><div class="spacer battle-history"><br></div><h2 class="battle-history">Turn 13</h2><div class="spacer battle-history"><br></div><div class="battle-history">Terrakion used <strong>Close Combat</strong>!<br></div><div class="battle-history"><small>It's super effective!</small><br></div><div class="battle-history"><small>A critical hit!</small><br></div><div class="battle-history"><small>(The opposing Heatran lost <abbr title="−323/323">100%</abbr> of its health!)</small><br></div><div class="battle-history"><small>Terrakion's Defense fell!</small><br></div><div class="battle-history"><small>Terrakion's Special Defense fell!</small><br></div><div class="spacer battle-history"><br></div><div class="battle-history">The opposing Heatran fainted!<br></div><div class="spacer battle-history"><br></div><div class="battle-history"><small>Terrakion was hurt by poison!</small><br></div><div class="spacer battle-history"><br></div><div class="battle-history">Sekhmet Hack sent out <strong>Reuniclus</strong>!<br></div><div class="spacer battle-history"><br></div><h2 class="battle-history">Turn 14</h2><div class="chat chatmessage-edwardellric"><strong style="color:hsl(55,45%,33%)"><small>☆</small><span class="username" data-name="EdwardEllric 🐮">EdwardEllric 🐮</span>:</strong> <em>k</em></div><div class="spacer battle-history"><br></div><div class="battle-history">Terrakion, come back!<br></div><div class="battle-history">Go! <strong>Zapdos</strong>!<br></div><div class="battle-history"><small>Pointed stones dug into Zapdos!</small><br></div><div class="battle-history"><small>[Zapdos's Pressure]</small><br><small>Zapdos is exerting its pressure!</small><br></div><div class="spacer battle-history"><br></div><div class="battle-history">The opposing Reuniclus used <strong>Calm Mind</strong>!<br></div><div class="battle-history"><small>The opposing Reuniclus's Special Attack rose!</small><br></div><div class="battle-history"><small>The opposing Reuniclus's Special Defense rose!</small><br></div><div class="spacer battle-history"><br></div><div class="battle-history"><small>Zapdos restored a little HP using its Leftovers!</small><br></div><div class="spacer battle-history"><br></div><h2 class="battle-history">Turn 15</h2><div class="spacer battle-history"><br></div><div class="battle-history">Zapdos used <strong>Defog</strong>!<br></div><div class="battle-history"><small>The opposing Reuniclus's evasiveness fell!</small><br></div><div class="battle-history"><small>The spikes disappeared from the ground around your team!</small><br></div><div class="battle-history"><small>The poison spikes disappeared from the ground around your team!</small><br></div><div class="battle-history"><small>The pointed stones disappeared from around your team!</small><br></div><div class="spacer battle-history"><br></div><div class="battle-history">The opposing Reuniclus used <strong>Calm Mind</strong>!<br></div><div class="battle-history"><small>The opposing Reuniclus's Special Attack rose!</small><br></div><div class="battle-history"><small>The opposing Reuniclus's Special Defense rose!</small><br></div><div class="spacer battle-history"><br></div><div class="battle-history"><small>Zapdos restored a little HP using its Leftovers!</small><br></div><div class="spacer battle-history"><br></div><h2 class="battle-history">Turn 16</h2><div class="spacer battle-history"><br></div><div class="battle-history">Zapdos used <strong>Thunderbolt</strong>!<br></div><div class="battle-history"><small>(The opposing Reuniclus lost <abbr title="−69/421">16.4%</abbr> of its health!)</small><br></div><div class="spacer battle-history"><br></div><div class="battle-history">The opposing Reuniclus used <strong>Acid Armor</strong>!<br></div><div class="battle-history"><small>The opposing Reuniclus's Defense rose sharply!</small><br></div><div class="spacer battle-history"><br></div><div class="battle-history"><small>Zapdos restored a little HP using its Leftovers!</small><br></div><div class="battle-history"><small>The opposing Reuniclus restored a little HP using its Leftovers!</small><br></div><div class="spacer battle-history"><br></div><h2 class="battle-history">Turn 17</h2><div class="chat chatmessage-edwardellric"><strong style="color:hsl(55,45%,33%)"><small>☆</small><span class="username" data-name="EdwardEllric 🐮">EdwardEllric 🐮</span>:</strong> <em>alv</em></div><div class="spacer battle-history"><br></div><div class="battle-history">Zapdos, come back!<br></div><div class="battle-history">Go! <strong>Clefable</strong>!<br></div><div class="spacer battle-history"><br></div><div class="battle-history">The opposing Reuniclus used <strong>Calm Mind</strong>!<br></div><div class="battle-history"><small>The opposing Reuniclus's Special Attack rose!</small><br></div><div class="battle-history"><small>The opposing Reuniclus's Special Defense rose!</small><br></div><div class="spacer battle-history"><br></div><div class="battle-history"><small>The opposing Reuniclus restored a little HP using its Leftovers!</small><br></div><div class="spacer battle-history"><br></div><h2 class="battle-history">Turn 18</h2><div class="spacer battle-history"><br></div><div class="battle-history">Clefable used <strong>Moonblast</strong>!<br></div><div class="battle-history"><small>(The opposing Reuniclus lost <abbr title="−120/421">28.5%</abbr> of its health!)</small><br></div><div class="spacer battle-history"><br></div><div class="battle-history">The opposing Reuniclus used <strong>Psychic</strong>!<br></div><div class="battle-history"><small>(Clefable lost <abbr title="−138/394">35.0%</abbr> of its health!)</small><br></div><div class="spacer battle-history"><br></div><div class="battle-history"><small>Clefable restored a little HP using its Leftovers!</small><br></div><div class="battle-history"><small>The opposing Reuniclus restored a little HP using its Leftovers!</small><br></div><div class="spacer battle-history"><br></div><h2 class="battle-history">Turn 19</h2><div class="spacer battle-history"><br></div><div class="battle-history">Clefable used <strong>Moonblast</strong>!<br></div><div class="battle-history"><small>(The opposing Reuniclus lost <abbr title="−115/421">27.3%</abbr> of its health!)</small><br></div><div class="battle-history"><small>The opposing Reuniclus's Special Attack fell!</small><br></div><div class="spacer battle-history"><br></div><div class="battle-history">The opposing Reuniclus used <strong>Psychic</strong>!<br></div><div class="battle-history"><small>(Clefable lost <abbr title="−148/394">37.6%</abbr> of its health!)</small><br></div><div class="spacer battle-history"><br></div><div class="battle-history"><small>Clefable restored a little HP using its Leftovers!</small><br></div><div class="battle-history"><small>The opposing Reuniclus restored a little HP using its Leftovers!</small><br></div><div class="spacer battle-history"><br></div><h2 class="battle-history">Turn 20</h2><div class="spacer battle-history"><br></div><div class="battle-history">Clefable used <strong>Wish</strong>!<br></div><div class="spacer battle-history"><br></div><div class="battle-history">The opposing Reuniclus used <strong>Psychic</strong>!<br></div><div class="battle-history"><small>(Clefable lost <abbr title="−135/394">34.3%</abbr> of its health!)</small><br></div><div class="battle-history"><small>Clefable's Special Defense fell!</small><br></div><div class="spacer battle-history"><br></div><div class="battle-history"><small>Clefable restored a little HP using its Leftovers!</small><br></div><div class="battle-history"><small>The opposing Reuniclus restored a little HP using its Leftovers!</small><br></div><div class="spacer battle-history"><br></div><h2 class="battle-history">Turn 21</h2><div class="spacer battle-history"><br></div><div class="battle-history">Clefable used <strong>Protect</strong>!<br></div><div class="battle-history"><small>Clefable protected itself!</small><br></div><div class="spacer battle-history"><br></div><div class="battle-history">The opposing Reuniclus used <strong>Psychic</strong>!<br></div><div class="battle-history"><small>Clefable protected itself!</small><br></div><div class="spacer battle-history"><br></div><div class="battle-history"><small>Clefable's wish came true!</small><br></div><div class="battle-history"><small>Clefable restored a little HP using its Leftovers!</small><br></div><div class="battle-history"><small>The opposing Reuniclus restored a little HP using its Leftovers!</small><br></div><div class="spacer battle-history"><br></div><h2 class="battle-history">Turn 22</h2><div class="spacer battle-history"><br></div><div class="battle-history">Clefable, come back!<br></div><div class="battle-history">Go! <strong>Chansey</strong>!<br></div><div class="spacer battle-history"><br></div><div class="battle-history">The opposing Reuniclus used <strong>Psychic</strong>!<br></div><div class="battle-history"><small>(Chansey lost <abbr title="−159/704">22.6%</abbr> of its health!)</small><br></div><div class="spacer battle-history"><br></div><div class="battle-history"><small>The opposing Reuniclus restored a little HP using its Leftovers!</small><br></div><div class="spacer battle-history"><br></div><h2 class="battle-history">Turn 23</h2><div class="spacer battle-history"><br></div><div class="battle-history">Chansey used <strong>Soft-Boiled</strong>!<br></div><div class="battle-history"><small>Chansey restored its HP.</small><br></div><div class="spacer battle-history"><br></div><div class="battle-history">The opposing Reuniclus used <strong>Calm Mind</strong>!<br></div><div class="battle-history"><small>The opposing Reuniclus's Special Attack rose!</small><br></div><div class="battle-history"><small>The opposing Reuniclus's Special Defense rose!</small><br></div><div class="spacer battle-history"><br></div><div class="battle-history"><small>The opposing Reuniclus restored a little HP using its Leftovers!</small><br></div><div class="spacer battle-history"><br></div><h2 class="battle-history">Turn 24</h2><div class="spacer battle-history"><br></div><div class="battle-history">Chansey used <strong>Seismic Toss</strong>!<br></div><div class="battle-history"><small>(The opposing Reuniclus lost <abbr title="−100/421">23.8%</abbr> of its health!)</small><br></div><div class="spacer battle-history"><br></div><div class="battle-history">The opposing Reuniclus used <strong>Calm Mind</strong>!<br></div><div class="battle-history"><small>The opposing Reuniclus's Special Attack rose!</small><br></div><div class="battle-history"><small>The opposing Reuniclus's Special Defense rose!</small><br></div><div class="spacer battle-history"><br></div><div class="battle-history"><small>The opposing Reuniclus restored a little HP using its Leftovers!</small><br></div><div class="spacer battle-history"><br></div><h2 class="battle-history">Turn 25</h2><div class="spacer battle-history"><br></div><div class="battle-history">Chansey used <strong>Seismic Toss</strong>!<br></div><div class="battle-history"><small>(The opposing Reuniclus lost <abbr title="−100/421">23.8%</abbr> of its health!)</small><br></div><div class="spacer battle-history"><br></div><div class="battle-history">The opposing Reuniclus used <strong>Calm Mind</strong>!<br></div><div class="battle-history"><small>The opposing Reuniclus's Special Attack rose!</small><br></div><div class="battle-history"><small>The opposing Reuniclus's Special Defense rose!</small><br></div><div class="spacer battle-history"><br></div><div class="battle-history"><small>The opposing Reuniclus restored a little HP using its Leftovers!</small><br></div><div class="spacer battle-history"><br></div><h2 class="battle-history">Turn 26</h2><div class="spacer battle-history"><br></div><div class="battle-history">Chansey used <strong>Seismic Toss</strong>!<br></div><div class="battle-history"><small>(The opposing Reuniclus lost <abbr title="−100/421">23.8%</abbr> of its health!)</small><br></div><div class="spacer battle-history"><br></div><div class="battle-history">The opposing Reuniclus used <strong>Recover</strong>!<br></div><div class="battle-history"><small>The opposing Reuniclus restored its HP.</small><br></div><div class="spacer battle-history"><br></div><div class="battle-history"><small>The opposing Reuniclus restored a little HP using its Leftovers!</small><br></div><div class="spacer battle-history"><br></div><h2 class="battle-history">Turn 27</h2><div class="spacer battle-history"><br></div><div class="battle-history">Chansey used <strong>Seismic Toss</strong>!<br></div><div class="battle-history"><small>(The opposing Reuniclus lost <abbr title="−100/421">23.8%</abbr> of its health!)</small><br></div><div class="spacer battle-history"><br></div><div class="battle-history">The opposing Reuniclus used <strong>Calm Mind</strong>!<br></div><div class="battle-history"><small>The opposing Reuniclus's Special Attack rose!</small><br></div><div class="battle-history"><small>The opposing Reuniclus's Special Defense won't go any higher!</small><br></div><div class="spacer battle-history"><br></div><div class="battle-history"><small>The opposing Reuniclus restored a little HP using its Leftovers!</small><br></div><div class="spacer battle-history"><br></div><h2 class="battle-history">Turn 28</h2><div class="spacer battle-history"><br></div><div class="battle-history">Chansey used <strong>Seismic Toss</strong>!<br></div><div class="battle-history"><small>(The opposing Reuniclus lost <abbr title="−100/421">23.8%</abbr> of its health!)</small><br></div><div class="spacer battle-history"><br></div><div class="battle-history">The opposing Reuniclus used <strong>Psychic</strong>!<br></div><div class="battle-history"><small>(Chansey lost <abbr title="−298/704">42.3%</abbr> of its health!)</small><br></div><div class="spacer battle-history"><br></div><div class="battle-history"><small>The opposing Reuniclus restored a little HP using its Leftovers!</small><br></div><div class="spacer battle-history"><br></div><h2 class="battle-history">Turn 29</h2><div class="spacer battle-history"><br></div><div class="battle-history">Chansey used <strong>Soft-Boiled</strong>!<br></div><div class="battle-history"><small>Chansey restored its HP.</small><br></div><div class="spacer battle-history"><br></div><div class="battle-history">The opposing Reuniclus used <strong>Recover</strong>!<br></div><div class="battle-history"><small>The opposing Reuniclus restored its HP.</small><br></div><div class="spacer battle-history"><br></div><div class="battle-history"><small>The opposing Reuniclus restored a little HP using its Leftovers!</small><br></div><div class="spacer battle-history"><br></div><h2 class="battle-history">Turn 30</h2><div class="spacer battle-history"><br></div><div class="battle-history">Chansey used <strong>Seismic Toss</strong>!<br></div><div class="battle-history"><small>(The opposing Reuniclus lost <abbr title="−100/421">23.8%</abbr> of its health!)</small><br></div><div class="spacer battle-history"><br></div><div class="battle-history">The opposing Reuniclus used <strong>Psychic</strong>!<br></div><div class="battle-history"><small>(Chansey lost <abbr title="−340/704">48.3%</abbr> of its health!)</small><br></div><div class="spacer battle-history"><br></div><div class="battle-history"><small>The opposing Reuniclus restored a little HP using its Leftovers!</small><br></div><div class="spacer battle-history"><br></div><h2 class="battle-history">Turn 31</h2><div class="spacer battle-history"><br></div><div class="battle-history">Chansey used <strong>Soft-Boiled</strong>!<br></div><div class="battle-history"><small>Chansey restored its HP.</small><br></div><div class="spacer battle-history"><br></div><div class="battle-history">The opposing Reuniclus used <strong>Psychic</strong>!<br></div><div class="battle-history"><small>(Chansey lost <abbr title="−352/704">50%</abbr> of its health!)</small><br></div><div class="spacer battle-history"><br></div><div class="battle-history"><small>The opposing Reuniclus restored a little HP using its Leftovers!</small><br></div><div class="spacer battle-history"><br></div><h2 class="battle-history">Turn 32</h2><div class="spacer battle-history"><br></div><div class="battle-history">Chansey used <strong>Soft-Boiled</strong>!<br></div><div class="battle-history"><small>Chansey restored its HP.</small><br></div><div class="spacer battle-history"><br></div><div class="battle-history">The opposing Reuniclus used <strong>Psychic</strong>!<br></div><div class="battle-history"><small>(Chansey lost <abbr title="−298/704">42.3%</abbr> of its health!)</small><br></div><div class="spacer battle-history"><br></div><div class="battle-history"><small>The opposing Reuniclus restored a little HP using its Leftovers!</small><br></div><div class="spacer battle-history"><br></div><h2 class="battle-history">Turn 33</h2><div class="spacer battle-history"><br></div><div class="battle-history">Chansey used <strong>Soft-Boiled</strong>!<br></div><div class="battle-history"><small>Chansey restored its HP.</small><br></div><div class="spacer battle-history"><br></div><div class="battle-history">The opposing Reuniclus used <strong>Psychic</strong>!<br></div><div class="battle-history"><small>(Chansey lost <abbr title="−337/704">47.9%</abbr> of its health!)</small><br></div><div class="spacer battle-history"><br></div><div class="battle-history"><small>The opposing Reuniclus restored a little HP using its Leftovers!</small><br></div><div class="spacer battle-history"><br></div><h2 class="battle-history">Turn 34</h2><div class="spacer battle-history"><br></div><div class="battle-history">Sekhmet Hack withdrew Reuniclus!<br></div><div class="battle-history">Sekhmet Hack sent out Tornadus (<strong>Tornadus-Therian</strong>)!<br></div><div class="spacer battle-history"><br></div><div class="battle-history">Chansey used <strong>Soft-Boiled</strong>!<br></div><div class="battle-history"><small>Chansey restored its HP.</small><br></div><div class="spacer battle-history"><br></div><h2 class="battle-history">Turn 35</h2><div class="spacer battle-history"><br></div><div class="battle-history">The opposing Tornadus used <strong>Knock Off</strong>!<br></div><div class="battle-history"><small>(Chansey lost <abbr title="−92/704">13.1%</abbr> of its health!)</small><br></div><div class="battle-history"><small>The opposing Tornadus knocked off Chansey's Eviolite!</small><br></div><div class="spacer battle-history"><br></div><div class="battle-history">Chansey used <strong>Toxic</strong>!<br></div><div class="battle-history"><small>The opposing Tornadus was badly poisoned!</small><br></div><div class="spacer battle-history"><br></div><div class="battle-history"><small>The opposing Tornadus was hurt by poison!</small><br></div><div class="spacer battle-history"><br></div><h2 class="battle-history">Turn 36</h2><div class="spacer battle-history"><br></div><div class="battle-history">The opposing Tornadus used <strong>Hurricane</strong>!<br></div><div class="battle-history"><small>(Chansey lost <abbr title="−129/704">18.3%</abbr> of its health!)</small><br></div><div class="battle-history"><small>Chansey became confused!</small><br></div><div class="spacer battle-history"><br></div><div class="battle-history"><small>Chansey is confused!</small><br></div><div class="battle-history">Chansey used <strong>Seismic Toss</strong>!<br></div><div class="battle-history"><small>(The opposing Tornadus lost <abbr title="−100/362">27.6%</abbr> of its health!)</small><br></div><div class="battle-history"><small>Chansey was hurt by the Rocky Helmet!</small><br></div><div class="spacer battle-history"><br></div><div class="battle-history"><small>The opposing Tornadus was hurt by poison!</small><br></div><div class="spacer battle-history"><br></div><h2 class="battle-history">Turn 37</h2><div class="spacer battle-history"><br></div><div class="battle-history">The opposing Tornadus used <strong>Hurricane</strong>!<br></div><div class="battle-history"><small>(Chansey lost <abbr title="−142/704">20.2%</abbr> of its health!)</small><br></div><div class="spacer battle-history"><br></div><div class="battle-history"><small>Chansey is confused!</small><br></div><div class="battle-history">Chansey used <strong>Soft-Boiled</strong>!<br></div><div class="battle-history"><small>Chansey restored its HP.</small><br></div><div class="spacer battle-history"><br></div><div class="battle-history"><small>The opposing Tornadus was hurt by poison!</small><br></div><div class="spacer battle-history"><br></div><h2 class="battle-history">Turn 38</h2><div class="spacer battle-history"><br></div><div class="battle-history">Chansey, come back!<br></div><div class="battle-history">Go! <strong>Zapdos</strong>!<br></div><div class="battle-history"><small>[Zapdos's Pressure]</small><br><small>Zapdos is exerting its pressure!</small><br></div><div class="spacer battle-history"><br></div><div class="battle-history">The opposing Tornadus used <strong>Hurricane</strong>!<br></div><div class="battle-history"><small>Zapdos avoided the attack!</small><br></div><div class="spacer battle-history"><br></div><div class="battle-history"><small>Zapdos restored a little HP using its Leftovers!</small><br></div><div class="battle-history"><small>The opposing Tornadus was hurt by poison!</small><br></div><div class="spacer battle-history"><br></div><h2 class="battle-history">Turn 39</h2><div class="spacer battle-history"><br></div><div class="battle-history">Zapdos, come back!<br></div><div class="battle-history">Go! <strong>Chansey</strong>!<br></div><div class="spacer battle-history"><br></div><div class="battle-history">The opposing Tornadus used <strong>Knock Off</strong>!<br></div><div class="battle-history"><small>(Chansey lost <abbr title="−93/704">13.2%</abbr> of its health!)</small><br></div><div class="spacer battle-history"><br></div><div class="battle-history"><small>The opposing Tornadus was hurt by poison!</small><br></div><div class="spacer battle-history"><br></div><div class="battle-history">The opposing Tornadus fainted!<br></div><div class="spacer battle-history"><br></div><div class="battle-history">Sekhmet Hack sent out <strong>Reuniclus</strong>!<br></div><div class="spacer battle-history"><br></div><h2 class="battle-history">Turn 40</h2><div class="chat chatmessage-lodcusho"><strong style="color:hsl(332,54%,47%)"><small> </small><span class="username" data-name="LoD Cusho">LoD Cusho</span>:</strong> <em>Oye shekmek</em></div><div class="spacer battle-history"><br></div><div class="battle-history">Chansey, come back!<br></div><div class="battle-history">Go! <strong>Charizard</strong>!<br></div><div class="spacer battle-history"><br></div><div class="battle-history">The opposing Reuniclus used <strong>Calm Mind</strong>!<br></div><div class="battle-history"><small>The opposing Reuniclus's Special Attack rose!</small><br></div><div class="battle-history"><small>The opposing Reuniclus's Special Defense rose!</small><br></div><div class="spacer battle-history"><br></div><div class="battle-history"><small>The opposing Reuniclus restored a little HP using its Leftovers!</small><br></div><div class="spacer battle-history"><br></div><h2 class="battle-history">Turn 41</h2><div class="chat chatmessage-lodcusho"><strong style="color:hsl(332,54%,47%)"><small> </small><span class="username" data-name="LoD Cusho">LoD Cusho</span>:</strong> <em>Probamos ahorita?</em></div><div class="chat chatmessage-sekhmethack"><strong style="color:hsl(291,88%,44%)"><small>☆</small><span class="username" data-name="Sekhmet Hack">Sekhmet Hack</span>:</strong> <em>dime ?</em></div><div class="chat chatmessage-sekhmethack"><strong style="color:hsl(291,88%,44%)"><small>☆</small><span class="username" data-name="Sekhmet Hack">Sekhmet Hack</span>:</strong> <em>ok reta</em></div><div class="spacer battle-history"><br></div><div class="battle-history"><small>Charizard's Charizardite Y is reacting to the Key Stone!</small><br>Charizard has Mega Evolved into Mega Charizard!<br></div><div class="battle-history"><small>[Charizard's Drought]</small><br><small>The sunlight turned harsh!</small><br></div><div class="spacer battle-history"><br></div><div class="battle-history">Charizard used <strong>Flamethrower</strong>!<br></div><div class="battle-history"><small>(The opposing Reuniclus lost <abbr title="−214/421">50.8%</abbr> of its health!)</small><br></div><div class="spacer battle-history"><br></div><div class="battle-history">The opposing Reuniclus used <strong>Calm Mind</strong>!<br></div><div class="battle-history"><small>The opposing Reuniclus's Special Attack rose!</small><br></div><div class="battle-history"><small>The opposing Reuniclus's Special Defense rose!</small><br></div><div class="spacer battle-history"><br></div><div class="battle-history"><small>(The sunlight is strong!)</small><br></div><div class="battle-history"><small>The opposing Reuniclus restored a little HP using its Leftovers!</small><br></div><div class="spacer battle-history"><br></div><h2 class="battle-history">Turn 42</h2><div class="spacer battle-history"><br></div><div class="battle-history">Charizard used <strong>Flamethrower</strong>!<br></div><div class="battle-history"><small>(The opposing Reuniclus lost <abbr title="−150/421">35.6%</abbr> of its health!)</small><br></div><div class="spacer battle-history"><br></div><div class="battle-history">The opposing Reuniclus used <strong>Recover</strong>!<br></div><div class="battle-history"><small>The opposing Reuniclus restored its HP.</small><br></div><div class="spacer battle-history"><br></div><div class="battle-history"><small>(The sunlight is strong!)</small><br></div><div class="battle-history"><small>The opposing Reuniclus restored a little HP using its Leftovers!</small><br></div><div class="spacer battle-history"><br></div><h2 class="battle-history">Turn 43</h2><div class="spacer battle-history"><br></div><div class="battle-history">Charizard, come back!<br></div><div class="battle-history">Go! <strong>Clefable</strong>!<br></div><div class="spacer battle-history"><br></div><div class="battle-history">The opposing Reuniclus used <strong>Recover</strong>!<br></div><div class="battle-history"><small>The opposing Reuniclus restored its HP.</small><br></div><div class="spacer battle-history"><br></div><div class="battle-history"><small>(The sunlight is strong!)</small><br></div><div class="battle-history"><small>Clefable restored a little HP using its Leftovers!</small><br></div><div class="spacer battle-history"><br></div><h2 class="battle-history">Turn 44</h2><div class="spacer battle-history"><br></div><div class="battle-history">Clefable used <strong>Wish</strong>!<br></div><div class="spacer battle-history"><br></div><div class="battle-history">The opposing Reuniclus used <strong>Psychic</strong>!<br></div><div class="battle-history"><small>(Clefable lost <abbr title="−147/394">37.3%</abbr> of its health!)</small><br></div><div class="battle-history"><small>Clefable's Special Defense fell!</small><br></div><div class="spacer battle-history"><br></div><div class="battle-history"><small>(The sunlight is strong!)</small><br></div><div class="battle-history"><small>Clefable restored a little HP using its Leftovers!</small><br></div><div class="spacer battle-history"><br></div><h2 class="battle-history">Turn 45</h2><div class="chat chatmessage-edwardellric"><strong style="color:hsl(55,45%,33%)"><small>☆</small><span class="username" data-name="EdwardEllric 🐮">EdwardEllric 🐮</span>:</strong> <em>berga</em></div><div class="spacer battle-history"><br></div><div class="battle-history">Clefable used <strong>Protect</strong>!<br></div><div class="battle-history"><small>Clefable protected itself!</small><br></div><div class="spacer battle-history"><br></div><div class="battle-history">The opposing Reuniclus used <strong>Calm Mind</strong>!<br></div><div class="battle-history"><small>The opposing Reuniclus's Special Attack rose!</small><br></div><div class="battle-history"><small>The opposing Reuniclus's Special Defense rose!</small><br></div><div class="spacer battle-history"><br></div><div class="battle-history"><small>The sunlight faded.</small><br></div><div class="battle-history"><small>Clefable's wish came true!</small><br></div><div class="battle-history"><small>Clefable restored a little HP using its Leftovers!</small><br></div><div class="spacer battle-history"><br></div><h2 class="battle-history">Turn 46</h2><div class="spacer battle-history"><br></div><div class="battle-history">Clefable, come back!<br></div><div class="battle-history">Go! <strong>Chansey</strong>!<br></div><div class="spacer battle-history"><br></div><div class="battle-history">The opposing Reuniclus used <strong>Psychic</strong>!<br></div><div class="battle-history"><small>(Chansey lost <abbr title="−289/704">41.1%</abbr> of its health!)</small><br></div><div class="spacer battle-history"><br></div><h2 class="battle-history">Turn 47</h2><div class="spacer battle-history"><br></div><div class="battle-history">Chansey, come back!<br></div><div class="battle-history">Go! <strong>Zapdos</strong>!<br></div><div class="battle-history"><small>[Zapdos's Pressure]</small><br><small>Zapdos is exerting its pressure!</small><br></div><div class="spacer battle-history"><br></div><div class="battle-history">The opposing Reuniclus used <strong>Psychic</strong>!<br></div><div class="battle-history"><small>(Zapdos lost <abbr title="−337/384">87.8%</abbr> of its health!)</small><br></div><div class="spacer battle-history"><br></div><div class="battle-history"><small>Zapdos restored a little HP using its Leftovers!</small><br></div><div class="spacer battle-history"><br></div><h2 class="battle-history">Turn 48</h2><div class="spacer battle-history"><br></div><div class="battle-history">Zapdos used <strong>Roost</strong>!<br></div><div class="battle-history"><small>Zapdos restored its HP.</small><br></div><div class="spacer battle-history"><br></div><div class="battle-history">The opposing Reuniclus used <strong>Psychic</strong>!<br></div><div class="battle-history"><small>(Zapdos lost <abbr title="−263/384">68.5%</abbr> of its health!)</small><br></div><div class="spacer battle-history"><br></div><div class="battle-history">Zapdos fainted!<br></div><div class="spacer battle-history"><br></div><div class="battle-history">Go! <strong>Chansey</strong>!<br></div><div class="spacer battle-history"><br></div><h2 class="battle-history">Turn 49</h2><div class="spacer battle-history"><br></div><div class="battle-history"><small>Sekhmet Hack se rindió.</small><br></div><div class="spacer battle-history"><br></div><div class="battle-history"><strong>EdwardEllric 🐮</strong> won the battle!<br></div><div class="chat">EdwardEllric 🐮︎ ha ganado 5.5 PokeDolares.</div><div class="chat">Puntaje de EdwardEllric 🐮: 1553 → <strong>1565</strong><br>(+12 por ganar)</div><div class="chat">Puntaje de Sekhmet Hack: 1402 → <strong>1391</strong><br>(-11 por perder)</div></div><div class="inner-preempt"></div></div></div>
</div>
<script>
let daily = Math.floor(Date.now()/1000/60/60/24);document.write('<script src="https://play.pokemonshowdown.com/js/replay-embed.js?version'+daily+'"></'+'script>');
</script>
