<!DOCTYPE html>
<meta charset="utf-8" />
<!-- version 1 -->
<title>OU replay: 불장난 David K17 vs. dark plunky</title>
<style>
html,body {font-family:Verdana, sans-serif;font-size:10pt;margin:0;padding:0;}body{padding:12px 0;} .battle-log {font-family:Verdana, sans-serif;font-size:10pt;} .battle-log-inline {border:1px solid #AAAAAA;background:#EEF2F5;color:black;max-width:640px;margin:0 auto 80px;padding-bottom:5px;} .battle-log .inner {padding:4px 8px 0px 8px;} .battle-log .inner-preempt {padding:0 8px 4px 8px;} .battle-log .inner-after {margin-top:0.5em;} .battle-log h2 {margin:0.5em -8px;padding:4px 8px;border:1px solid #AAAAAA;background:#E0E7EA;border-left:0;border-right:0;font-family:Verdana, sans-serif;font-size:13pt;} .battle-log .chat {vertical-align:middle;padding:3px 0 3px 0;font-size:8pt;} .battle-log .chat strong {color:#40576A;} .battle-log .chat em {padding:1px 4px 1px 3px;color:#000000;font-style:normal;} .chat.mine {background:rgba(0,0,0,0.05);margin-left:-8px;margin-right:-8px;padding-left:8px;padding-right:8px;} .spoiler {color:#BBBBBB;background:#BBBBBB;padding:0px 3px;} .spoiler:hover, .spoiler:active, .spoiler-shown {color:#000000;background:#E2E2E2;padding:0px 3px;} .spoiler a {color:#BBBBBB;} .spoiler:hover a, .spoiler:active a, .spoiler-shown a {color:#2288CC;} .chat code, .chat .spoiler:hover code, .chat .spoiler:active code, .chat .spoiler-shown code {border:1px solid #C0C0C0;background:#EEEEEE;color:black;padding:0 2px;} .chat .spoiler code {border:1px solid #CCCCCC;background:#CCCCCC;color:#CCCCCC;} .battle-log .rated {padding:3px 4px;} .battle-log .rated strong {color:white;background:#89A;padding:1px 4px;border-radius:4px;} .spacer {margin-top:0.5em;} .message-announce {background:#6688AA;color:white;padding:1px 4px 2px;} .message-announce a, .broadcast-green a, .broadcast-blue a, .broadcast-red a {color:#DDEEFF;} .broadcast-green {background-color:#559955;color:white;padding:2px 4px;} .broadcast-blue {background-color:#6688AA;color:white;padding:2px 4px;} .infobox {border:1px solid #6688AA;padding:2px 4px;} .infobox-limited {max-height:200px;overflow:auto;overflow-x:hidden;} .broadcast-red {background-color:#AA5544;color:white;padding:2px 4px;} .message-learn-canlearn {font-weight:bold;color:#228822;text-decoration:underline;} .message-learn-cannotlearn {font-weight:bold;color:#CC2222;text-decoration:underline;} .message-effect-weak {font-weight:bold;color:#CC2222;} .message-effect-resist {font-weight:bold;color:#6688AA;} .message-effect-immune {font-weight:bold;color:#666666;} .message-learn-list {margin-top:0;margin-bottom:0;} .message-throttle-notice, .message-error {color:#992222;} .message-overflow, .chat small.message-overflow {font-size:0pt;} .message-overflow::before {font-size:9pt;content:'...';} .subtle {color:#3A4A66;}
</style>
<div class="wrapper replay-wrapper" style="max-width:1180px;margin:0 auto">
<input type="hidden" name="replayid" value="destiny-ou-420418" />
<div class="battle"></div><div class="battle-log"></div><div class="replay-controls"></div><div class="replay-controls-2"></div>
<h1 style="font-weight:normal;text-align:center"><strong>OU</strong><br /><a href="http://pokemonshowdown.com/users/davidk17" class="subtle" target="_blank">불장난 David K17</a> vs. <a href="http://pokemonshowdown.com/users/darkplunky" class="subtle" target="_blank">dark plunky</a></h1>
<script type="text/plain" class="battle-log-data">|player|p1|불장난 David K17|ispyhigh.gif?e603db32
|teamsize|p1|6
|player|p2|dark plunky|darkplunky.gif?61ef7200
|teamsize|p2|6
|teamsize|p1|6
|teamsize|p2|6
|gametype|singles
|gen|7
|tier|OU
|seed|37923,41682,52837,56020
|rule|Cláusula-Mod de Dormir: solo puedes dormir a uno de tus oponentes a la vez.
|rule|Cláusula de Especie: Hasta un Pokémon de cada especie
|rule|Cláusula de Golpe Fulminante: los movimientos fulminantes (OHKO) estan prohibidos
|rule|Cláusula de Veleta: la habilidad Veleta está prohibida
|rule|Cláusula de Movimientos Evasivos: los movimientos de Evasión están prohibidos.
|rule|Cláusula de Batallas Eternas: forzar batallas eternas está prohibido
|clearpoke
|poke|p1|Medicham, M, shiny|item
|poke|p1|Celesteela|item
|poke|p1|Tapu Fini|item
|poke|p1|Zygarde|item
|poke|p1|Victini|item
|poke|p1|Chansey, F, shiny|item
|poke|p2|Medicham, F|item
|poke|p2|Greninja, M|item
|poke|p2|Amoonguss, F|item
|poke|p2|Heatran, F|item
|poke|p2|Jirachi|item
|poke|p2|Landorus-Therian, M|item
|teampreview|undefined
|choice|*|*team 623451
|choice|*|*team 523416
|choice|*team 321456|*
|choice|team 3, 2, 1, 4, 5, 6|team 5, 2, 3, 4, 1, 6
|
|start
|switch|p1a: Tapu Fini|Tapu Fini|344\/344
|switch|p2a: Jirachi|Jirachi|341\/341
|-fieldstart|move: Misty Terrain|[from] ability: Misty Surge|[of] p1a: Tapu Fini
|turn|1
|choice|*|*move 2
|choice|*switch 5|*
|choice|switch 5|move uturn
|
|switch|p1a: Victini|Victini|341\/341
|move|p2a: Jirachi|U-turn|p1a: Victini
|-damage|p1a: Victini|269\/341
|choice|*|*switch 6
|choice||switch 6
|
|switch|p2a: Landorus|Landorus-Therian, M|381\/381|[from]move: U-turn
|-ability|p2a: Landorus|Intimidate|boost
|-unboost|p1a: Victini|atk|1
|
|upkeep
|turn|2
|choice|*|*move 2
|choice|*switch 5|*
|choice|switch 5|move uturn
|
|switch|p1a: Tapu Fini|Tapu Fini|344\/344
|move|p2a: Landorus|U-turn|p1a: Tapu Fini
|-resisted|p1a: Tapu Fini
|-crit|p1a: Tapu Fini
|-damage|p1a: Tapu Fini|291\/344
|choice|*|*switch 3
|choice||switch 3
|
|switch|p2a: Amoonguss|Amoonguss, F|431\/431|[from]move: U-turn
|
|-heal|p1a: Tapu Fini|312\/344|[from] item: Leftovers
|upkeep
|turn|3
|choice|*|*move 4
|choice|*|*move 2
|choice|*|*switch 6
|choice|*|*switch 4
|choice|*|*switch 6
|choice|*move 4|*
|choice|move taunt|switch 6
|
|switch|p2a: Jirachi|Jirachi|341\/341
|move|p1a: Tapu Fini|Taunt|p2a: Jirachi
|-start|p2a: Jirachi|move: Taunt
|
|-heal|p1a: Tapu Fini|333\/344|[from] item: Leftovers
|upkeep
|turn|4
|choice|*move 2|*
|choice|*|*move 2
|choice|move scald|move uturn
|
|move|p2a: Jirachi|U-turn|p1a: Tapu Fini
|-resisted|p1a: Tapu Fini
|-damage|p1a: Tapu Fini|299\/344
|choice|*|*switch 6
|choice||switch 6
|
|switch|p2a: Amoonguss|Amoonguss, F|431\/431|[from]move: U-turn
|move|p1a: Tapu Fini|Scald|p2a: Amoonguss
|-resisted|p2a: Amoonguss
|-damage|p2a: Amoonguss|404\/431
|
|-heal|p1a: Tapu Fini|320\/344|[from] item: Leftovers
|upkeep
|turn|5
|choice|*|*move 2
|choice|*|*switch 6
|choice|*|*switch 6
|choice|*move 4|*
|choice|move taunt|switch 6
|
|switch|p2a: Jirachi|Jirachi|341\/341
|move|p1a: Tapu Fini|Taunt|p2a: Jirachi
|-start|p2a: Jirachi|move: Taunt
|
|-heal|p1a: Tapu Fini|341\/344|[from] item: Leftovers
|-fieldend|Misty Terrain
|upkeep
|turn|6
|choice|*switch 2|*
|choice|*|*move 1
|choice|switch 2|move ironhead
|
|switch|p1a: Celesteela|Celesteela|398\/398
|move|p2a: Jirachi|Iron Head|p1a: Celesteela
|-resisted|p1a: Celesteela
|-damage|p1a: Celesteela|344\/398
|
|-heal|p1a: Celesteela|368\/398|[from] item: Leftovers
|upkeep
|turn|7
|choice|*|*switch 4
|choice|*|*switch 3
|choice|*|*switch 4
|choice|*move 3|*
|choice|move flamethrower|switch 4
|
|switch|p2a: Heatran|Heatran, F|324\/324
|move|p1a: Celesteela|Flamethrower|p2a: Heatran
|-start|p2a: Heatran|ability: Flash Fire
|
|-heal|p1a: Celesteela|392\/398|[from] item: Leftovers
|upkeep
|turn|8
|choice|*switch 2|*
|choice|*|*move 2
|choice|switch 2|move toxic
|
|switch|p1a: Tapu Fini|Tapu Fini|341\/344
|-fieldstart|move: Misty Terrain|[from] ability: Misty Surge|[of] p1a: Tapu Fini
|move|p2a: Heatran|Toxic|p1a: Tapu Fini
|-activate|p1a: Tapu Fini|move: Misty Terrain
|
|-heal|p1a: Tapu Fini|344\/344|[from] item: Leftovers
|upkeep
|turn|9
|c|☆dark plunky|sad
|choice|*|*move 4
|choice|*move 2|*
|choice|move scald|move stealthrock
|
|move|p2a: Heatran|Stealth Rock|p1a: Tapu Fini
|-sidestart|p1: 불장난 David K17|move: Stealth Rock
|move|p1a: Tapu Fini|Scald|p2a: Heatran
|-supereffective|p2a: Heatran
|-damage|p2a: Heatran|166\/324
|
|-heal|p2a: Heatran|186\/324|[from] item: Leftovers
|upkeep
|turn|10
|choice|*move 3|*
|choice|*|*switch 6
|choice|move defog|switch 6
|
|-end|p2a: Heatran|ability: Flash Fire|[silent]
|switch|p2a: Amoonguss|Amoonguss, F|431\/431
|move|p1a: Tapu Fini|Defog|p2a: Amoonguss
|-unboost|p2a: Amoonguss|evasion|1
|-sideend|p1: 불장난 David K17|Stealth Rock|[from] move: Defog|[of] p1a: Tapu Fini
|
|upkeep
|turn|11
|choice|*|*move 2
|choice|*switch 3|*
|choice|switch 3|move sludgebomb
|
|switch|p1a: Medicham|Medicham, M, shiny|261\/261
|move|p2a: Amoonguss|Sludge Bomb|p1a: Medicham
|-damage|p1a: Medicham|143\/261
|
|upkeep
|turn|12
|choice|*|*switch 4
|choice|*move 1 mega|*
|choice|move zenheadbutt mega|switch 4
|
|switch|p2a: Jirachi|Jirachi|341\/341
|-mega|p1a: Medicham|Medicham|Medichamite
|detailschange|p1a: Medicham|Medicham-Mega, M, shiny
|move|p1a: Medicham|Zen Headbutt|p2a: Jirachi
|-resisted|p2a: Jirachi
|-damage|p2a: Jirachi|284\/341
|
|-fieldend|Misty Terrain
|upkeep
|turn|13
|choice|*|*move 1
|choice|*switch 4|*
|choice|switch 4|move ironhead
|
|switch|p1a: Zygarde|Zygarde|357\/357
|-ability|p1a: Zygarde|Aura Break
|move|p2a: Jirachi|Iron Head|p1a: Zygarde
|-damage|p1a: Zygarde|264\/357
|
|upkeep
|turn|14
|choice|*move 2|*
|choice|*|*switch 3
|choice|move dragondance|switch 3
|
|switch|p2a: Landorus|Landorus-Therian, M|381\/381
|-ability|p2a: Landorus|Intimidate|boost
|-unboost|p1a: Zygarde|atk|1
|move|p1a: Zygarde|Dragon Dance|p1a: Zygarde
|-boost|p1a: Zygarde|atk|1
|-boost|p1a: Zygarde|spe|1
|
|upkeep
|turn|15
|choice|*|*move 2
|choice|*|*move 4
|choice|*switch 3|*
|choice|switch 3|move earthquake
|
|switch|p1a: Tapu Fini|Tapu Fini|344\/344
|-fieldstart|move: Misty Terrain|[from] ability: Misty Surge|[of] p1a: Tapu Fini
|move|p2a: Landorus|Earthquake|p1a: Tapu Fini
|-damage|p1a: Tapu Fini|193\/344
|
|-heal|p1a: Tapu Fini|214\/344|[from] item: Leftovers
|upkeep
|turn|16
|choice|*move 2|*
|choice|*|*move 1 zmove
|choice|move scald|move fly zmove
|
|-zpower|p2a: Landorus
|move|p2a: Landorus|Supersonic Skystrike|p1a: Tapu Fini|[zeffect]
|-damage|p1a: Tapu Fini|0 fnt
|faint|p1a: Tapu Fini
|
|upkeep
|choice|*switch 4|*
|choice|switch 4|
|
|switch|p1a: Medicham|Medicham-Mega, M, shiny|143\/261
|turn|17
|choice|*move 2|*
|choice|*|*move 2
|choice|move icepunch|move uturn
|
|move|p1a: Medicham|Ice Punch|p2a: Landorus
|-supereffective|p2a: Landorus
|-damage|p2a: Landorus|0 fnt
|faint|p2a: Landorus
|
|upkeep
|choice|*|*switch 3
|choice||switch 3
|
|switch|p2a: Jirachi|Jirachi|284\/341
|turn|18
|choice|*|*move 2
|choice|*move 4|*
|choice|move highjumpkick|move uturn
|
|move|p2a: Jirachi|U-turn|p1a: Medicham
|-damage|p1a: Medicham|64\/261
|choice|*|*switch 4
|choice||switch 4
|
|switch|p2a: Amoonguss|Amoonguss, F|431\/431|[from]move: U-turn
|move|p1a: Medicham|High Jump Kick|p2a: Amoonguss
|-resisted|p2a: Amoonguss
|-crit|p2a: Amoonguss
|-damage|p2a: Amoonguss|51\/431
|
|upkeep
|turn|19
|choice|*move 2|*
|choice|*|*move 2
|choice|move icepunch|move sludgebomb
|
|move|p1a: Medicham|Ice Punch|p2a: Amoonguss
|-supereffective|p2a: Amoonguss
|-damage|p2a: Amoonguss|0 fnt
|faint|p2a: Amoonguss
|
|-fieldend|Misty Terrain
|upkeep
|choice|*|*switch 5
|choice||switch 5
|
|switch|p2a: Medicham|Medicham, F|261\/261
|turn|20
|choice|*|*move 1 mega
|c| Makesuit|jai shamp
|choice|*move 4|*
|choice|move highjumpkick|move highjumpkick mega
|
|-mega|p2a: Medicham|Medicham|Medichamite
|detailschange|p2a: Medicham|Medicham-Mega, F
|move|p1a: Medicham|High Jump Kick|p2a: Medicham
|-resisted|p2a: Medicham
|-damage|p2a: Medicham|42\/261
|move|p2a: Medicham|High Jump Kick|p1a: Medicham
|-resisted|p1a: Medicham
|-damage|p1a: Medicham|0 fnt
|faint|p1a: Medicham
|
|upkeep
|choice|*switch 5|*
|choice|switch 5|
|
|switch|p1a: Victini|Victini|269\/341
|turn|21
|choice|*move 4|*
|choice|*|*switch 6
|choice|move uturn|switch 6
|
|switch|p2a: Heatran|Heatran, F|186\/324
|move|p1a: Victini|U-turn|p2a: Heatran
|-resisted|p2a: Heatran
|-damage|p2a: Heatran|170\/324
|choice|*switch 3|*
|choice|switch 3|
|
|switch|p1a: Zygarde|Zygarde|264\/357|[from]move: U-turn
|-ability|p1a: Zygarde|Aura Break
|
|-heal|p2a: Heatran|190\/324|[from] item: Leftovers
|upkeep
|turn|22
|choice|*|*move 4
|choice|*move 2|*
|choice|move dragondance|move stealthrock
|
|move|p1a: Zygarde|Dragon Dance|p1a: Zygarde
|-boost|p1a: Zygarde|atk|1
|-boost|p1a: Zygarde|spe|1
|move|p2a: Heatran|Stealth Rock|p1a: Zygarde
|-sidestart|p1: 불장난 David K17|move: Stealth Rock
|
|-heal|p2a: Heatran|210\/324|[from] item: Leftovers
|upkeep
|turn|23
|choice|*|*move 2
|choice|*move 1|*
|choice|move thousandarrows|move toxic
|
|move|p1a: Zygarde|Thousand Arrows|p2a: Heatran
|-supereffective|p2a: Heatran
|-damage|p2a: Heatran|0 fnt
|faint|p2a: Heatran
|
|upkeep
|choice|*|*switch 2
|choice||switch 2
|
|switch|p2a: Greninja|Greninja, M|285\/285
|turn|24
|choice|*|*move 4
|choice|*move 4 zmove|*
|choice|move irontail zmove|move icebeam
|
|-zpower|p1a: Zygarde
|move|p1a: Zygarde|Corkscrew Crash|p2a: Greninja|[zeffect]
|-resisted|p2a: Greninja
|-damage|p2a: Greninja|87\/285
|move|p2a: Greninja|Ice Beam|p1a: Zygarde
|-supereffective|p1a: Zygarde
|-damage|p1a: Zygarde|0 fnt
|faint|p1a: Zygarde
|-activate|p2a: Greninja|ability: Battle Bond
|detailschange|p2a: Greninja|Greninja-Ash, M
|
|upkeep
|choice|*switch 3|*
|choice|switch 3|
|
|switch|p1a: Victini|Victini|269\/341
|-damage|p1a: Victini|184\/341|[from] Stealth Rock
|turn|25
|choice|*|*switch 4
|choice|*|*switch 4
|choice|*move 4|*
|choice|move uturn|switch 4
|
|switch|p2a: Jirachi|Jirachi|284\/341
|move|p1a: Victini|U-turn|p2a: Jirachi
|-damage|p2a: Jirachi|215\/341
|choice|*switch 2|*
|choice|switch 2|
|
|switch|p1a: Celesteela|Celesteela|392\/398|[from]move: U-turn
|-damage|p1a: Celesteela|343\/398|[from] Stealth Rock
|
|-heal|p1a: Celesteela|367\/398|[from] item: Leftovers
|upkeep
|turn|26
|choice|*move 1|*
|choice|*|*move 4
|choice|move leechseed|move firepunch
|
|move|p2a: Jirachi|Fire Punch|p1a: Celesteela
|-supereffective|p1a: Celesteela
|-damage|p1a: Celesteela|233\/398
|move|p1a: Celesteela|Leech Seed|p2a: Jirachi
|-start|p2a: Jirachi|move: Leech Seed
|
|-heal|p1a: Celesteela|257\/398|[from] item: Leftovers
|-damage|p2a: Jirachi|173\/341|[from] Leech Seed|[of] p1a: Celesteela
|-heal|p1a: Celesteela|299\/398|[silent]
|upkeep
|turn|27
|choice|*|*switch 4
|choice|*move 2|*
|choice|move protect|switch 4
|
|switch|p2a: Greninja|Greninja-Ash, M|87\/285
|move|p1a: Celesteela|Protect|p1a: Celesteela
|-fail|p1a: Celesteela
|
|-heal|p1a: Celesteela|323\/398|[from] item: Leftovers
|upkeep
|turn|28
|choice|*move 4|*
|choice|*|*move 1
|choice|move heavyslam|move surf
|
|move|p2a: Greninja|Surf|p1a: Celesteela
|-damage|p1a: Celesteela|113\/398
|move|p1a: Celesteela|Heavy Slam|p2a: Greninja
|-resisted|p2a: Greninja
|-crit|p2a: Greninja
|-damage|p2a: Greninja|0 fnt
|faint|p2a: Greninja
|-ability|p1a: Celesteela|Beast Boost|boost
|-boost|p1a: Celesteela|spd|1
|
|-heal|p1a: Celesteela|137\/398|[from] item: Leftovers
|upkeep
|choice|*|*switch 6
|choice||switch 6
|
|switch|p2a: Medicham|Medicham-Mega, F|42\/261
|turn|29
|choice|*move 2|*
|choice|*|*move 3
|choice|move protect|move icepunch
|
|move|p1a: Celesteela|Protect|p1a: Celesteela
|-singleturn|p1a: Celesteela|Protect
|move|p2a: Medicham|Ice Punch|p1a: Celesteela
|-activate|p1a: Celesteela|move: Protect
|
|-heal|p1a: Celesteela|161\/398|[from] item: Leftovers
|upkeep
|turn|30
|choice|*|*move 1
|choice|*move 4|*
|choice|move heavyslam|move highjumpkick
|
|move|p2a: Medicham|High Jump Kick|p1a: Celesteela
|-damage|p1a: Celesteela|0 fnt
|faint|p1a: Celesteela
|
|upkeep
|choice|*switch 2|*
|choice|switch 2|
|
|switch|p1a: Victini|Victini|184\/341
|-damage|p1a: Victini|99\/341|[from] Stealth Rock
|turn|31
|choice|*move 4|*
|choice|*|*move 4
|choice|move uturn|move zenheadbutt
|
|move|p1a: Victini|U-turn|p2a: Medicham
|-damage|p2a: Medicham|0 fnt
|faint|p2a: Medicham
|choice|*switch 6|*
|choice|switch 6|
|
|switch|p1a: Chansey|Chansey, F, shiny|703\/703|[from]move: U-turn
|-damage|p1a: Chansey|616\/703|[from] Stealth Rock
|
|upkeep
|choice|*|*switch 4
|choice||switch 4
|
|switch|p2a: Jirachi|Jirachi|173\/341
|turn|32
|choice|*|*move 1
|choice|*move 4|*
|choice|move seismictoss|move ironhead
|
|move|p2a: Jirachi|Iron Head|p1a: Chansey
|-damage|p1a: Chansey|466\/703
|move|p1a: Chansey|Seismic Toss|p2a: Jirachi
|-damage|p2a: Jirachi|73\/341
|
|upkeep
|turn|33
|choice|*move 4|*
|choice|*|*move 1
|choice|move seismictoss|move ironhead
|
|move|p2a: Jirachi|Iron Head|p1a: Chansey
|-damage|p1a: Chansey|301\/703
|cant|p1a: Chansey|flinch
|
|upkeep
|turn|34
|choice|*|*move 1
|choice|*move 3|*
|choice|move softboiled|move ironhead
|
|move|p2a: Jirachi|Iron Head|p1a: Chansey
|-damage|p1a: Chansey|154\/703
|move|p1a: Chansey|Soft-Boiled|p1a: Chansey
|-heal|p1a: Chansey|506\/703
|
|upkeep
|turn|35
|choice|*move 4|*
|choice|*|*move 1
|choice|move seismictoss|move ironhead
|
|move|p2a: Jirachi|Iron Head|p1a: Chansey
|-damage|p1a: Chansey|335\/703
|move|p1a: Chansey|Seismic Toss|p2a: Jirachi
|-damage|p2a: Jirachi|0 fnt
|faint|p2a: Jirachi
|
|win|불장난 David K17
|c|☆dark plunky|q cosa
|c|☆dark plunky|a mi me matan
|c|☆dark plunky|con flicnhs
|c|☆dark plunky|flinchs
|c|☆dark plunky|y yo apenas hago uno
|c|☆dark plunky|sad night
</script>
</div>
<div class="battle-log battle-log-inline"><div class="inner"><div class="battle-options"></div><div class="inner"><div class=""><small>Format:</small> <br><strong>OU</strong></div><div class=""><small><em>Cláusula-Mod de Dormir:</em> solo puedes dormir a uno de tus oponentes a la vez.</small></div><div class=""><small><em>Cláusula de Especie:</em> Hasta un Pokémon de cada especie</small></div><div class=""><small><em>Cláusula de Golpe Fulminante:</em> los movimientos fulminantes (OHKO) estan prohibidos</small></div><div class=""><small><em>Cláusula de Veleta:</em> la habilidad Veleta está prohibida</small></div><div class=""><small><em>Cláusula de Movimientos Evasivos:</em> los movimientos de Evasión están prohibidos.</small></div><div class=""><small><em>Cláusula de Batallas Eternas:</em> forzar batallas eternas está prohibido</small></div><div class="chat battle-history"><strong>불장난 David K17's team:</strong> <em style="color:#445566;display:block;">Medicham / Celesteela / Tapu Fini / Zygarde / Victini / Chansey</em></div><div class="chat battle-history"><strong>dark plunky's team:</strong> <em style="color:#445566;display:block;">Medicham / Greninja / Amoonguss / Heatran / Jirachi / Landorus-Therian</em></div><div class="spacer battle-history"><br></div><div class="battle-history">Battle started between 불장난 David K17 and dark plunky!<br></div><div class="spacer battle-history"><br></div><div class="battle-history">Go! <strong>Tapu Fini</strong>!<br></div><div class="spacer battle-history"><br></div><div class="battle-history">dark plunky sent out <strong>Jirachi</strong>!<br></div><div class="battle-history"><small>[Tapu Fini's Misty Surge]</small><br><small>Mist swirls around the battlefield!</small><br></div><div class="spacer battle-history"><br></div><h2 class="battle-history">Turn 1</h2><div class="spacer battle-history"><br></div><div class="battle-history">Tapu Fini, come back!<br></div><div class="battle-history">Go! <strong>Victini</strong>!<br></div><div class="spacer battle-history"><br></div><div class="battle-history">The opposing Jirachi used <strong>U-turn</strong>!<br></div><div class="battle-history"><small>(Victini lost <abbr title="−72/341">21.1%</abbr> of its health!)</small><br></div><div class="spacer battle-history"><br></div><div class="battle-history">The opposing Jirachi went back to dark plunky!<br></div><div class="battle-history">dark plunky sent out Landorus (<strong>Landorus-Therian</strong>)!<br></div><div class="battle-history"><small>[The opposing Landorus's Intimidate]</small><br></div><div class="battle-history"><small>Victini's Attack fell!</small><br></div><div class="spacer battle-history"><br></div><h2 class="battle-history">Turn 2</h2><div class="spacer battle-history"><br></div><div class="battle-history">Victini, come back!<br></div><div class="battle-history">Go! <strong>Tapu Fini</strong>!<br></div><div class="spacer battle-history"><br></div><div class="battle-history">The opposing Landorus used <strong>U-turn</strong>!<br></div><div class="battle-history"><small>It's not very effective...</small><br></div><div class="battle-history"><small>A critical hit!</small><br></div><div class="battle-history"><small>(Tapu Fini lost <abbr title="−53/344">15.4%</abbr> of its health!)</small><br></div><div class="spacer battle-history"><br></div><div class="battle-history">The opposing Landorus went back to dark plunky!<br></div><div class="battle-history">dark plunky sent out <strong>Amoonguss</strong>!<br></div><div class="spacer battle-history"><br></div><div class="battle-history"><small>Tapu Fini restored a little HP using its Leftovers!</small><br></div><div class="spacer battle-history"><br></div><h2 class="battle-history">Turn 3</h2><div class="spacer battle-history"><br></div><div class="battle-history">dark plunky withdrew Amoonguss!<br></div><div class="battle-history">dark plunky sent out <strong>Jirachi</strong>!<br></div><div class="spacer battle-history"><br></div><div class="battle-history">Tapu Fini used <strong>Taunt</strong>!<br></div><div class="battle-history"><small>The opposing Jirachi fell for the taunt!</small><br></div><div class="spacer battle-history"><br></div><div class="battle-history"><small>Tapu Fini restored a little HP using its Leftovers!</small><br></div><div class="spacer battle-history"><br></div><h2 class="battle-history">Turn 4</h2><div class="spacer battle-history"><br></div><div class="battle-history">The opposing Jirachi used <strong>U-turn</strong>!<br></div><div class="battle-history"><small>It's not very effective...</small><br></div><div class="battle-history"><small>(Tapu Fini lost <abbr title="−34/344">9.9%</abbr> of its health!)</small><br></div><div class="spacer battle-history"><br></div><div class="battle-history">The opposing Jirachi went back to dark plunky!<br></div><div class="battle-history">dark plunky sent out <strong>Amoonguss</strong>!<br></div><div class="spacer battle-history"><br></div><div class="battle-history">Tapu Fini used <strong>Scald</strong>!<br></div><div class="battle-history"><small>It's not very effective...</small><br></div><div class="battle-history"><small>(The opposing Amoonguss lost <abbr title="−27/431">6.3%</abbr> of its health!)</small><br></div><div class="spacer battle-history"><br></div><div class="battle-history"><small>Tapu Fini restored a little HP using its Leftovers!</small><br></div><div class="spacer battle-history"><br></div><h2 class="battle-history">Turn 5</h2><div class="spacer battle-history"><br></div><div class="battle-history">dark plunky withdrew Amoonguss!<br></div><div class="battle-history">dark plunky sent out <strong>Jirachi</strong>!<br></div><div class="spacer battle-history"><br></div><div class="battle-history">Tapu Fini used <strong>Taunt</strong>!<br></div><div class="battle-history"><small>The opposing Jirachi fell for the taunt!</small><br></div><div class="spacer battle-history"><br></div><div class="battle-history"><small>Tapu Fini restored a little HP using its Leftovers!</small><br></div><div class="battle-history"><small>The mist disappeared from the battlefield.</small><br></div><div class="spacer battle-history"><br></div><h2 class="battle-history">Turn 6</h2><div class="spacer battle-history"><br></div><div class="battle-history">Tapu Fini, come back!<br></div><div class="battle-history">Go! <strong>Celesteela</strong>!<br></div><div class="spacer battle-history"><br></div><div class="battle-history">The opposing Jirachi used <strong>Iron Head</strong>!<br></div><div class="battle-history"><small>It's not very effective...</small><br></div><div class="battle-history"><small>(Celesteela lost <abbr title="−54/398">13.6%</abbr> of its health!)</small><br></div><div class="spacer battle-history"><br></div><div class="battle-history"><small>Celesteela restored a little HP using its Leftovers!</small><br></div><div class="spacer battle-history"><br></div><h2 class="battle-history">Turn 7</h2><div class="spacer battle-history"><br></div><div class="battle-history">dark plunky withdrew Jirachi!<br></div><div class="battle-history">dark plunky sent out <strong>Heatran</strong>!<br></div><div class="spacer battle-history"><br></div><div class="battle-history">Celesteela used <strong>Flamethrower</strong>!<br></div><div class="battle-history"><small>[The opposing Heatran's Flash Fire]</small><br><small>The power of the opposing Heatran's Fire-type moves rose!</small><br></div><div class="spacer battle-history"><br></div><div class="battle-history"><small>Celesteela restored a little HP using its Leftovers!</small><br></div><div class="spacer battle-history"><br></div><h2 class="battle-history">Turn 8</h2><div class="spacer battle-history"><br></div><div class="battle-history">Celesteela, come back!<br></div><div class="battle-history">Go! <strong>Tapu Fini</strong>!<br></div><div class="battle-history"><small>[Tapu Fini's Misty Surge]</small><br><small>Mist swirls around the battlefield!</small><br></div><div class="spacer battle-history"><br></div><div class="battle-history">The opposing Heatran used <strong>Toxic</strong>!<br></div><div class="battle-history"><small>Tapu Fini surrounds itself with a protective mist!</small><br></div><div class="spacer battle-history"><br></div><div class="battle-history"><small>Tapu Fini restored a little HP using its Leftovers!</small><br></div><div class="spacer battle-history"><br></div><h2 class="battle-history">Turn 9</h2><div class="chat chatmessage-darkplunky"><strong style="color:hsl(345,85%,49%)"><small>☆</small><span class="username" data-name="dark plunky">dark plunky</span>:</strong> <em>sad</em></div><div class="spacer battle-history"><br></div><div class="battle-history">The opposing Heatran used <strong>Stealth Rock</strong>!<br></div><div class="battle-history"><small>Pointed stones float in the air around your team!</small><br></div><div class="spacer battle-history"><br></div><div class="battle-history">Tapu Fini used <strong>Scald</strong>!<br></div><div class="battle-history"><small>It's super effective!</small><br></div><div class="battle-history"><small>(The opposing Heatran lost <abbr title="−158/324">48.8%</abbr> of its health!)</small><br></div><div class="spacer battle-history"><br></div><div class="battle-history"><small>The opposing Heatran restored a little HP using its Leftovers!</small><br></div><div class="spacer battle-history"><br></div><h2 class="battle-history">Turn 10</h2><div class="spacer battle-history"><br></div><div class="battle-history">dark plunky withdrew Heatran!<br></div><div class="battle-history">dark plunky sent out <strong>Amoonguss</strong>!<br></div><div class="spacer battle-history"><br></div><div class="battle-history">Tapu Fini used <strong>Defog</strong>!<br></div><div class="battle-history"><small>The opposing Amoonguss's evasiveness fell!</small><br></div><div class="battle-history"><small>The pointed stones disappeared from around your team!</small><br></div><div class="spacer battle-history"><br></div><h2 class="battle-history">Turn 11</h2><div class="spacer battle-history"><br></div><div class="battle-history">Tapu Fini, come back!<br></div><div class="battle-history">Go! <strong>Medicham</strong>!<br></div><div class="spacer battle-history"><br></div><div class="battle-history">The opposing Amoonguss used <strong>Sludge Bomb</strong>!<br></div><div class="battle-history"><small>(Medicham lost <abbr title="−118/261">45.2%</abbr> of its health!)</small><br></div><div class="spacer battle-history"><br></div><h2 class="battle-history">Turn 12</h2><div class="spacer battle-history"><br></div><div class="battle-history">dark plunky withdrew Amoonguss!<br></div><div class="battle-history">dark plunky sent out <strong>Jirachi</strong>!<br></div><div class="spacer battle-history"><br></div><div class="battle-history"><small>Medicham's Medichamite is reacting to the Key Stone!</small><br>Medicham has Mega Evolved into Mega Medicham!<br></div><div class="spacer battle-history"><br></div><div class="battle-history">Medicham used <strong>Zen Headbutt</strong>!<br></div><div class="battle-history"><small>It's not very effective...</small><br></div><div class="battle-history"><small>(The opposing Jirachi lost <abbr title="−57/341">16.7%</abbr> of its health!)</small><br></div><div class="spacer battle-history"><br></div><div class="battle-history"><small>The mist disappeared from the battlefield.</small><br></div><div class="spacer battle-history"><br></div><h2 class="battle-history">Turn 13</h2><div class="spacer battle-history"><br></div><div class="battle-history">Medicham, come back!<br></div><div class="battle-history">Go! <strong>Zygarde</strong>!<br></div><div class="battle-history"><small>[Zygarde's Aura Break]</small><br><small>Zygarde reversed all other Pokémon's auras!</small><br></div><div class="spacer battle-history"><br></div><div class="battle-history">The opposing Jirachi used <strong>Iron Head</strong>!<br></div><div class="battle-history"><small>(Zygarde lost <abbr title="−93/357">26.1%</abbr> of its health!)</small><br></div><div class="spacer battle-history"><br></div><h2 class="battle-history">Turn 14</h2><div class="spacer battle-history"><br></div><div class="battle-history">dark plunky withdrew Jirachi!<br></div><div class="battle-history">dark plunky sent out Landorus (<strong>Landorus-Therian</strong>)!<br></div><div class="battle-history"><small>[The opposing Landorus's Intimidate]</small><br></div><div class="battle-history"><small>Zygarde's Attack fell!</small><br></div><div class="spacer battle-history"><br></div><div class="battle-history">Zygarde used <strong>Dragon Dance</strong>!<br></div><div class="battle-history"><small>Zygarde's Attack rose!</small><br></div><div class="battle-history"><small>Zygarde's Speed rose!</small><br></div><div class="spacer battle-history"><br></div><h2 class="battle-history">Turn 15</h2><div class="spacer battle-history"><br></div><div class="battle-history">Zygarde, come back!<br></div><div class="battle-history">Go! <strong>Tapu Fini</strong>!<br></div><div class="battle-history"><small>[Tapu Fini's Misty Surge]</small><br><small>Mist swirls around the battlefield!</small><br></div><div class="spacer battle-history"><br></div><div class="battle-history">The opposing Landorus used <strong>Earthquake</strong>!<br></div><div class="battle-history"><small>(Tapu Fini lost <abbr title="−151/344">43.9%</abbr> of its health!)</small><br></div><div class="spacer battle-history"><br></div><div class="battle-history"><small>Tapu Fini restored a little HP using its Leftovers!</small><br></div><div class="spacer battle-history"><br></div><h2 class="battle-history">Turn 16</h2><div class="spacer battle-history"><br></div><div class="battle-history"><small>The opposing Landorus surrounded itself with its Z-Power!</small><br></div><div class="spacer battle-history"><br></div><div class="battle-history">The opposing Landorus used <strong>Supersonic Skystrike</strong>!<br></div><div class="battle-history"><small>(Tapu Fini lost <abbr title="−214/344">62.2%</abbr> of its health!)</small><br></div><div class="spacer battle-history"><br></div><div class="battle-history">Tapu Fini fainted!<br></div><div class="spacer battle-history"><br></div><div class="battle-history">Go! Medicham (<strong>Medicham-Mega</strong>)!<br></div><div class="spacer battle-history"><br></div><h2 class="battle-history">Turn 17</h2><div class="spacer battle-history"><br></div><div class="battle-history">Medicham used <strong>Ice Punch</strong>!<br></div><div class="battle-history"><small>It's super effective!</small><br></div><div class="battle-history"><small>(The opposing Landorus lost <abbr title="−381/381">100%</abbr> of its health!)</small><br></div><div class="spacer battle-history"><br></div><div class="battle-history">The opposing Landorus fainted!<br></div><div class="spacer battle-history"><br></div><div class="battle-history">dark plunky sent out <strong>Jirachi</strong>!<br></div><div class="spacer battle-history"><br></div><h2 class="battle-history">Turn 18</h2><div class="spacer battle-history"><br></div><div class="battle-history">The opposing Jirachi used <strong>U-turn</strong>!<br></div><div class="battle-history"><small>(Medicham lost <abbr title="−79/261">30.3%</abbr> of its health!)</small><br></div><div class="spacer battle-history"><br></div><div class="battle-history">The opposing Jirachi went back to dark plunky!<br></div><div class="battle-history">dark plunky sent out <strong>Amoonguss</strong>!<br></div><div class="spacer battle-history"><br></div><div class="battle-history">Medicham used <strong>High Jump Kick</strong>!<br></div><div class="battle-history"><small>It's not very effective...</small><br></div><div class="battle-history"><small>A critical hit!</small><br></div><div class="battle-history"><small>(The opposing Amoonguss lost <abbr title="−380/431">88.2%</abbr> of its health!)</small><br></div><div class="spacer battle-history"><br></div><h2 class="battle-history">Turn 19</h2><div class="spacer battle-history"><br></div><div class="battle-history">Medicham used <strong>Ice Punch</strong>!<br></div><div class="battle-history"><small>It's super effective!</small><br></div><div class="battle-history"><small>(The opposing Amoonguss lost <abbr title="−51/431">11.8%</abbr> of its health!)</small><br></div><div class="spacer battle-history"><br></div><div class="battle-history">The opposing Amoonguss fainted!<br></div><div class="spacer battle-history"><br></div><div class="battle-history"><small>The mist disappeared from the battlefield.</small><br></div><div class="spacer battle-history"><br></div><div class="battle-history">dark plunky sent out <strong>Medicham</strong>!<br></div><div class="spacer battle-history"><br></div><h2 class="battle-history">Turn 20</h2><div class="chat chatmessage-makesuit"><strong style="color:hsl(57,64%,37%)"><small> </small><span class="username" data-name="Makesuit">Makesuit</span>:</strong> <em>jai shamp</em></div><div class="spacer battle-history"><br></div><div class="battle-history"><small>The opposing Medicham's Medichamite is reacting to the Key Stone!</small><br>The opposing Medicham has Mega Evolved into Mega Medicham!<br></div><div class="spacer battle-history"><br></div><div class="battle-history">Medicham used <strong>High Jump Kick</strong>!<br></div><div class="battle-history"><small>It's not very effective...</small><br></div><div class="battle-history"><small>(The opposing Medicham lost <abbr title="−219/261">83.9%</abbr> of its health!)</small><br></div><div class="spacer battle-history"><br></div><div class="battle-history">The opposing Medicham used <strong>High Jump Kick</strong>!<br></div><div class="battle-history"><small>It's not very effective...</small><br></div><div class="battle-history"><small>(Medicham lost <abbr title="−64/261">24.5%</abbr> of its health!)</small><br></div><div class="spacer battle-history"><br></div><div class="battle-history">Medicham fainted!<br></div><div class="spacer battle-history"><br></div><div class="battle-history">Go! <strong>Victini</strong>!<br></div><div class="spacer battle-history"><br></div><h2 class="battle-history">Turn 21</h2><div class="spacer battle-history"><br></div><div class="battle-history">dark plunky withdrew Medicham!<br></div><div class="battle-history">dark plunky sent out <strong>Heatran</strong>!<br></div><div class="spacer battle-history"><br></div><div class="battle-history">Victini used <strong>U-turn</strong>!<br></div><div class="battle-history"><small>It's not very effective...</small><br></div><div class="battle-history"><small>(The opposing Heatran lost <abbr title="−16/324">4.9%</abbr> of its health!)</small><br></div><div class="spacer battle-history"><br></div><div class="battle-history">Victini went back to 불장난 David K17!<br></div><div class="battle-history">Go! <strong>Zygarde</strong>!<br></div><div class="battle-history"><small>[Zygarde's Aura Break]</small><br><small>Zygarde reversed all other Pokémon's auras!</small><br></div><div class="spacer battle-history"><br></div><div class="battle-history"><small>The opposing Heatran restored a little HP using its Leftovers!</small><br></div><div class="spacer battle-history"><br></div><h2 class="battle-history">Turn 22</h2><div class="spacer battle-history"><br></div><div class="battle-history">Zygarde used <strong>Dragon Dance</strong>!<br></div><div class="battle-history"><small>Zygarde's Attack rose!</small><br></div><div class="battle-history"><small>Zygarde's Speed rose!</small><br></div><div class="spacer battle-history"><br></div><div class="battle-history">The opposing Heatran used <strong>Stealth Rock</strong>!<br></div><div class="battle-history"><small>Pointed stones float in the air around your team!</small><br></div><div class="spacer battle-history"><br></div><div class="battle-history"><small>The opposing Heatran restored a little HP using its Leftovers!</small><br></div><div class="spacer battle-history"><br></div><h2 class="battle-history">Turn 23</h2><div class="spacer battle-history"><br></div><div class="battle-history">Zygarde used <strong>Thousand Arrows</strong>!<br></div><div class="battle-history"><small>It's super effective!</small><br></div><div class="battle-history"><small>(The opposing Heatran lost <abbr title="−210/324">64.8%</abbr> of its health!)</small><br></div><div class="spacer battle-history"><br></div><div class="battle-history">The opposing Heatran fainted!<br></div><div class="spacer battle-history"><br></div><div class="battle-history">dark plunky sent out <strong>Greninja</strong>!<br></div><div class="spacer battle-history"><br></div><h2 class="battle-history">Turn 24</h2><div class="spacer battle-history"><br></div><div class="battle-history"><small>Zygarde surrounded itself with its Z-Power!</small><br></div><div class="spacer battle-history"><br></div><div class="battle-history">Zygarde used <strong>Corkscrew Crash</strong>!<br></div><div class="battle-history"><small>It's not very effective...</small><br></div><div class="battle-history"><small>(The opposing Greninja lost <abbr title="−198/285">69.5%</abbr> of its health!)</small><br></div><div class="spacer battle-history"><br></div><div class="battle-history">The opposing Greninja used <strong>Ice Beam</strong>!<br></div><div class="battle-history"><small>It's super effective!</small><br></div><div class="battle-history"><small>(Zygarde lost <abbr title="−264/357">73.9%</abbr> of its health!)</small><br></div><div class="spacer battle-history"><br></div><div class="battle-history">Zygarde fainted!<br></div><div class="battle-history"><small>[The opposing Greninja's Battle Bond]</small><br><small>The opposing Greninja became fully charged due to its bond with its Trainer!</small><br></div><div class="battle-history">The opposing Greninja became Ash-Greninja!<br></div><div class="spacer battle-history"><br></div><div class="battle-history">Go! <strong>Victini</strong>!<br></div><div class="battle-history"><small>Pointed stones dug into Victini!</small><br></div><div class="spacer battle-history"><br></div><h2 class="battle-history">Turn 25</h2><div class="spacer battle-history"><br></div><div class="battle-history">dark plunky withdrew Greninja!<br></div><div class="battle-history">dark plunky sent out <strong>Jirachi</strong>!<br></div><div class="spacer battle-history"><br></div><div class="battle-history">Victini used <strong>U-turn</strong>!<br></div><div class="battle-history"><small>(The opposing Jirachi lost <abbr title="−69/341">20.2%</abbr> of its health!)</small><br></div><div class="spacer battle-history"><br></div><div class="battle-history">Victini went back to 불장난 David K17!<br></div><div class="battle-history">Go! <strong>Celesteela</strong>!<br></div><div class="battle-history"><small>Pointed stones dug into Celesteela!</small><br></div><div class="spacer battle-history"><br></div><div class="battle-history"><small>Celesteela restored a little HP using its Leftovers!</small><br></div><div class="spacer battle-history"><br></div><h2 class="battle-history">Turn 26</h2><div class="spacer battle-history"><br></div><div class="battle-history">The opposing Jirachi used <strong>Fire Punch</strong>!<br></div><div class="battle-history"><small>It's super effective!</small><br></div><div class="battle-history"><small>(Celesteela lost <abbr title="−134/398">33.7%</abbr> of its health!)</small><br></div><div class="spacer battle-history"><br></div><div class="battle-history">Celesteela used <strong>Leech Seed</strong>!<br></div><div class="battle-history"><small>The opposing Jirachi was seeded!</small><br></div><div class="spacer battle-history"><br></div><div class="battle-history"><small>Celesteela restored a little HP using its Leftovers!</small><br></div><div class="battle-history"><small>The opposing Jirachi's health is sapped by Leech Seed!</small><br></div><div class="spacer battle-history"><br></div><h2 class="battle-history">Turn 27</h2><div class="spacer battle-history"><br></div><div class="battle-history">dark plunky withdrew Jirachi!<br></div><div class="battle-history">dark plunky sent out Greninja (<strong>Greninja-Ash</strong>)!<br></div><div class="spacer battle-history"><br></div><div class="battle-history">Celesteela used <strong>Protect</strong>!<br></div><div class="battle-history"><small>But it failed!</small><br></div><div class="spacer battle-history"><br></div><div class="battle-history"><small>Celesteela restored a little HP using its Leftovers!</small><br></div><div class="spacer battle-history"><br></div><h2 class="battle-history">Turn 28</h2><div class="spacer battle-history"><br></div><div class="battle-history">The opposing Greninja used <strong>Surf</strong>!<br></div><div class="battle-history"><small>(Celesteela lost <abbr title="−210/398">52.8%</abbr> of its health!)</small><br></div><div class="spacer battle-history"><br></div><div class="battle-history">Celesteela used <strong>Heavy Slam</strong>!<br></div><div class="battle-history"><small>It's not very effective...</small><br></div><div class="battle-history"><small>A critical hit!</small><br></div><div class="battle-history"><small>(The opposing Greninja lost <abbr title="−87/285">30.5%</abbr> of its health!)</small><br></div><div class="spacer battle-history"><br></div><div class="battle-history">The opposing Greninja fainted!<br></div><div class="battle-history"><small>[Celesteela's Beast Boost]</small><br></div><div class="battle-history"><small>Celesteela's Special Defense rose!</small><br></div><div class="spacer battle-history"><br></div><div class="battle-history"><small>Celesteela restored a little HP using its Leftovers!</small><br></div><div class="spacer battle-history"><br></div><div class="battle-history">dark plunky sent out Medicham (<strong>Medicham-Mega</strong>)!<br></div><div class="spacer battle-history"><br></div><h2 class="battle-history">Turn 29</h2><div class="spacer battle-history"><br></div><div class="battle-history">Celesteela used <strong>Protect</strong>!<br></div><div class="battle-history"><small>Celesteela protected itself!</small><br></div><div class="spacer battle-history"><br></div><div class="battle-history">The opposing Medicham used <strong>Ice Punch</strong>!<br></div><div class="battle-history"><small>Celesteela protected itself!</small><br></div><div class="spacer battle-history"><br></div><div class="battle-history"><small>Celesteela restored a little HP using its Leftovers!</small><br></div><div class="spacer battle-history"><br></div><h2 class="battle-history">Turn 30</h2><div class="spacer battle-history"><br></div><div class="battle-history">The opposing Medicham used <strong>High Jump Kick</strong>!<br></div><div class="battle-history"><small>(Celesteela lost <abbr title="−161/398">40.5%</abbr> of its health!)</small><br></div><div class="spacer battle-history"><br></div><div class="battle-history">Celesteela fainted!<br></div><div class="spacer battle-history"><br></div><div class="battle-history">Go! <strong>Victini</strong>!<br></div><div class="battle-history"><small>Pointed stones dug into Victini!</small><br></div><div class="spacer battle-history"><br></div><h2 class="battle-history">Turn 31</h2><div class="spacer battle-history"><br></div><div class="battle-history">Victini used <strong>U-turn</strong>!<br></div><div class="battle-history"><small>(The opposing Medicham lost <abbr title="−42/261">16.1%</abbr> of its health!)</small><br></div><div class="spacer battle-history"><br></div><div class="battle-history">The opposing Medicham fainted!<br></div><div class="spacer battle-history"><br></div><div class="battle-history">Victini went back to 불장난 David K17!<br></div><div class="battle-history">Go! <strong>Chansey</strong>!<br></div><div class="battle-history"><small>Pointed stones dug into Chansey!</small><br></div><div class="spacer battle-history"><br></div><div class="battle-history">dark plunky sent out <strong>Jirachi</strong>!<br></div><div class="spacer battle-history"><br></div><h2 class="battle-history">Turn 32</h2><div class="spacer battle-history"><br></div><div class="battle-history">The opposing Jirachi used <strong>Iron Head</strong>!<br></div><div class="battle-history"><small>(Chansey lost <abbr title="−150/703">21.3%</abbr> of its health!)</small><br></div><div class="spacer battle-history"><br></div><div class="battle-history">Chansey used <strong>Seismic Toss</strong>!<br></div><div class="battle-history"><small>(The opposing Jirachi lost <abbr title="−100/341">29.3%</abbr> of its health!)</small><br></div><div class="spacer battle-history"><br></div><h2 class="battle-history">Turn 33</h2><div class="spacer battle-history"><br></div><div class="battle-history">The opposing Jirachi used <strong>Iron Head</strong>!<br></div><div class="battle-history"><small>(Chansey lost <abbr title="−165/703">23.5%</abbr> of its health!)</small><br></div><div class="spacer battle-history"><br></div><div class="battle-history">Chansey flinched and couldn't move!<br></div><div class="spacer battle-history"><br></div><h2 class="battle-history">Turn 34</h2><div class="spacer battle-history"><br></div><div class="battle-history">The opposing Jirachi used <strong>Iron Head</strong>!<br></div><div class="battle-history"><small>(Chansey lost <abbr title="−147/703">20.9%</abbr> of its health!)</small><br></div><div class="spacer battle-history"><br></div><div class="battle-history">Chansey used <strong>Soft-Boiled</strong>!<br></div><div class="battle-history"><small>Chansey restored its HP.</small><br></div><div class="spacer battle-history"><br></div><h2 class="battle-history">Turn 35</h2><div class="spacer battle-history"><br></div><div class="battle-history">The opposing Jirachi used <strong>Iron Head</strong>!<br></div><div class="battle-history"><small>(Chansey lost <abbr title="−171/703">24.3%</abbr> of its health!)</small><br></div><div class="spacer battle-history"><br></div><div class="battle-history">Chansey used <strong>Seismic Toss</strong>!<br></div><div class="battle-history"><small>(The opposing Jirachi lost <abbr title="−73/341">21.4%</abbr> of its health!)</small><br></div><div class="spacer battle-history"><br></div><div class="battle-history">The opposing Jirachi fainted!<br></div><div class="spacer battle-history"><br></div><div class="battle-history"><strong>불장난 David K17</strong> won the battle!<br></div><div class="chat chatmessage-darkplunky"><strong style="color:hsl(345,85%,49%)"><small>☆</small><span class="username" data-name="dark plunky">dark plunky</span>:</strong> <em>q cosa</em></div><div class="chat chatmessage-darkplunky"><strong style="color:hsl(345,85%,49%)"><small>☆</small><span class="username" data-name="dark plunky">dark plunky</span>:</strong> <em>a mi me matan</em></div><div class="chat chatmessage-darkplunky"><strong style="color:hsl(345,85%,49%)"><small>☆</small><span class="username" data-name="dark plunky">dark plunky</span>:</strong> <em>con flicnhs</em></div><div class="chat chatmessage-darkplunky"><strong style="color:hsl(345,85%,49%)"><small>☆</small><span class="username" data-name="dark plunky">dark plunky</span>:</strong> <em>flinchs</em></div><div class="chat chatmessage-darkplunky"><strong style="color:hsl(345,85%,49%)"><small>☆</small><span class="username" data-name="dark plunky">dark plunky</span>:</strong> <em>y yo apenas hago uno</em></div><div class="chat chatmessage-darkplunky"><strong style="color:hsl(345,85%,49%)"><small>☆</small><span class="username" data-name="dark plunky">dark plunky</span>:</strong> <em>sad night</em></div></div><div class="inner-preempt"></div></div></div>
</div>
<script>
let daily = Math.floor(Date.now()/1000/60/60/24);document.write('<script src="https://play.pokemonshowdown.com/js/replay-embed.js?version'+daily+'"></'+'script>');
</script>
