<!DOCTYPE html>
<meta charset="utf-8" />
<!-- version 1 -->
<title>OU replay: RayParK_ vs. jules5678</title>
<style>
html,body {font-family:Verdana, sans-serif;font-size:10pt;margin:0;padding:0;}body{padding:12px 0;} .battle-log {font-family:Verdana, sans-serif;font-size:10pt;} .battle-log-inline {border:1px solid #AAAAAA;background:#EEF2F5;color:black;max-width:640px;margin:0 auto 80px;padding-bottom:5px;} .battle-log .inner {padding:4px 8px 0px 8px;} .battle-log .inner-preempt {padding:0 8px 4px 8px;} .battle-log .inner-after {margin-top:0.5em;} .battle-log h2 {margin:0.5em -8px;padding:4px 8px;border:1px solid #AAAAAA;background:#E0E7EA;border-left:0;border-right:0;font-family:Verdana, sans-serif;font-size:13pt;} .battle-log .chat {vertical-align:middle;padding:3px 0 3px 0;font-size:8pt;} .battle-log .chat strong {color:#40576A;} .battle-log .chat em {padding:1px 4px 1px 3px;color:#000000;font-style:normal;} .chat.mine {background:rgba(0,0,0,0.05);margin-left:-8px;margin-right:-8px;padding-left:8px;padding-right:8px;} .spoiler {color:#BBBBBB;background:#BBBBBB;padding:0px 3px;} .spoiler:hover, .spoiler:active, .spoiler-shown {color:#000000;background:#E2E2E2;padding:0px 3px;} .spoiler a {color:#BBBBBB;} .spoiler:hover a, .spoiler:active a, .spoiler-shown a {color:#2288CC;} .chat code, .chat .spoiler:hover code, .chat .spoiler:active code, .chat .spoiler-shown code {border:1px solid #C0C0C0;background:#EEEEEE;color:black;padding:0 2px;} .chat .spoiler code {border:1px solid #CCCCCC;background:#CCCCCC;color:#CCCCCC;} .battle-log .rated {padding:3px 4px;} .battle-log .rated strong {color:white;background:#89A;padding:1px 4px;border-radius:4px;} .spacer {margin-top:0.5em;} .message-announce {background:#6688AA;color:white;padding:1px 4px 2px;} .message-announce a, .broadcast-green a, .broadcast-blue a, .broadcast-red a {color:#DDEEFF;} .broadcast-green {background-color:#559955;color:white;padding:2px 4px;} .broadcast-blue {background-color:#6688AA;color:white;padding:2px 4px;} .infobox {border:1px solid #6688AA;padding:2px 4px;} .infobox-limited {max-height:200px;overflow:auto;overflow-x:hidden;} .broadcast-red {background-color:#AA5544;color:white;padding:2px 4px;} .message-learn-canlearn {font-weight:bold;color:#228822;text-decoration:underline;} .message-learn-cannotlearn {font-weight:bold;color:#CC2222;text-decoration:underline;} .message-effect-weak {font-weight:bold;color:#CC2222;} .message-effect-resist {font-weight:bold;color:#6688AA;} .message-effect-immune {font-weight:bold;color:#666666;} .message-learn-list {margin-top:0;margin-bottom:0;} .message-throttle-notice, .message-error {color:#992222;} .message-overflow, .chat small.message-overflow {font-size:0pt;} .message-overflow::before {font-size:9pt;content:'...';} .subtle {color:#3A4A66;}
</style>
<div class="wrapper replay-wrapper" style="max-width:1180px;margin:0 auto">
<input type="hidden" name="replayid" value="destiny-ou-423191" />
<div class="battle"></div><div class="battle-log"></div><div class="replay-controls"></div><div class="replay-controls-2"></div>
<h1 style="font-weight:normal;text-align:center"><strong>OU</strong><br /><a href="http://pokemonshowdown.com/users/raypark" class="subtle" target="_blank">RayParK_</a> vs. <a href="http://pokemonshowdown.com/users/jules5678" class="subtle" target="_blank">jules5678</a></h1>
<script type="text/plain" class="battle-log-data">|player|p1|RayParK_|101
|teamsize|p1|6
|player|p2|jules5678|jules5678-4.gif?e343db98
|teamsize|p2|6
|teamsize|p1|6
|teamsize|p2|6
|gametype|singles
|gen|7
|tier|OU
|rated
|seed|37852,10771,23998,51662
|rule|Cláusula-Mod de Dormir: solo puedes dormir a uno de tus oponentes a la vez.
|rule|Cláusula de Especie: Hasta un Pokémon de cada especie
|rule|Cláusula de Golpe Fulminante: los movimientos fulminantes (OHKO) estan prohibidos
|rule|Cláusula de Veleta: la habilidad Veleta está prohibida
|rule|Cláusula de Movimientos Evasivos: los movimientos de Evasión están prohibidos.
|rule|Cláusula de Batallas Eternas: forzar batallas eternas está prohibido
|clearpoke
|poke|p1|Pelipper, M|item
|poke|p1|Kingdra, F|item
|poke|p1|Qwilfish, M|item
|poke|p1|Swampert, M|item
|poke|p1|Clefable, F|item
|poke|p1|Ferrothorn, M|item
|poke|p2|Metagross|item
|poke|p2|Medicham, M|item
|poke|p2|Tyranitar, M|item
|poke|p2|Landorus-Therian, M|item
|poke|p2|Chesnaught, F|item
|poke|p2|Tapu Koko|item
|teampreview|undefined
|choice|*|*team 321456
|inactive|Reloj de batalla ENCENDIDO. El jugador inactivo será descalificado (solicitado por jules5678).
|inactive|RayParK_ tiene 135 segundos restantes.
|choice|*team 523416|*
|choice|team 5, 2, 3, 4, 1, 6|team 3, 2, 1, 4, 5, 6
|
|start
|switch|p1a: Clefable|Clefable, F|394\/394
|switch|p2a: Tyranitar|Tyranitar, M|404\/404
|-weather|Sandstorm|[from] ability: Sand Stream|[of] p2a: Tyranitar
|turn|1
|choice|*move 1|*
|choice|*|*move 2
|choice|move stealthrock|move stealthrock
|
|move|p2a: Tyranitar|Stealth Rock|p1a: Clefable
|-sidestart|p1: RayParK_|move: Stealth Rock
|move|p1a: Clefable|Stealth Rock|p2a: Tyranitar
|-sidestart|p2: jules5678|move: Stealth Rock
|
|-weather|Sandstorm|[upkeep]
|upkeep
|turn|2
|choice|*move 2|*
|choice|*|*switch 3
|choice|move thunderwave|switch 3
|
|switch|p2a: Metagross|Metagross|301\/301
|-damage|p2a: Metagross|283\/301|[from] Stealth Rock
|move|p1a: Clefable|Thunder Wave|p2a: Metagross
|-status|p2a: Metagross|par
|
|-weather|Sandstorm|[upkeep]
|upkeep
|turn|3
|choice|*switch 6|*
|choice|*|*move 2
|choice|switch 6|move earthquake
|
|switch|p1a: Ferrothorn|Ferrothorn, M|352\/352
|-damage|p1a: Ferrothorn|330\/352|[from] Stealth Rock
|move|p2a: Metagross|Earthquake|p1a: Ferrothorn
|-damage|p1a: Ferrothorn|256\/352
|
|-weather|Sandstorm|[upkeep]
|upkeep
|turn|4
|choice|*|*move 2
|choice|*switch 5|*
|choice|switch 5|move earthquake
|
|switch|p1a: Pelipper|Pelipper, M|324\/324
|-damage|p1a: Pelipper|243\/324|[from] Stealth Rock
|-weather|RainDance|[from] ability: Drizzle|[of] p1a: Pelipper
|cant|p2a: Metagross|par
|
|-weather|RainDance|[upkeep]
|upkeep
|turn|5
|choice|*|*move 3
|choice|*switch 4|*
|choice|switch 4|move zenheadbutt
|
|switch|p1a: Swampert|Swampert, M|342\/342
|-damage|p1a: Swampert|321\/342|[from] Stealth Rock
|cant|p2a: Metagross|par
|
|-weather|RainDance|[upkeep]
|upkeep
|turn|6
|choice|*|*switch 5
|choice|*move 1 mega|*
|choice|move poweruppunch mega|switch 5
|
|switch|p2a: Chesnaught|Chesnaught, F|379\/379
|-damage|p2a: Chesnaught|356\/379|[from] Stealth Rock
|-mega|p1a: Swampert|Swampert|Swampertite
|detailschange|p1a: Swampert|Swampert-Mega, M
|move|p1a: Swampert|Power-Up Punch|p2a: Chesnaught
|-damage|p2a: Chesnaught|307\/379
|-boost|p1a: Swampert|atk|1
|
|-weather|RainDance|[upkeep]
|-heal|p2a: Chesnaught|330\/379|[from] item: Leftovers
|upkeep
|turn|7
|choice|*|*move 1
|choice|*|*move 1
|choice|*move 4|*
|choice|move icepunch|move drainpunch
|
|move|p1a: Swampert|Ice Punch|p2a: Chesnaught
|-supereffective|p2a: Chesnaught
|-damage|p2a: Chesnaught|76\/379
|move|p2a: Chesnaught|Drain Punch|p1a: Swampert
|-damage|p1a: Swampert|237\/342
|-heal|p2a: Chesnaught|118\/379|[from] drain|[of] p1a: Swampert
|
|-weather|RainDance|[upkeep]
|-heal|p2a: Chesnaught|141\/379|[from] item: Leftovers
|upkeep
|turn|8
|choice|*move 4|*
|choice|*|*switch 5
|choice|move icepunch|switch 5
|
|switch|p2a: Metagross|Metagross|283\/301 par
|-damage|p2a: Metagross|265\/301 par|[from] Stealth Rock
|move|p1a: Swampert|Ice Punch|p2a: Metagross
|-resisted|p2a: Metagross
|-damage|p2a: Metagross|196\/301 par
|
|-weather|RainDance|[upkeep]
|upkeep
|turn|9
|choice|*|*move 3
|choice|*move 3|*
|choice|move waterfall|move zenheadbutt
|
|move|p1a: Swampert|Waterfall|p2a: Metagross
|-damage|p2a: Metagross|0 fnt
|faint|p2a: Metagross
|
|-weather|RainDance|[upkeep]
|upkeep
|choice|*|*switch 4
|choice||switch 4
|
|switch|p2a: Landorus|Landorus-Therian, M|319\/319
|-damage|p2a: Landorus|280\/319|[from] Stealth Rock
|-ability|p2a: Landorus|Intimidate|boost
|-unboost|p1a: Swampert|atk|1
|turn|10
|choice|*move 4|*
|choice|*|*switch 5
|choice|move icepunch|switch 5
|
|switch|p2a: Chesnaught|Chesnaught, F|141\/379
|-damage|p2a: Chesnaught|118\/379|[from] Stealth Rock
|move|p1a: Swampert|Ice Punch|p2a: Chesnaught
|-supereffective|p2a: Chesnaught
|-damage|p2a: Chesnaught|0 fnt
|faint|p2a: Chesnaught
|
|-weather|RainDance|[upkeep]
|upkeep
|c|☆jules5678|op regalando la win
|-message|jules5678 se rindió.
|
|win|RayParK_
RayParK_ ha ganado 6.75 PokeDolares.
|raw|Puntaje de RayParK_: 1408 &rarr; <strong>1427<\/strong><br \/>(+19 por ganar)
|raw|Puntaje de jules5678: 1378 &rarr; <strong>1359<\/strong><br \/>(-19 por perder)
</script>
</div>
<div class="battle-log battle-log-inline"><div class="inner"><div class="battle-options"></div><div class="inner"><div class=""><small>Format:</small> <br><strong>OU</strong></div><div class="rated"><strong>Rated battle</strong></div><div class=""><small><em>Cláusula-Mod de Dormir:</em> solo puedes dormir a uno de tus oponentes a la vez.</small></div><div class=""><small><em>Cláusula de Especie:</em> Hasta un Pokémon de cada especie</small></div><div class=""><small><em>Cláusula de Golpe Fulminante:</em> los movimientos fulminantes (OHKO) estan prohibidos</small></div><div class=""><small><em>Cláusula de Veleta:</em> la habilidad Veleta está prohibida</small></div><div class=""><small><em>Cláusula de Movimientos Evasivos:</em> los movimientos de Evasión están prohibidos.</small></div><div class=""><small><em>Cláusula de Batallas Eternas:</em> forzar batallas eternas está prohibido</small></div><div class="chat battle-history"><strong>RayParK_'s team:</strong> <em style="color:#445566;display:block;">Pelipper / Kingdra / Qwilfish / Swampert / Clefable / Ferrothorn</em></div><div class="chat battle-history"><strong>jules5678's team:</strong> <em style="color:#445566;display:block;">Metagross / Medicham / Tyranitar / Landorus-Therian / Chesnaught / Tapu Koko</em></div><div class="chat message-error">Reloj de batalla ENCENDIDO. El jugador inactivo será descalificado (solicitado por jules5678).</div><div class="chat message-error">RayParK_ tiene 135 segundos restantes.</div><div class="spacer battle-history"><br></div><div class="battle-history">Battle started between RayParK_ and jules5678!<br></div><div class="spacer battle-history"><br></div><div class="battle-history">Go! <strong>Clefable</strong>!<br></div><div class="spacer battle-history"><br></div><div class="battle-history">jules5678 sent out <strong>Tyranitar</strong>!<br></div><div class="battle-history"><small>[The opposing Tyranitar's Sand Stream]</small><br><small>A sandstorm kicked up!</small><br></div><div class="spacer battle-history"><br></div><h2 class="battle-history">Turn 1</h2><div class="spacer battle-history"><br></div><div class="battle-history">The opposing Tyranitar used <strong>Stealth Rock</strong>!<br></div><div class="battle-history"><small>Pointed stones float in the air around your team!</small><br></div><div class="spacer battle-history"><br></div><div class="battle-history">Clefable used <strong>Stealth Rock</strong>!<br></div><div class="battle-history"><small>Pointed stones float in the air around the opposing team!</small><br></div><div class="spacer battle-history"><br></div><div class="battle-history"><small>The sandstorm is raging.</small><br></div><div class="spacer battle-history"><br></div><h2 class="battle-history">Turn 2</h2><div class="spacer battle-history"><br></div><div class="battle-history">jules5678 withdrew Tyranitar!<br></div><div class="battle-history">jules5678 sent out <strong>Metagross</strong>!<br></div><div class="battle-history"><small>Pointed stones dug into the opposing Metagross!</small><br></div><div class="spacer battle-history"><br></div><div class="battle-history">Clefable used <strong>Thunder Wave</strong>!<br></div><div class="battle-history"><small>The opposing Metagross is paralyzed! It may be unable to move!</small><br></div><div class="spacer battle-history"><br></div><div class="battle-history"><small>The sandstorm is raging.</small><br></div><div class="spacer battle-history"><br></div><h2 class="battle-history">Turn 3</h2><div class="spacer battle-history"><br></div><div class="battle-history">Clefable, come back!<br></div><div class="battle-history">Go! <strong>Ferrothorn</strong>!<br></div><div class="battle-history"><small>Pointed stones dug into Ferrothorn!</small><br></div><div class="spacer battle-history"><br></div><div class="battle-history">The opposing Metagross used <strong>Earthquake</strong>!<br></div><div class="battle-history"><small>(Ferrothorn lost <abbr title="−74/352">21.0%</abbr> of its health!)</small><br></div><div class="spacer battle-history"><br></div><div class="battle-history"><small>The sandstorm is raging.</small><br></div><div class="spacer battle-history"><br></div><h2 class="battle-history">Turn 4</h2><div class="spacer battle-history"><br></div><div class="battle-history">Ferrothorn, come back!<br></div><div class="battle-history">Go! <strong>Pelipper</strong>!<br></div><div class="battle-history"><small>Pointed stones dug into Pelipper!</small><br></div><div class="battle-history"><small>[Pelipper's Drizzle]</small><br><small>It started to rain!</small><br></div><div class="spacer battle-history"><br></div><div class="battle-history">The opposing Metagross is paralyzed! It can't move!<br></div><div class="spacer battle-history"><br></div><div class="battle-history"><small>(Rain continues to fall!)</small><br></div><div class="spacer battle-history"><br></div><h2 class="battle-history">Turn 5</h2><div class="spacer battle-history"><br></div><div class="battle-history">Pelipper, come back!<br></div><div class="battle-history">Go! <strong>Swampert</strong>!<br></div><div class="battle-history"><small>Pointed stones dug into Swampert!</small><br></div><div class="spacer battle-history"><br></div><div class="battle-history">The opposing Metagross is paralyzed! It can't move!<br></div><div class="spacer battle-history"><br></div><div class="battle-history"><small>(Rain continues to fall!)</small><br></div><div class="spacer battle-history"><br></div><h2 class="battle-history">Turn 6</h2><div class="spacer battle-history"><br></div><div class="battle-history">jules5678 withdrew Metagross!<br></div><div class="battle-history">jules5678 sent out <strong>Chesnaught</strong>!<br></div><div class="battle-history"><small>Pointed stones dug into the opposing Chesnaught!</small><br></div><div class="spacer battle-history"><br></div><div class="battle-history"><small>Swampert's Swampertite is reacting to the Key Stone!</small><br>Swampert has Mega Evolved into Mega Swampert!<br></div><div class="spacer battle-history"><br></div><div class="battle-history">Swampert used <strong>Power-Up Punch</strong>!<br></div><div class="battle-history"><small>(The opposing Chesnaught lost <abbr title="−49/379">12.9%</abbr> of its health!)</small><br></div><div class="battle-history"><small>Swampert's Attack rose!</small><br></div><div class="spacer battle-history"><br></div><div class="battle-history"><small>(Rain continues to fall!)</small><br></div><div class="battle-history"><small>The opposing Chesnaught restored a little HP using its Leftovers!</small><br></div><div class="spacer battle-history"><br></div><h2 class="battle-history">Turn 7</h2><div class="spacer battle-history"><br></div><div class="battle-history">Swampert used <strong>Ice Punch</strong>!<br></div><div class="battle-history"><small>It's super effective!</small><br></div><div class="battle-history"><small>(The opposing Chesnaught lost <abbr title="−254/379">67.0%</abbr> of its health!)</small><br></div><div class="spacer battle-history"><br></div><div class="battle-history">The opposing Chesnaught used <strong>Drain Punch</strong>!<br></div><div class="battle-history"><small>(Swampert lost <abbr title="−84/342">24.6%</abbr> of its health!)</small><br></div><div class="battle-history"><small>Swampert had its energy drained!</small><br></div><div class="spacer battle-history"><br></div><div class="battle-history"><small>(Rain continues to fall!)</small><br></div><div class="battle-history"><small>The opposing Chesnaught restored a little HP using its Leftovers!</small><br></div><div class="spacer battle-history"><br></div><h2 class="battle-history">Turn 8</h2><div class="spacer battle-history"><br></div><div class="battle-history">jules5678 withdrew Chesnaught!<br></div><div class="battle-history">jules5678 sent out <strong>Metagross</strong>!<br></div><div class="battle-history"><small>Pointed stones dug into the opposing Metagross!</small><br></div><div class="spacer battle-history"><br></div><div class="battle-history">Swampert used <strong>Ice Punch</strong>!<br></div><div class="battle-history"><small>It's not very effective...</small><br></div><div class="battle-history"><small>(The opposing Metagross lost <abbr title="−69/301">22.9%</abbr> of its health!)</small><br></div><div class="spacer battle-history"><br></div><div class="battle-history"><small>(Rain continues to fall!)</small><br></div><div class="spacer battle-history"><br></div><h2 class="battle-history">Turn 9</h2><div class="spacer battle-history"><br></div><div class="battle-history">Swampert used <strong>Waterfall</strong>!<br></div><div class="battle-history"><small>(The opposing Metagross lost <abbr title="−196/301">65.1%</abbr> of its health!)</small><br></div><div class="spacer battle-history"><br></div><div class="battle-history">The opposing Metagross fainted!<br></div><div class="spacer battle-history"><br></div><div class="battle-history"><small>(Rain continues to fall!)</small><br></div><div class="spacer battle-history"><br></div><div class="battle-history">jules5678 sent out Landorus (<strong>Landorus-Therian</strong>)!<br></div><div class="battle-history"><small>Pointed stones dug into the opposing Landorus!</small><br></div><div class="battle-history"><small>[The opposing Landorus's Intimidate]</small><br></div><div class="battle-history"><small>Swampert's Attack fell!</small><br></div><div class="spacer battle-history"><br></div><h2 class="battle-history">Turn 10</h2><div class="spacer battle-history"><br></div><div class="battle-history">jules5678 withdrew Landorus!<br></div><div class="battle-history">jules5678 sent out <strong>Chesnaught</strong>!<br></div><div class="battle-history"><small>Pointed stones dug into the opposing Chesnaught!</small><br></div><div class="spacer battle-history"><br></div><div class="battle-history">Swampert used <strong>Ice Punch</strong>!<br></div><div class="battle-history"><small>It's super effective!</small><br></div><div class="battle-history"><small>(The opposing Chesnaught lost <abbr title="−118/379">31.1%</abbr> of its health!)</small><br></div><div class="spacer battle-history"><br></div><div class="battle-history">The opposing Chesnaught fainted!<br></div><div class="spacer battle-history"><br></div><div class="battle-history"><small>(Rain continues to fall!)</small><br></div><div class="chat chatmessage-jules5678"><strong style="color:hsl(200,51%,43.08437359172921%)"><small>☆</small><span class="username" data-name="jules5678">jules5678</span>:</strong> <em>op regalando la win</em></div><div class="spacer battle-history"><br></div><div class="battle-history"><small>jules5678 se rindió.</small><br></div><div class="spacer battle-history"><br></div><div class="battle-history"><strong>RayParK_</strong> won the battle!<br></div><div class="chat">RayParK_ ha ganado 6.75 PokeDolares.</div><div class="chat">Puntaje de RayParK_: 1408 → <strong>1427</strong><br>(+19 por ganar)</div><div class="chat">Puntaje de jules5678: 1378 → <strong>1359</strong><br>(-19 por perder)</div></div><div class="inner-preempt"></div></div></div>
</div>
<script>
let daily = Math.floor(Date.now()/1000/60/60/24);document.write('<script src="https://play.pokemonshowdown.com/js/replay-embed.js?version'+daily+'"></'+'script>');
</script>
