<!DOCTYPE html>
<meta charset="utf-8" />
<!-- version 1 -->
<title>OU replay: VectorAxel vs. JimJamJ</title>
<style>
html,body {font-family:Verdana, sans-serif;font-size:10pt;margin:0;padding:0;}body{padding:12px 0;} .battle-log {font-family:Verdana, sans-serif;font-size:10pt;} .battle-log-inline {border:1px solid #AAAAAA;background:#EEF2F5;color:black;max-width:640px;margin:0 auto 80px;padding-bottom:5px;} .battle-log .inner {padding:4px 8px 0px 8px;} .battle-log .inner-preempt {padding:0 8px 4px 8px;} .battle-log .inner-after {margin-top:0.5em;} .battle-log h2 {margin:0.5em -8px;padding:4px 8px;border:1px solid #AAAAAA;background:#E0E7EA;border-left:0;border-right:0;font-family:Verdana, sans-serif;font-size:13pt;} .battle-log .chat {vertical-align:middle;padding:3px 0 3px 0;font-size:8pt;} .battle-log .chat strong {color:#40576A;} .battle-log .chat em {padding:1px 4px 1px 3px;color:#000000;font-style:normal;} .chat.mine {background:rgba(0,0,0,0.05);margin-left:-8px;margin-right:-8px;padding-left:8px;padding-right:8px;} .spoiler {color:#BBBBBB;background:#BBBBBB;padding:0px 3px;} .spoiler:hover, .spoiler:active, .spoiler-shown {color:#000000;background:#E2E2E2;padding:0px 3px;} .spoiler a {color:#BBBBBB;} .spoiler:hover a, .spoiler:active a, .spoiler-shown a {color:#2288CC;} .chat code, .chat .spoiler:hover code, .chat .spoiler:active code, .chat .spoiler-shown code {border:1px solid #C0C0C0;background:#EEEEEE;color:black;padding:0 2px;} .chat .spoiler code {border:1px solid #CCCCCC;background:#CCCCCC;color:#CCCCCC;} .battle-log .rated {padding:3px 4px;} .battle-log .rated strong {color:white;background:#89A;padding:1px 4px;border-radius:4px;} .spacer {margin-top:0.5em;} .message-announce {background:#6688AA;color:white;padding:1px 4px 2px;} .message-announce a, .broadcast-green a, .broadcast-blue a, .broadcast-red a {color:#DDEEFF;} .broadcast-green {background-color:#559955;color:white;padding:2px 4px;} .broadcast-blue {background-color:#6688AA;color:white;padding:2px 4px;} .infobox {border:1px solid #6688AA;padding:2px 4px;} .infobox-limited {max-height:200px;overflow:auto;overflow-x:hidden;} .broadcast-red {background-color:#AA5544;color:white;padding:2px 4px;} .message-learn-canlearn {font-weight:bold;color:#228822;text-decoration:underline;} .message-learn-cannotlearn {font-weight:bold;color:#CC2222;text-decoration:underline;} .message-effect-weak {font-weight:bold;color:#CC2222;} .message-effect-resist {font-weight:bold;color:#6688AA;} .message-effect-immune {font-weight:bold;color:#666666;} .message-learn-list {margin-top:0;margin-bottom:0;} .message-throttle-notice, .message-error {color:#992222;} .message-overflow, .chat small.message-overflow {font-size:0pt;} .message-overflow::before {font-size:9pt;content:'...';} .subtle {color:#3A4A66;}
</style>
<div class="wrapper replay-wrapper" style="max-width:1180px;margin:0 auto">
<input type="hidden" name="replayid" value="destiny-ou-567326" />
<div class="battle"></div><div class="battle-log"></div><div class="replay-controls"></div><div class="replay-controls-2"></div>
<h1 style="font-weight:normal;text-align:center"><strong>OU</strong><br /><a href="http://pokemonshowdown.com/users/vectoraxel" class="subtle" target="_blank">VectorAxel</a> vs. <a href="http://pokemonshowdown.com/users/jimjamj" class="subtle" target="_blank">JimJamJ</a></h1>
<script type="text/plain" class="battle-log-data">|unlink|||tour
|player|p1|VectorAxel|108
|teamsize|p1|6
|player|p2|JimJamJ|231
|teamsize|p2|6
|teamsize|p1|6
|teamsize|p2|6
|gametype|singles
|gen|7
|tier|OU
|seed|49487,49367,31215,49624
|rule|Cláusula-Mod de Dormir: solo puedes dormir a uno de tus oponentes a la vez.
|rule|Cláusula de Especie: Hasta un Pokémon de cada especie
|rule|Cláusula de Golpe Fulminante: los movimientos fulminantes (OHKO) estan prohibidos
|rule|Cláusula de Veleta: la habilidad Veleta está prohibida
|rule|Cláusula de Movimientos Evasivos: los movimientos de Evasión están prohibidos.
|rule|Cláusula de Batallas Eternas: forzar batallas eternas está prohibido
|clearpoke
|poke|p1|Mawile, F|item
|poke|p1|Mienshao, M|item
|poke|p1|Tangrowth, M|item
|poke|p1|Chansey, F|item
|poke|p1|Tornadus-Therian, M|item
|poke|p1|Landorus-Therian, M|item
|poke|p2|Keldeo|item
|poke|p2|Hoopa-Unbound|item
|poke|p2|Scizor, M|item
|poke|p2|Celesteela|item
|poke|p2|Zapdos|item
|poke|p2|Garchomp, M|item
|teampreview|undefined
|c|☆VectorAxel|parece una team gen 6
|choice|*|*team 321456
|choice|*team 623451|*
|choice|team 6, 2, 3, 4, 5, 1|team 3, 2, 1, 4, 5, 6
|
|start
|switch|p1a: Landorus|Landorus-Therian, M|328\/328
|switch|p2a: Scizor|Scizor, M|343\/343
|-ability|p1a: Landorus|Intimidate|boost
|-unboost|p2a: Scizor|atk|1
|turn|1
|choice|*|*move 4 mega
|choice|*move 1|*
|choice|move stealthrock|move swordsdance mega
|
|-mega|p2a: Scizor|Scizor|Scizorite
|detailschange|p2a: Scizor|Scizor-Mega, M
|move|p1a: Landorus|Stealth Rock|p2a: Scizor
|-sidestart|p2: JimJamJ|move: Stealth Rock
|move|p2a: Scizor|Swords Dance|p2a: Scizor
|-boost|p2a: Scizor|atk|2
|
|upkeep
|turn|2
|choice|*|*move 1
|choice|*move 2 zmove|*
|choice|move fly zmove|move bulletpunch
|
|move|p2a: Scizor|Bullet Punch|p1a: Landorus
|-damage|p1a: Landorus|172\/328
|-zpower|p1a: Landorus
|move|p1a: Landorus|Supersonic Skystrike|p2a: Scizor|[zeffect]
|-damage|p2a: Scizor|147\/343
|
|upkeep
|turn|3
|choice|*|*move 3
|choice|*|*move 3
|choice|*move 3|*
|choice|move earthquake|move roost
|
|move|p1a: Landorus|Earthquake|p2a: Scizor
|-crit|p2a: Scizor
|-damage|p2a: Scizor|0 fnt
|faint|p2a: Scizor
|
|upkeep
|choice|*|*switch 3
|choice||switch 3
|
|switch|p2a: Keldeo|Keldeo|323\/323
|-damage|p2a: Keldeo|303\/323|[from] Stealth Rock
|turn|4
|choice|*|*move 3
|c|☆VectorAxel|lol srry
|c|☆JimJamJ|igual moria
|choice|*move 2|*
|choice|move fly|move scald
|
|move|p2a: Keldeo|Scald|p1a: Landorus
|-supereffective|p1a: Landorus
|-damage|p1a: Landorus|0 fnt
|faint|p1a: Landorus
|
|upkeep
|choice|*switch 5|*
|choice|switch 5|
|
|switch|p1a: Tornadus|Tornadus-Therian, M|299\/299
|turn|5
|choice|*move 1|*
|choice|*|*switch 5
|choice|move airslash|switch 5
|
|switch|p2a: Zapdos|Zapdos|383\/383
|-damage|p2a: Zapdos|288\/383|[from] Stealth Rock
|-ability|p2a: Zapdos|Pressure
|move|p1a: Tornadus|Air Slash|p2a: Zapdos
|-resisted|p2a: Zapdos
|-damage|p2a: Zapdos|195\/383
|
|-heal|p2a: Zapdos|218\/383|[from] item: Leftovers
|upkeep
|turn|6
|choice|*|*move 4
|choice|*switch 4|*
|choice|switch 4|move defog
|
|switch|p1a: Chansey|Chansey, F|702\/702
|move|p2a: Zapdos|Defog|p1a: Chansey
|-unboost|p1a: Chansey|evasion|1
|-sideend|p2: JimJamJ|Stealth Rock|[from] move: Defog|[of] p2a: Zapdos
|
|-heal|p2a: Zapdos|241\/383|[from] item: Leftovers
|upkeep
|turn|7
|choice|*|*switch 4
|choice|*move 2|*
|choice|move toxic|switch 4
|
|switch|p2a: Celesteela|Celesteela|397\/397
|move|p1a: Chansey|Toxic|p2a: Celesteela|[miss]
|-miss|p1a: Chansey|p2a: Celesteela
|
|upkeep
|turn|8
|choice|*|*move 2
|choice|*switch 6|*
|choice|switch 6|move leechseed
|
|switch|p1a: Mawile|Mawile, F|303\/303
|-ability|p1a: Mawile|Intimidate|boost
|-unboost|p2a: Celesteela|atk|1
|move|p2a: Celesteela|Leech Seed|p1a: Mawile
|-start|p1a: Mawile|move: Leech Seed
|
|-damage|p1a: Mawile|266\/303|[from] Leech Seed|[of] p2a: Celesteela
|upkeep
|turn|9
|choice|*|*move 3
|choice|*move 3 mega|*
|choice|move thunderpunch mega|move flamethrower
|
|-mega|p1a: Mawile|Mawile|Mawilite
|detailschange|p1a: Mawile|Mawile-Mega, F
|move|p2a: Celesteela|Flamethrower|p1a: Mawile
|-supereffective|p1a: Mawile
|-damage|p1a: Mawile|104\/303
|move|p1a: Mawile|Thunder Punch|p2a: Celesteela
|-supereffective|p2a: Celesteela
|-damage|p2a: Celesteela|87\/397
|
|-heal|p2a: Celesteela|111\/397|[from] item: Leftovers
|-damage|p1a: Mawile|67\/303|[from] Leech Seed|[of] p2a: Celesteela
|-heal|p2a: Celesteela|148\/397|[silent]
|upkeep
|turn|10
|choice|*move 4|*
|choice|*|*move 4
|choice|move suckerpunch|move protect
|
|move|p2a: Celesteela|Protect|p2a: Celesteela
|-singleturn|p2a: Celesteela|Protect
|move|p1a: Mawile|Sucker Punch|p2a: Celesteela|[still]
|-fail|p1a: Mawile
|
|-heal|p2a: Celesteela|172\/397|[from] item: Leftovers
|-damage|p1a: Mawile|30\/303|[from] Leech Seed|[of] p2a: Celesteela
|-heal|p2a: Celesteela|209\/397|[silent]
|upkeep
|turn|11
|choice|*move 2|*
|choice|*|*move 2
|choice|move icepunch|move leechseed
|
|move|p2a: Celesteela|Leech Seed|p1a: Mawile
|-fail|p2a: Celesteela
|move|p1a: Mawile|Ice Punch|p2a: Celesteela
|-damage|p2a: Celesteela|47\/397
|
|-heal|p2a: Celesteela|71\/397|[from] item: Leftovers
|-damage|p1a: Mawile|0 fnt|[from] Leech Seed|[of] p2a: Celesteela
|-heal|p2a: Celesteela|101\/397|[silent]
|upkeep
|faint|p1a: Mawile
|choice|*switch 2|*
|choice|switch 2|
|
|switch|p1a: Mienshao|Mienshao, M|271\/271
|turn|12
|choice|*move 3|*
|choice|*|*move 4
|choice|move stoneedge|move protect
|
|move|p2a: Celesteela|Protect|p2a: Celesteela
|-singleturn|p2a: Celesteela|Protect
|move|p1a: Mienshao|Stone Edge|p2a: Celesteela
|-activate|p2a: Celesteela|move: Protect
|
|-heal|p2a: Celesteela|125\/397|[from] item: Leftovers
|upkeep
|turn|13
|choice|*|*switch 6
|choice|*move 3|*
|choice|move stoneedge|switch 6
|
|switch|p2a: Garchomp|Garchomp, M|358\/358
|move|p1a: Mienshao|Stone Edge|p2a: Garchomp
|-resisted|p2a: Garchomp
|-crit|p2a: Garchomp
|-damage|p2a: Garchomp|255\/358
|
|upkeep
|turn|14
|choice|*switch 3|*
|choice|*|*move 4
|choice|switch 3|move swordsdance
|
|switch|p1a: Tangrowth|Tangrowth, M|403\/403
|move|p2a: Garchomp|Swords Dance|p2a: Garchomp
|-boost|p2a: Garchomp|atk|2
|
|upkeep
|turn|15
|choice|*|*move 3
|choice|*move 3|*
|choice|move sleeppowder|move outrage
|
|move|p2a: Garchomp|Outrage|p1a: Tangrowth
|-damage|p1a: Tangrowth|151\/403
|move|p1a: Tangrowth|Sleep Powder|p2a: Garchomp
|-status|p2a: Garchomp|slp
|
|-heal|p1a: Tangrowth|176\/403|[from] item: Leftovers
|upkeep
|turn|16
|choice|*move 4|*
|choice|*|*move 3
|choice|move synthesis|move outrage
|
|cant|p2a: Garchomp|slp
|move|p1a: Tangrowth|Synthesis|p1a: Tangrowth
|-heal|p1a: Tangrowth|377\/403
|
|-heal|p1a: Tangrowth|402\/403|[from] item: Leftovers
|upkeep
|turn|17
|choice|*|*move 3
|choice|*move 1|*
|choice|move gigadrain|move outrage
|
|-curestatus|p2a: Garchomp|slp|[msg]
|move|p2a: Garchomp|Outrage|p1a: Tangrowth
|-damage|p1a: Tangrowth|108\/403
|move|p1a: Tangrowth|Giga Drain|p2a: Garchomp
|-damage|p2a: Garchomp|150\/358
|-heal|p1a: Tangrowth|161\/403|[from] drain|[of] p2a: Garchomp
|
|-heal|p1a: Tangrowth|186\/403|[from] item: Leftovers
|upkeep
|turn|18
|choice|*|*move 1
|choice|*move 1|*
|choice|move gigadrain|move outrage
|
|move|p2a: Garchomp|Outrage|p1a: Tangrowth|[from]lockedmove
|-damage|p1a: Tangrowth|0 fnt
|faint|p1a: Tangrowth
|
|upkeep
|choice|*switch 3|*
|choice|switch 3|
|
|switch|p1a: Mienshao|Mienshao, M|271\/271
|turn|19
|choice|*move 1|*
|choice|*|*move 1
|choice|move highjumpkick|move outrage
|
|move|p1a: Mienshao|High Jump Kick|p2a: Garchomp
|-damage|p2a: Garchomp|0 fnt
|-damage|p1a: Mienshao|238\/271|[from] ability: Rough Skin|[of] p2a: Garchomp
|-damage|p1a: Mienshao|193\/271|[from] item: Rocky Helmet|[of] p2a: Garchomp
|faint|p2a: Garchomp
|
|upkeep
|choice|*|*switch 4
|choice||switch 4
|
|switch|p2a: Zapdos|Zapdos|241\/383
|-ability|p2a: Zapdos|Pressure
|turn|20
|choice|*|*move 1
|choice|*switch 6|*
|choice|switch 6|move discharge
|
|switch|p1a: Chansey|Chansey, F|702\/702
|move|p2a: Zapdos|Discharge|p1a: Chansey
|-damage|p1a: Chansey|630\/702
|
|-heal|p2a: Zapdos|264\/383|[from] item: Leftovers
|upkeep
|turn|21
|choice|*|*switch 6
|choice|*switch 6|*
|choice|switch 6|switch 6
|
|switch|p2a: Celesteela|Celesteela|125\/397
|switch|p1a: Mienshao|Mienshao, M|271\/271
|
|-heal|p2a: Celesteela|149\/397|[from] item: Leftovers
|upkeep
|turn|22
|choice|*|*move 4
|choice|*switch 4|*
|choice|switch 4|move protect
|
|switch|p1a: Tornadus|Tornadus-Therian, M|299\/299
|move|p2a: Celesteela|Protect|p2a: Celesteela
|-fail|p2a: Celesteela
|
|-heal|p2a: Celesteela|173\/397|[from] item: Leftovers
|upkeep
|turn|23
|choice|*move 4|*
|choice|*|*switch 6
|choice|move heatwave|switch 6
|
|switch|p2a: Zapdos|Zapdos|264\/383
|-ability|p2a: Zapdos|Pressure
|move|p1a: Tornadus|Heat Wave|p2a: Zapdos
|-damage|p2a: Zapdos|92\/383
|
|-heal|p2a: Zapdos|115\/383|[from] item: Leftovers
|upkeep
|turn|24
|choice|*|*move 3
|choice|*move 4|*
|choice|move heatwave|move roost
|
|move|p1a: Tornadus|Heat Wave|p2a: Zapdos
|-damage|p2a: Zapdos|0 fnt
|faint|p2a: Zapdos
|
|upkeep
|choice|*|*switch 2
|choice||switch 2
|
|switch|p2a: Hoopa|Hoopa-Unbound|302\/302
|turn|25
|choice|*|*move 2 zmove
|choice|*switch 6|*
|choice|switch 6|move zenheadbutt zmove
|
|switch|p1a: Chansey|Chansey, F|630\/702
|-zpower|p2a: Hoopa
|move|p2a: Hoopa|Shattered Psyche|p1a: Chansey|[zeffect]
|-damage|p1a: Chansey|188\/702
|
|upkeep
|turn|26
|choice|*move 4|*
|choice|*|*move 3
|choice|move softboiled|move drainpunch
|
|move|p2a: Hoopa|Drain Punch|p1a: Chansey
|-supereffective|p1a: Chansey
|-damage|p1a: Chansey|0 fnt
|faint|p1a: Chansey
|
|upkeep
|choice|*switch 4|*
|choice|switch 4|
|
|switch|p1a: Mienshao|Mienshao, M|271\/271
|turn|27
|choice|*move 2|*
|choice|*|*move 2
|choice|move uturn|move zenheadbutt
|
|move|p1a: Mienshao|U-turn|p2a: Hoopa
|-supereffective|p2a: Hoopa
|-damage|p2a: Hoopa|0 fnt
|faint|p2a: Hoopa
|choice|*switch 6|*
|choice|switch 6|
|
|switch|p1a: Tornadus|Tornadus-Therian, M|299\/299|[from]move: U-turn
|
|upkeep
|choice|*|*switch 6
|choice||switch 6
|
|switch|p2a: Celesteela|Celesteela|173\/397
|turn|28
|choice|*|*move 4
|choice|*move 1|*
|choice|move airslash|move protect
|
|move|p2a: Celesteela|Protect|p2a: Celesteela
|-singleturn|p2a: Celesteela|Protect
|move|p1a: Tornadus|Air Slash|p2a: Celesteela
|-activate|p2a: Celesteela|move: Protect
|
|-heal|p2a: Celesteela|197\/397|[from] item: Leftovers
|upkeep
|turn|29
|c|☆VectorAxel|nice
|choice|*|*move 2
|choice|*move 1|*
|choice|move airslash|move leechseed
|
|move|p1a: Tornadus|Air Slash|p2a: Celesteela
|-resisted|p2a: Celesteela
|-damage|p2a: Celesteela|131\/397
|cant|p2a: Celesteela|flinch
|
|-heal|p2a: Celesteela|155\/397|[from] item: Leftovers
|upkeep
|turn|30
|choice|*|*move 2
|c|☆VectorAxel|srry
|choice|*switch 6|*
|choice|switch 6|move leechseed
|
|switch|p1a: Mienshao|Mienshao, M|271\/271
|move|p2a: Celesteela|Leech Seed|p1a: Mienshao
|-start|p1a: Mienshao|move: Leech Seed
|
|-heal|p2a: Celesteela|179\/397|[from] item: Leftovers
|-damage|p1a: Mienshao|238\/271|[from] Leech Seed|[of] p2a: Celesteela
|-heal|p2a: Celesteela|212\/397|[silent]
|upkeep
|turn|31
|choice|*|*move 4
|choice|*switch 6|*
|choice|*|*move 1
|choice|switch 6|move heavyslam
|
|switch|p1a: Tornadus|Tornadus-Therian, M|299\/299
|move|p2a: Celesteela|Heavy Slam|p1a: Tornadus
|-damage|p1a: Tornadus|136\/299
|
|-heal|p2a: Celesteela|236\/397|[from] item: Leftovers
|upkeep
|turn|32
|choice|*|*move 4
|choice|*move 4|*
|choice|move heatwave|move protect
|
|move|p2a: Celesteela|Protect|p2a: Celesteela
|-singleturn|p2a: Celesteela|Protect
|move|p1a: Tornadus|Heat Wave|p2a: Celesteela
|-activate|p2a: Celesteela|move: Protect
|
|-heal|p2a: Celesteela|260\/397|[from] item: Leftovers
|upkeep
|turn|33
|choice|*|*move 1
|choice|*move 4|*
|choice|move heatwave|move heavyslam
|
|move|p1a: Tornadus|Heat Wave|p2a: Celesteela
|-supereffective|p2a: Celesteela
|-damage|p2a: Celesteela|54\/397
|-status|p2a: Celesteela|brn
|move|p2a: Celesteela|Heavy Slam|p1a: Tornadus
|-damage|p1a: Tornadus|50\/299
|
|-heal|p2a: Celesteela|78\/397 brn|[from] item: Leftovers
|-damage|p2a: Celesteela|54\/397 brn|[from] brn
|upkeep
|turn|34
|c|☆JimJamJ|Ok
|choice|*move 4|*
|choice|*|*move 1
|choice|move heatwave|move heavyslam
|
|move|p1a: Tornadus|Heat Wave|p2a: Celesteela
|-supereffective|p2a: Celesteela
|-damage|p2a: Celesteela|0 fnt
|faint|p2a: Celesteela
|
|upkeep
|choice|*|*switch 5
|choice||switch 5
|
|switch|p2a: Keldeo|Keldeo|303\/323
|turn|35
|choice|*|*move 3
|choice|*switch 6|*
|choice|switch 6|move scald
|
|switch|p1a: Mienshao|Mienshao, M|271\/271
|move|p2a: Keldeo|Scald|p1a: Mienshao
|-damage|p1a: Mienshao|0 fnt
|faint|p1a: Mienshao
|
|upkeep
|choice|*switch 6|*
|choice|switch 6|
|
|switch|p1a: Tornadus|Tornadus-Therian, M|149\/299
|turn|36
|c|☆JimJamJ|que frustrante
|choice|*|*move 3
|c|☆VectorAxel|srry
|choice|*move 1|*
|choice|move airslash|move scald
|
|move|p1a: Tornadus|Air Slash|p2a: Keldeo
|-supereffective|p2a: Keldeo
|-damage|p2a: Keldeo|0 fnt
|faint|p2a: Keldeo
|
|win|VectorAxel
</script>
</div>
<div class="battle-log battle-log-inline"><div class="inner"><div class="battle-options"></div><div class="inner"><div class=""><small>Format:</small> <br><strong>OU</strong></div><div class=""><small><em>Cláusula-Mod de Dormir:</em> solo puedes dormir a uno de tus oponentes a la vez.</small></div><div class=""><small><em>Cláusula de Especie:</em> Hasta un Pokémon de cada especie</small></div><div class=""><small><em>Cláusula de Golpe Fulminante:</em> los movimientos fulminantes (OHKO) estan prohibidos</small></div><div class=""><small><em>Cláusula de Veleta:</em> la habilidad Veleta está prohibida</small></div><div class=""><small><em>Cláusula de Movimientos Evasivos:</em> los movimientos de Evasión están prohibidos.</small></div><div class=""><small><em>Cláusula de Batallas Eternas:</em> forzar batallas eternas está prohibido</small></div><div class="chat battle-history"><strong>VectorAxel's team:</strong> <em style="color:#445566;display:block;">Mawile / Mienshao / Tangrowth / Chansey / Tornadus-Therian / Landorus-Therian</em></div><div class="chat battle-history"><strong>JimJamJ's team:</strong> <em style="color:#445566;display:block;">Keldeo / Hoopa-Unbound / Scizor / Celesteela / Zapdos / Garchomp</em></div><div class="chat chatmessage-vectoraxel"><strong style="color:hsl(289,61%,50.81556149136252%)"><small>☆</small><span class="username" data-name="VectorAxel">VectorAxel</span>:</strong> <em>parece una team gen 6</em></div><div class="spacer battle-history"><br></div><div class="battle-history">Battle started between VectorAxel and JimJamJ!<br></div><div class="spacer battle-history"><br></div><div class="battle-history">Go! Landorus (<strong>Landorus-Therian</strong>)!<br></div><div class="spacer battle-history"><br></div><div class="battle-history">JimJamJ sent out <strong>Scizor</strong>!<br></div><div class="battle-history"><small>[Landorus's Intimidate]</small><br></div><div class="battle-history"><small>The opposing Scizor's Attack fell!</small><br></div><div class="spacer battle-history"><br></div><h2 class="battle-history">Turn 1</h2><div class="spacer battle-history"><br></div><div class="battle-history"><small>The opposing Scizor's Scizorite is reacting to the Key Stone!</small><br>The opposing Scizor has Mega Evolved into Mega Scizor!<br></div><div class="spacer battle-history"><br></div><div class="battle-history">Landorus used <strong>Stealth Rock</strong>!<br></div><div class="battle-history"><small>Pointed stones float in the air around the opposing team!</small><br></div><div class="spacer battle-history"><br></div><div class="battle-history">The opposing Scizor used <strong>Swords Dance</strong>!<br></div><div class="battle-history"><small>The opposing Scizor's Attack rose sharply!</small><br></div><div class="spacer battle-history"><br></div><h2 class="battle-history">Turn 2</h2><div class="spacer battle-history"><br></div><div class="battle-history">The opposing Scizor used <strong>Bullet Punch</strong>!<br></div><div class="battle-history"><small>(Landorus lost <abbr title="−156/328">47.6%</abbr> of its health!)</small><br></div><div class="battle-history"><small>Landorus surrounded itself with its Z-Power!</small><br></div><div class="spacer battle-history"><br></div><div class="battle-history">Landorus used <strong>Supersonic Skystrike</strong>!<br></div><div class="battle-history"><small>(The opposing Scizor lost <abbr title="−196/343">57.1%</abbr> of its health!)</small><br></div><div class="spacer battle-history"><br></div><h2 class="battle-history">Turn 3</h2><div class="spacer battle-history"><br></div><div class="battle-history">Landorus used <strong>Earthquake</strong>!<br></div><div class="battle-history"><small>A critical hit!</small><br></div><div class="battle-history"><small>(The opposing Scizor lost <abbr title="−147/343">42.9%</abbr> of its health!)</small><br></div><div class="spacer battle-history"><br></div><div class="battle-history">The opposing Scizor fainted!<br></div><div class="spacer battle-history"><br></div><div class="battle-history">JimJamJ sent out <strong>Keldeo</strong>!<br></div><div class="battle-history"><small>Pointed stones dug into the opposing Keldeo!</small><br></div><div class="spacer battle-history"><br></div><h2 class="battle-history">Turn 4</h2><div class="chat chatmessage-vectoraxel"><strong style="color:hsl(289,61%,50.81556149136252%)"><small>☆</small><span class="username" data-name="VectorAxel">VectorAxel</span>:</strong> <em>lol srry</em></div><div class="chat chatmessage-jimjamj"><strong style="color:hsl(100,74%,37.655739041824354%)"><small>☆</small><span class="username" data-name="JimJamJ">JimJamJ</span>:</strong> <em>igual moria</em></div><div class="spacer battle-history"><br></div><div class="battle-history">The opposing Keldeo used <strong>Scald</strong>!<br></div><div class="battle-history"><small>It's super effective!</small><br></div><div class="battle-history"><small>(Landorus lost <abbr title="−172/328">52.4%</abbr> of its health!)</small><br></div><div class="spacer battle-history"><br></div><div class="battle-history">Landorus fainted!<br></div><div class="spacer battle-history"><br></div><div class="battle-history">Go! Tornadus (<strong>Tornadus-Therian</strong>)!<br></div><div class="spacer battle-history"><br></div><h2 class="battle-history">Turn 5</h2><div class="spacer battle-history"><br></div><div class="battle-history">JimJamJ withdrew Keldeo!<br></div><div class="battle-history">JimJamJ sent out <strong>Zapdos</strong>!<br></div><div class="battle-history"><small>Pointed stones dug into the opposing Zapdos!</small><br></div><div class="battle-history"><small>[The opposing Zapdos's Pressure]</small><br><small>The opposing Zapdos is exerting its pressure!</small><br></div><div class="spacer battle-history"><br></div><div class="battle-history">Tornadus used <strong>Air Slash</strong>!<br></div><div class="battle-history"><small>It's not very effective...</small><br></div><div class="battle-history"><small>(The opposing Zapdos lost <abbr title="−93/383">24.3%</abbr> of its health!)</small><br></div><div class="spacer battle-history"><br></div><div class="battle-history"><small>The opposing Zapdos restored a little HP using its Leftovers!</small><br></div><div class="spacer battle-history"><br></div><h2 class="battle-history">Turn 6</h2><div class="spacer battle-history"><br></div><div class="battle-history">Tornadus, come back!<br></div><div class="battle-history">Go! <strong>Chansey</strong>!<br></div><div class="spacer battle-history"><br></div><div class="battle-history">The opposing Zapdos used <strong>Defog</strong>!<br></div><div class="battle-history"><small>Chansey's evasiveness fell!</small><br></div><div class="battle-history"><small>The pointed stones disappeared from around the opposing team!</small><br></div><div class="spacer battle-history"><br></div><div class="battle-history"><small>The opposing Zapdos restored a little HP using its Leftovers!</small><br></div><div class="spacer battle-history"><br></div><h2 class="battle-history">Turn 7</h2><div class="spacer battle-history"><br></div><div class="battle-history">JimJamJ withdrew Zapdos!<br></div><div class="battle-history">JimJamJ sent out <strong>Celesteela</strong>!<br></div><div class="spacer battle-history"><br></div><div class="battle-history">Chansey used <strong>Toxic</strong>!<br></div><div class="battle-history"><small>The opposing Celesteela avoided the attack!</small><br></div><div class="spacer battle-history"><br></div><h2 class="battle-history">Turn 8</h2><div class="spacer battle-history"><br></div><div class="battle-history">Chansey, come back!<br></div><div class="battle-history">Go! <strong>Mawile</strong>!<br></div><div class="battle-history"><small>[Mawile's Intimidate]</small><br></div><div class="battle-history"><small>The opposing Celesteela's Attack fell!</small><br></div><div class="spacer battle-history"><br></div><div class="battle-history">The opposing Celesteela used <strong>Leech Seed</strong>!<br></div><div class="battle-history"><small>Mawile was seeded!</small><br></div><div class="spacer battle-history"><br></div><div class="battle-history"><small>Mawile's health is sapped by Leech Seed!</small><br></div><div class="spacer battle-history"><br></div><h2 class="battle-history">Turn 9</h2><div class="spacer battle-history"><br></div><div class="battle-history"><small>Mawile's Mawilite is reacting to the Key Stone!</small><br>Mawile has Mega Evolved into Mega Mawile!<br></div><div class="spacer battle-history"><br></div><div class="battle-history">The opposing Celesteela used <strong>Flamethrower</strong>!<br></div><div class="battle-history"><small>It's super effective!</small><br></div><div class="battle-history"><small>(Mawile lost <abbr title="−162/303">53.5%</abbr> of its health!)</small><br></div><div class="spacer battle-history"><br></div><div class="battle-history">Mawile used <strong>Thunder Punch</strong>!<br></div><div class="battle-history"><small>It's super effective!</small><br></div><div class="battle-history"><small>(The opposing Celesteela lost <abbr title="−310/397">78.1%</abbr> of its health!)</small><br></div><div class="spacer battle-history"><br></div><div class="battle-history"><small>The opposing Celesteela restored a little HP using its Leftovers!</small><br></div><div class="battle-history"><small>Mawile's health is sapped by Leech Seed!</small><br></div><div class="spacer battle-history"><br></div><h2 class="battle-history">Turn 10</h2><div class="spacer battle-history"><br></div><div class="battle-history">The opposing Celesteela used <strong>Protect</strong>!<br></div><div class="battle-history"><small>The opposing Celesteela protected itself!</small><br></div><div class="spacer battle-history"><br></div><div class="battle-history">Mawile used <strong>Sucker Punch</strong>!<br></div><div class="battle-history"><small>But it failed!</small><br></div><div class="spacer battle-history"><br></div><div class="battle-history"><small>The opposing Celesteela restored a little HP using its Leftovers!</small><br></div><div class="battle-history"><small>Mawile's health is sapped by Leech Seed!</small><br></div><div class="spacer battle-history"><br></div><h2 class="battle-history">Turn 11</h2><div class="spacer battle-history"><br></div><div class="battle-history">The opposing Celesteela used <strong>Leech Seed</strong>!<br></div><div class="battle-history"><small>But it failed!</small><br></div><div class="spacer battle-history"><br></div><div class="battle-history">Mawile used <strong>Ice Punch</strong>!<br></div><div class="battle-history"><small>(The opposing Celesteela lost <abbr title="−162/397">40.8%</abbr> of its health!)</small><br></div><div class="spacer battle-history"><br></div><div class="battle-history"><small>The opposing Celesteela restored a little HP using its Leftovers!</small><br></div><div class="battle-history"><small>Mawile's health is sapped by Leech Seed!</small><br></div><div class="spacer battle-history"><br></div><div class="battle-history">Mawile fainted!<br></div><div class="spacer battle-history"><br></div><div class="battle-history">Go! <strong>Mienshao</strong>!<br></div><div class="spacer battle-history"><br></div><h2 class="battle-history">Turn 12</h2><div class="spacer battle-history"><br></div><div class="battle-history">The opposing Celesteela used <strong>Protect</strong>!<br></div><div class="battle-history"><small>The opposing Celesteela protected itself!</small><br></div><div class="spacer battle-history"><br></div><div class="battle-history">Mienshao used <strong>Stone Edge</strong>!<br></div><div class="battle-history"><small>The opposing Celesteela protected itself!</small><br></div><div class="spacer battle-history"><br></div><div class="battle-history"><small>The opposing Celesteela restored a little HP using its Leftovers!</small><br></div><div class="spacer battle-history"><br></div><h2 class="battle-history">Turn 13</h2><div class="spacer battle-history"><br></div><div class="battle-history">JimJamJ withdrew Celesteela!<br></div><div class="battle-history">JimJamJ sent out <strong>Garchomp</strong>!<br></div><div class="spacer battle-history"><br></div><div class="battle-history">Mienshao used <strong>Stone Edge</strong>!<br></div><div class="battle-history"><small>It's not very effective...</small><br></div><div class="battle-history"><small>A critical hit!</small><br></div><div class="battle-history"><small>(The opposing Garchomp lost <abbr title="−103/358">28.8%</abbr> of its health!)</small><br></div><div class="spacer battle-history"><br></div><h2 class="battle-history">Turn 14</h2><div class="spacer battle-history"><br></div><div class="battle-history">Mienshao, come back!<br></div><div class="battle-history">Go! <strong>Tangrowth</strong>!<br></div><div class="spacer battle-history"><br></div><div class="battle-history">The opposing Garchomp used <strong>Swords Dance</strong>!<br></div><div class="battle-history"><small>The opposing Garchomp's Attack rose sharply!</small><br></div><div class="spacer battle-history"><br></div><h2 class="battle-history">Turn 15</h2><div class="spacer battle-history"><br></div><div class="battle-history">The opposing Garchomp used <strong>Outrage</strong>!<br></div><div class="battle-history"><small>(Tangrowth lost <abbr title="−252/403">62.5%</abbr> of its health!)</small><br></div><div class="spacer battle-history"><br></div><div class="battle-history">Tangrowth used <strong>Sleep Powder</strong>!<br></div><div class="battle-history"><small>The opposing Garchomp fell asleep!</small><br></div><div class="spacer battle-history"><br></div><div class="battle-history"><small>Tangrowth restored a little HP using its Leftovers!</small><br></div><div class="spacer battle-history"><br></div><h2 class="battle-history">Turn 16</h2><div class="spacer battle-history"><br></div><div class="battle-history">The opposing Garchomp is fast asleep.<br></div><div class="spacer battle-history"><br></div><div class="battle-history">Tangrowth used <strong>Synthesis</strong>!<br></div><div class="battle-history"><small>Tangrowth restored its HP.</small><br></div><div class="spacer battle-history"><br></div><div class="battle-history"><small>Tangrowth restored a little HP using its Leftovers!</small><br></div><div class="spacer battle-history"><br></div><h2 class="battle-history">Turn 17</h2><div class="spacer battle-history"><br></div><div class="battle-history"><small>The opposing Garchomp woke up!</small><br></div><div class="spacer battle-history"><br></div><div class="battle-history">The opposing Garchomp used <strong>Outrage</strong>!<br></div><div class="battle-history"><small>(Tangrowth lost <abbr title="−294/403">73.0%</abbr> of its health!)</small><br></div><div class="spacer battle-history"><br></div><div class="battle-history">Tangrowth used <strong>Giga Drain</strong>!<br></div><div class="battle-history"><small>(The opposing Garchomp lost <abbr title="−105/358">29.3%</abbr> of its health!)</small><br></div><div class="battle-history"><small>The opposing Garchomp had its energy drained!</small><br></div><div class="spacer battle-history"><br></div><div class="battle-history"><small>Tangrowth restored a little HP using its Leftovers!</small><br></div><div class="spacer battle-history"><br></div><h2 class="battle-history">Turn 18</h2><div class="spacer battle-history"><br></div><div class="battle-history">The opposing Garchomp used <strong>Outrage</strong>!<br></div><div class="battle-history"><small>(Tangrowth lost <abbr title="−186/403">46.2%</abbr> of its health!)</small><br></div><div class="spacer battle-history"><br></div><div class="battle-history">Tangrowth fainted!<br></div><div class="spacer battle-history"><br></div><div class="battle-history">Go! <strong>Mienshao</strong>!<br></div><div class="spacer battle-history"><br></div><h2 class="battle-history">Turn 19</h2><div class="spacer battle-history"><br></div><div class="battle-history">Mienshao used <strong>High Jump Kick</strong>!<br></div><div class="battle-history"><small>(The opposing Garchomp lost <abbr title="−150/358">41.9%</abbr> of its health!)</small><br></div><div class="battle-history"><small>[The opposing Garchomp's Rough Skin]</small><br><small>Mienshao was hurt!</small><br></div><div class="battle-history"><small>Mienshao was hurt by the Rocky Helmet!</small><br></div><div class="spacer battle-history"><br></div><div class="battle-history">The opposing Garchomp fainted!<br></div><div class="spacer battle-history"><br></div><div class="battle-history">JimJamJ sent out <strong>Zapdos</strong>!<br></div><div class="battle-history"><small>[The opposing Zapdos's Pressure]</small><br><small>The opposing Zapdos is exerting its pressure!</small><br></div><div class="spacer battle-history"><br></div><h2 class="battle-history">Turn 20</h2><div class="spacer battle-history"><br></div><div class="battle-history">Mienshao, come back!<br></div><div class="battle-history">Go! <strong>Chansey</strong>!<br></div><div class="spacer battle-history"><br></div><div class="battle-history">The opposing Zapdos used <strong>Discharge</strong>!<br></div><div class="battle-history"><small>(Chansey lost <abbr title="−72/702">10.3%</abbr> of its health!)</small><br></div><div class="spacer battle-history"><br></div><div class="battle-history"><small>The opposing Zapdos restored a little HP using its Leftovers!</small><br></div><div class="spacer battle-history"><br></div><h2 class="battle-history">Turn 21</h2><div class="spacer battle-history"><br></div><div class="battle-history">JimJamJ withdrew Zapdos!<br></div><div class="battle-history">JimJamJ sent out <strong>Celesteela</strong>!<br></div><div class="spacer battle-history"><br></div><div class="battle-history">Chansey, come back!<br></div><div class="battle-history">Go! <strong>Mienshao</strong>!<br></div><div class="spacer battle-history"><br></div><div class="battle-history"><small>The opposing Celesteela restored a little HP using its Leftovers!</small><br></div><div class="spacer battle-history"><br></div><h2 class="battle-history">Turn 22</h2><div class="spacer battle-history"><br></div><div class="battle-history">Mienshao, come back!<br></div><div class="battle-history">Go! Tornadus (<strong>Tornadus-Therian</strong>)!<br></div><div class="spacer battle-history"><br></div><div class="battle-history">The opposing Celesteela used <strong>Protect</strong>!<br></div><div class="battle-history"><small>But it failed!</small><br></div><div class="spacer battle-history"><br></div><div class="battle-history"><small>The opposing Celesteela restored a little HP using its Leftovers!</small><br></div><div class="spacer battle-history"><br></div><h2 class="battle-history">Turn 23</h2><div class="spacer battle-history"><br></div><div class="battle-history">JimJamJ withdrew Celesteela!<br></div><div class="battle-history">JimJamJ sent out <strong>Zapdos</strong>!<br></div><div class="battle-history"><small>[The opposing Zapdos's Pressure]</small><br><small>The opposing Zapdos is exerting its pressure!</small><br></div><div class="spacer battle-history"><br></div><div class="battle-history">Tornadus used <strong>Heat Wave</strong>!<br></div><div class="battle-history"><small>(The opposing Zapdos lost <abbr title="−172/383">44.9%</abbr> of its health!)</small><br></div><div class="spacer battle-history"><br></div><div class="battle-history"><small>The opposing Zapdos restored a little HP using its Leftovers!</small><br></div><div class="spacer battle-history"><br></div><h2 class="battle-history">Turn 24</h2><div class="spacer battle-history"><br></div><div class="battle-history">Tornadus used <strong>Heat Wave</strong>!<br></div><div class="battle-history"><small>(The opposing Zapdos lost <abbr title="−115/383">30.0%</abbr> of its health!)</small><br></div><div class="spacer battle-history"><br></div><div class="battle-history">The opposing Zapdos fainted!<br></div><div class="spacer battle-history"><br></div><div class="battle-history">JimJamJ sent out Hoopa (<strong>Hoopa-Unbound</strong>)!<br></div><div class="spacer battle-history"><br></div><h2 class="battle-history">Turn 25</h2><div class="spacer battle-history"><br></div><div class="battle-history">Tornadus, come back!<br></div><div class="battle-history">Go! <strong>Chansey</strong>!<br></div><div class="battle-history"><small>The opposing Hoopa surrounded itself with its Z-Power!</small><br></div><div class="spacer battle-history"><br></div><div class="battle-history">The opposing Hoopa used <strong>Shattered Psyche</strong>!<br></div><div class="battle-history"><small>(Chansey lost <abbr title="−442/702">63.0%</abbr> of its health!)</small><br></div><div class="spacer battle-history"><br></div><h2 class="battle-history">Turn 26</h2><div class="spacer battle-history"><br></div><div class="battle-history">The opposing Hoopa used <strong>Drain Punch</strong>!<br></div><div class="battle-history"><small>It's super effective!</small><br></div><div class="battle-history"><small>(Chansey lost <abbr title="−188/702">26.8%</abbr> of its health!)</small><br></div><div class="spacer battle-history"><br></div><div class="battle-history">Chansey fainted!<br></div><div class="spacer battle-history"><br></div><div class="battle-history">Go! <strong>Mienshao</strong>!<br></div><div class="spacer battle-history"><br></div><h2 class="battle-history">Turn 27</h2><div class="spacer battle-history"><br></div><div class="battle-history">Mienshao used <strong>U-turn</strong>!<br></div><div class="battle-history"><small>It's super effective!</small><br></div><div class="battle-history"><small>(The opposing Hoopa lost <abbr title="−302/302">100%</abbr> of its health!)</small><br></div><div class="spacer battle-history"><br></div><div class="battle-history">The opposing Hoopa fainted!<br></div><div class="spacer battle-history"><br></div><div class="battle-history">Mienshao went back to VectorAxel!<br></div><div class="battle-history">Go! Tornadus (<strong>Tornadus-Therian</strong>)!<br></div><div class="spacer battle-history"><br></div><div class="battle-history">JimJamJ sent out <strong>Celesteela</strong>!<br></div><div class="spacer battle-history"><br></div><h2 class="battle-history">Turn 28</h2><div class="spacer battle-history"><br></div><div class="battle-history">The opposing Celesteela used <strong>Protect</strong>!<br></div><div class="battle-history"><small>The opposing Celesteela protected itself!</small><br></div><div class="spacer battle-history"><br></div><div class="battle-history">Tornadus used <strong>Air Slash</strong>!<br></div><div class="battle-history"><small>The opposing Celesteela protected itself!</small><br></div><div class="spacer battle-history"><br></div><div class="battle-history"><small>The opposing Celesteela restored a little HP using its Leftovers!</small><br></div><div class="spacer battle-history"><br></div><h2 class="battle-history">Turn 29</h2><div class="chat chatmessage-vectoraxel"><strong style="color:hsl(289,61%,50.81556149136252%)"><small>☆</small><span class="username" data-name="VectorAxel">VectorAxel</span>:</strong> <em>nice</em></div><div class="spacer battle-history"><br></div><div class="battle-history">Tornadus used <strong>Air Slash</strong>!<br></div><div class="battle-history"><small>It's not very effective...</small><br></div><div class="battle-history"><small>(The opposing Celesteela lost <abbr title="−66/397">16.6%</abbr> of its health!)</small><br></div><div class="spacer battle-history"><br></div><div class="battle-history">The opposing Celesteela flinched and couldn't move!<br></div><div class="spacer battle-history"><br></div><div class="battle-history"><small>The opposing Celesteela restored a little HP using its Leftovers!</small><br></div><div class="spacer battle-history"><br></div><h2 class="battle-history">Turn 30</h2><div class="chat chatmessage-vectoraxel"><strong style="color:hsl(289,61%,50.81556149136252%)"><small>☆</small><span class="username" data-name="VectorAxel">VectorAxel</span>:</strong> <em>srry</em></div><div class="spacer battle-history"><br></div><div class="battle-history">Tornadus, come back!<br></div><div class="battle-history">Go! <strong>Mienshao</strong>!<br></div><div class="spacer battle-history"><br></div><div class="battle-history">The opposing Celesteela used <strong>Leech Seed</strong>!<br></div><div class="battle-history"><small>Mienshao was seeded!</small><br></div><div class="spacer battle-history"><br></div><div class="battle-history"><small>The opposing Celesteela restored a little HP using its Leftovers!</small><br></div><div class="battle-history"><small>Mienshao's health is sapped by Leech Seed!</small><br></div><div class="spacer battle-history"><br></div><h2 class="battle-history">Turn 31</h2><div class="spacer battle-history"><br></div><div class="battle-history">Mienshao, come back!<br></div><div class="battle-history">Go! Tornadus (<strong>Tornadus-Therian</strong>)!<br></div><div class="spacer battle-history"><br></div><div class="battle-history">The opposing Celesteela used <strong>Heavy Slam</strong>!<br></div><div class="battle-history"><small>(Tornadus lost <abbr title="−163/299">54.5%</abbr> of its health!)</small><br></div><div class="spacer battle-history"><br></div><div class="battle-history"><small>The opposing Celesteela restored a little HP using its Leftovers!</small><br></div><div class="spacer battle-history"><br></div><h2 class="battle-history">Turn 32</h2><div class="spacer battle-history"><br></div><div class="battle-history">The opposing Celesteela used <strong>Protect</strong>!<br></div><div class="battle-history"><small>The opposing Celesteela protected itself!</small><br></div><div class="spacer battle-history"><br></div><div class="battle-history">Tornadus used <strong>Heat Wave</strong>!<br></div><div class="battle-history"><small>The opposing Celesteela protected itself!</small><br></div><div class="spacer battle-history"><br></div><div class="battle-history"><small>The opposing Celesteela restored a little HP using its Leftovers!</small><br></div><div class="spacer battle-history"><br></div><h2 class="battle-history">Turn 33</h2><div class="spacer battle-history"><br></div><div class="battle-history">Tornadus used <strong>Heat Wave</strong>!<br></div><div class="battle-history"><small>It's super effective!</small><br></div><div class="battle-history"><small>(The opposing Celesteela lost <abbr title="−206/397">51.9%</abbr> of its health!)</small><br></div><div class="battle-history"><small>The opposing Celesteela was burned!</small><br></div><div class="spacer battle-history"><br></div><div class="battle-history">The opposing Celesteela used <strong>Heavy Slam</strong>!<br></div><div class="battle-history"><small>(Tornadus lost <abbr title="−86/299">28.8%</abbr> of its health!)</small><br></div><div class="spacer battle-history"><br></div><div class="battle-history"><small>The opposing Celesteela restored a little HP using its Leftovers!</small><br></div><div class="battle-history"><small>The opposing Celesteela was hurt by its burn!</small><br></div><div class="spacer battle-history"><br></div><h2 class="battle-history">Turn 34</h2><div class="chat chatmessage-jimjamj"><strong style="color:hsl(100,74%,37.655739041824354%)"><small>☆</small><span class="username" data-name="JimJamJ">JimJamJ</span>:</strong> <em>Ok</em></div><div class="spacer battle-history"><br></div><div class="battle-history">Tornadus used <strong>Heat Wave</strong>!<br></div><div class="battle-history"><small>It's super effective!</small><br></div><div class="battle-history"><small>(The opposing Celesteela lost <abbr title="−54/397">13.6%</abbr> of its health!)</small><br></div><div class="spacer battle-history"><br></div><div class="battle-history">The opposing Celesteela fainted!<br></div><div class="spacer battle-history"><br></div><div class="battle-history">JimJamJ sent out <strong>Keldeo</strong>!<br></div><div class="spacer battle-history"><br></div><h2 class="battle-history">Turn 35</h2><div class="spacer battle-history"><br></div><div class="battle-history">Tornadus, come back!<br></div><div class="battle-history">Go! <strong>Mienshao</strong>!<br></div><div class="spacer battle-history"><br></div><div class="battle-history">The opposing Keldeo used <strong>Scald</strong>!<br></div><div class="battle-history"><small>(Mienshao lost <abbr title="−271/271">100%</abbr> of its health!)</small><br></div><div class="spacer battle-history"><br></div><div class="battle-history">Mienshao fainted!<br></div><div class="spacer battle-history"><br></div><div class="battle-history">Go! Tornadus (<strong>Tornadus-Therian</strong>)!<br></div><div class="spacer battle-history"><br></div><h2 class="battle-history">Turn 36</h2><div class="chat chatmessage-jimjamj"><strong style="color:hsl(100,74%,37.655739041824354%)"><small>☆</small><span class="username" data-name="JimJamJ">JimJamJ</span>:</strong> <em>que frustrante</em></div><div class="chat chatmessage-vectoraxel"><strong style="color:hsl(289,61%,50.81556149136252%)"><small>☆</small><span class="username" data-name="VectorAxel">VectorAxel</span>:</strong> <em>srry</em></div><div class="spacer battle-history"><br></div><div class="battle-history">Tornadus used <strong>Air Slash</strong>!<br></div><div class="battle-history"><small>It's super effective!</small><br></div><div class="battle-history"><small>(The opposing Keldeo lost <abbr title="−303/323">93.8%</abbr> of its health!)</small><br></div><div class="spacer battle-history"><br></div><div class="battle-history">The opposing Keldeo fainted!<br></div><div class="spacer battle-history"><br></div><div class="battle-history"><strong>VectorAxel</strong> won the battle!<br></div></div><div class="inner-preempt"></div></div></div>
</div>
<script>
let daily = Math.floor(Date.now()/1000/60/60/24);document.write('<script src="https://play.pokemonshowdown.com/js/replay-embed.js?version'+daily+'"></'+'script>');
</script>
