<!DOCTYPE html>
<meta charset="utf-8" />
<!-- version 1 -->
<title>OU replay: Camila Cruz猫田♡ vs. ElTioDeJohan</title>
<style>
html,body {font-family:Verdana, sans-serif;font-size:10pt;margin:0;padding:0;}body{padding:12px 0;} .battle-log {font-family:Verdana, sans-serif;font-size:10pt;} .battle-log-inline {border:1px solid #AAAAAA;background:#EEF2F5;color:black;max-width:640px;margin:0 auto 80px;padding-bottom:5px;} .battle-log .inner {padding:4px 8px 0px 8px;} .battle-log .inner-preempt {padding:0 8px 4px 8px;} .battle-log .inner-after {margin-top:0.5em;} .battle-log h2 {margin:0.5em -8px;padding:4px 8px;border:1px solid #AAAAAA;background:#E0E7EA;border-left:0;border-right:0;font-family:Verdana, sans-serif;font-size:13pt;} .battle-log .chat {vertical-align:middle;padding:3px 0 3px 0;font-size:8pt;} .battle-log .chat strong {color:#40576A;} .battle-log .chat em {padding:1px 4px 1px 3px;color:#000000;font-style:normal;} .chat.mine {background:rgba(0,0,0,0.05);margin-left:-8px;margin-right:-8px;padding-left:8px;padding-right:8px;} .spoiler {color:#BBBBBB;background:#BBBBBB;padding:0px 3px;} .spoiler:hover, .spoiler:active, .spoiler-shown {color:#000000;background:#E2E2E2;padding:0px 3px;} .spoiler a {color:#BBBBBB;} .spoiler:hover a, .spoiler:active a, .spoiler-shown a {color:#2288CC;} .chat code, .chat .spoiler:hover code, .chat .spoiler:active code, .chat .spoiler-shown code {border:1px solid #C0C0C0;background:#EEEEEE;color:black;padding:0 2px;} .chat .spoiler code {border:1px solid #CCCCCC;background:#CCCCCC;color:#CCCCCC;} .battle-log .rated {padding:3px 4px;} .battle-log .rated strong {color:white;background:#89A;padding:1px 4px;border-radius:4px;} .spacer {margin-top:0.5em;} .message-announce {background:#6688AA;color:white;padding:1px 4px 2px;} .message-announce a, .broadcast-green a, .broadcast-blue a, .broadcast-red a {color:#DDEEFF;} .broadcast-green {background-color:#559955;color:white;padding:2px 4px;} .broadcast-blue {background-color:#6688AA;color:white;padding:2px 4px;} .infobox {border:1px solid #6688AA;padding:2px 4px;} .infobox-limited {max-height:200px;overflow:auto;overflow-x:hidden;} .broadcast-red {background-color:#AA5544;color:white;padding:2px 4px;} .message-learn-canlearn {font-weight:bold;color:#228822;text-decoration:underline;} .message-learn-cannotlearn {font-weight:bold;color:#CC2222;text-decoration:underline;} .message-effect-weak {font-weight:bold;color:#CC2222;} .message-effect-resist {font-weight:bold;color:#6688AA;} .message-effect-immune {font-weight:bold;color:#666666;} .message-learn-list {margin-top:0;margin-bottom:0;} .message-throttle-notice, .message-error {color:#992222;} .message-overflow, .chat small.message-overflow {font-size:0pt;} .message-overflow::before {font-size:9pt;content:'...';} .subtle {color:#3A4A66;}
</style>
<div class="wrapper replay-wrapper" style="max-width:1180px;margin:0 auto">
<input type="hidden" name="replayid" value="destiny-ou-562475" />
<div class="battle"></div><div class="battle-log"></div><div class="replay-controls"></div><div class="replay-controls-2"></div>
<h1 style="font-weight:normal;text-align:center"><strong>OU</strong><br /><a href="http://pokemonshowdown.com/users/camilacruz" class="subtle" target="_blank">Camila Cruz猫田♡</a> vs. <a href="http://pokemonshowdown.com/users/eltiodejohan" class="subtle" target="_blank">ElTioDeJohan</a></h1>
<script type="text/plain" class="battle-log-data">|player|p1|Camila Cruz猫田♡|camilacruz-10.gif?be3890a1
|teamsize|p1|6
|player|p2|ElTioDeJohan|eltiodejohan.gif?24d1248a
|teamsize|p2|6
|teamsize|p1|6
|teamsize|p2|6
|gametype|singles
|gen|7
|tier|OU
|seed|2889,10293,63153,28811
|rule|Cláusula-Mod de Dormir: solo puedes dormir a uno de tus oponentes a la vez.
|rule|Cláusula de Especie: Hasta un Pokémon de cada especie
|rule|Cláusula de Golpe Fulminante: los movimientos fulminantes (OHKO) estan prohibidos
|rule|Cláusula de Veleta: la habilidad Veleta está prohibida
|rule|Cláusula de Movimientos Evasivos: los movimientos de Evasión están prohibidos.
|rule|Cláusula de Batallas Eternas: forzar batallas eternas está prohibido
|clearpoke
|poke|p1|Mawile, F, shiny|item
|poke|p1|Landorus-Therian, M|item
|poke|p1|Tapu Fini|item
|poke|p1|Zapdos|item
|poke|p1|Ferrothorn, M|item
|poke|p1|Volcarona, M|item
|poke|p2|Charizard, M|item
|poke|p2|Jirachi|item
|poke|p2|Hoopa-Unbound|item
|poke|p2|Zapdos|item
|poke|p2|Landorus-Therian, M|item
|poke|p2|Chansey, F|item
|teampreview|undefined
|choice|*team 213456|*
|c|♦Luisotte|link del net y eso
|c|☆Camila Cruz猫田♡|yo ando en psim
|choice|*|*team 623451
|choice|team 2, 1, 3, 4, 5, 6|team 6, 2, 3, 4, 5, 1
|
|start
|switch|p1a: Landorus|Landorus-Therian, M|345\/345
|switch|p2a: Chansey|Chansey, F|703\/703
|-ability|p1a: Landorus|Intimidate|boost
|-unboost|p2a: Chansey|atk|1
|turn|1
|choice|*|*move 1
|c|☆Camila Cruz猫田♡|ElTioDeJohan pasa tu el link
|c|☆ElTioDeJohan|https:\/\/play.destinyshowdown.net\/battle-ou-562475
|c|♦Luisotte|ty
|inactive|Reloj de batalla ENCENDIDO. El jugador inactivo será descalificado (solicitado por ElTioDeJohan).
|choice|*switch 2|*
|choice|switch 2|move stealthrock
|
|switch|p1a: Mawile|Mawile, F, shiny|271\/271
|-ability|p1a: Mawile|Intimidate|boost
|-unboost|p2a: Chansey|atk|1
|move|p2a: Chansey|Stealth Rock|p1a: Mawile
|-sidestart|p1: Camila Cruz猫田♡|move: Stealth Rock
|
|upkeep
|turn|2
|choice|*|*switch 5
|choice|*move 4 mega|*
|choice|move icepunch mega|switch 5
|
|switch|p2a: Landorus|Landorus-Therian, M|382\/382
|-ability|p2a: Landorus|Intimidate|boost
|-unboost|p1a: Mawile|atk|1
|-mega|p1a: Mawile|Mawile|Mawilite
|detailschange|p1a: Mawile|Mawile-Mega, F, shiny
|move|p1a: Mawile|Ice Punch|p2a: Landorus
|-supereffective|p2a: Landorus
|-damage|p2a: Landorus|0 fnt
|faint|p2a: Landorus
|
|upkeep
|inactive|ElTioDeJohan tiene 285 segundos restantes.
|c| Dukeangel|suerte a ambos
|choice|*|*switch 4
|choice||switch 4
|
|switch|p2a: Zapdos|Zapdos|384\/384
|turn|3
|choice|*|*move 1
|choice|*switch 5|*
|choice|switch 5|move discharge
|
|switch|p1a: Ferrothorn|Ferrothorn, M|352\/352
|-damage|p1a: Ferrothorn|330\/352|[from] Stealth Rock
|move|p2a: Zapdos|Discharge|p1a: Ferrothorn
|-resisted|p1a: Ferrothorn
|-damage|p1a: Ferrothorn|290\/352
|-status|p1a: Ferrothorn|par
|
|-heal|p1a: Ferrothorn|312\/352 par|[from] item: Leftovers
|upkeep
|turn|4
|choice|*|*move 2
|choice|*switch 2|*
|choice|switch 2|move heatwave
|
|switch|p1a: Landorus|Landorus-Therian, M|345\/345
|-damage|p1a: Landorus|302\/345|[from] Stealth Rock
|-ability|p1a: Landorus|Intimidate|boost
|-unboost|p2a: Zapdos|atk|1
|move|p2a: Zapdos|Heat Wave|p1a: Landorus
|-crit|p1a: Landorus
|-damage|p1a: Landorus|136\/345
|
|upkeep
|turn|5
|choice|*move 4|*
|choice|*|*move 2
|choice|move toxic|move heatwave
|
|move|p1a: Landorus|Toxic|p2a: Zapdos
|-status|p2a: Zapdos|tox
|move|p2a: Zapdos|Heat Wave|p1a: Landorus
|-damage|p1a: Landorus|29\/345
|
|-damage|p2a: Zapdos|360\/384 tox|[from] psn
|upkeep
|turn|6
|choice|*|*switch 2
|choice|*switch 4|*
|choice|switch 4|switch 2
|
|switch|p1a: Zapdos|Zapdos|383\/383
|-damage|p1a: Zapdos|288\/383|[from] Stealth Rock
|switch|p2a: Jirachi|Jirachi|403\/403
|
|-heal|p1a: Zapdos|311\/383|[from] item: Leftovers
|upkeep
|turn|7
|choice|*move 2|*
|choice|*|*switch 5
|choice|move defog|switch 5
|
|switch|p2a: Chansey|Chansey, F|703\/703
|move|p1a: Zapdos|Defog|p2a: Chansey
|-unboost|p2a: Chansey|evasion|1
|-sideend|p1: Camila Cruz猫田♡|Stealth Rock|[from] move: Defog|[of] p1a: Zapdos
|
|-heal|p1a: Zapdos|334\/383|[from] item: Leftovers
|upkeep
|turn|8
|choice|*move 1|*
|choice|*|*move 1
|choice|move voltswitch|move stealthrock
|
|move|p1a: Zapdos|Volt Switch|p2a: Chansey
|-damage|p2a: Chansey|636\/703
|choice|*switch 5|*
|choice|switch 5|
|
|switch|p1a: Mawile|Mawile-Mega, F, shiny|271\/271|[from]move: Volt Switch
|move|p2a: Chansey|Stealth Rock|p1a: Mawile
|-sidestart|p1: Camila Cruz猫田♡|move: Stealth Rock
|
|upkeep
|turn|9
|choice|*move 2|*
|choice|*|*move 2
|choice|move brickbreak|move seismictoss
|
|move|p1a: Mawile|Brick Break|p2a: Chansey
|-supereffective|p2a: Chansey
|-damage|p2a: Chansey|196\/703
|move|p2a: Chansey|Seismic Toss|p1a: Mawile
|-damage|p1a: Mawile|171\/271
|
|upkeep
|turn|10
|choice|*|*move 4
|choice|*move 3|*
|choice|*|*switch 5
|choice|move thunderpunch|switch 5
|
|switch|p2a: Jirachi|Jirachi|403\/403
|move|p1a: Mawile|Thunder Punch|p2a: Jirachi
|-damage|p2a: Jirachi|231\/403
|
|-heal|p2a: Jirachi|256\/403|[from] item: Leftovers
|upkeep
|turn|11
|c|☆ElTioDeJohan|mawile vergas
|choice|*|*move 3
|choice|*switch 5|*
|choice|switch 5|move protect
|
|switch|p1a: Zapdos|Zapdos|334\/383
|-damage|p1a: Zapdos|239\/383|[from] Stealth Rock
|move|p2a: Jirachi|Protect|p2a: Jirachi
|-fail|p2a: Jirachi
|
|-heal|p1a: Zapdos|262\/383|[from] item: Leftovers
|-heal|p2a: Jirachi|281\/403|[from] item: Leftovers
|upkeep
|turn|12
|c|♦Luisotte|cancer de mon
|choice|*|*switch 5
|choice|*move 2|*
|choice|move defog|switch 5
|
|switch|p2a: Chansey|Chansey, F|196\/703
|move|p1a: Zapdos|Defog|p2a: Chansey
|-unboost|p2a: Chansey|evasion|1
|-sideend|p1: Camila Cruz猫田♡|Stealth Rock|[from] move: Defog|[of] p1a: Zapdos
|
|-heal|p1a: Zapdos|285\/383|[from] item: Leftovers
|upkeep
|turn|13
|choice|*|*move 4
|choice|*move 1|*
|choice|move voltswitch|move softboiled
|
|move|p1a: Zapdos|Volt Switch|p2a: Chansey
|-damage|p2a: Chansey|136\/703
|choice|*switch 5|*
|choice|switch 5|
|
|switch|p1a: Mawile|Mawile-Mega, F, shiny|171\/271|[from]move: Volt Switch
|move|p2a: Chansey|Soft-Boiled|p2a: Chansey
|-heal|p2a: Chansey|488\/703
|
|upkeep
|turn|14
|choice|*move 2|*
|choice|*|*switch 2
|choice|move brickbreak|switch 2
|
|switch|p2a: Zapdos|Zapdos|360\/384 tox
|move|p1a: Mawile|Brick Break|p2a: Zapdos
|-resisted|p2a: Zapdos
|-damage|p2a: Zapdos|293\/384 tox
|
|-heal|p2a: Zapdos|317\/384 tox|[from] item: Leftovers
|-damage|p2a: Zapdos|293\/384 tox|[from] psn
|upkeep
|turn|15
|choice|*|*move 1
|inactive|Camila Cruz猫田♡ tiene 285 segundos restantes.
|choice|*switch 5|*
|choice|switch 5|move discharge
|
|switch|p1a: Zapdos|Zapdos|285\/383
|move|p2a: Zapdos|Discharge|p1a: Zapdos
|-damage|p1a: Zapdos|158\/383
|
|-heal|p1a: Zapdos|181\/383|[from] item: Leftovers
|-heal|p2a: Zapdos|317\/384 tox|[from] item: Leftovers
|-damage|p2a: Zapdos|269\/384 tox|[from] psn
|upkeep
|turn|16
|choice|*move 1|*
|choice|*|*switch 3
|choice|move voltswitch|switch 3
|
|switch|p2a: Hoopa|Hoopa-Unbound|301\/301
|move|p1a: Zapdos|Volt Switch|p2a: Hoopa
|-damage|p2a: Hoopa|228\/301
|choice|*switch 2|*
|choice|switch 2|
|
|switch|p1a: Ferrothorn|Ferrothorn, M|312\/352 par|[from]move: Volt Switch
|
|-heal|p1a: Ferrothorn|334\/352 par|[from] item: Leftovers
|upkeep
|turn|17
|choice|*move 2|*
|choice|*|*move 3
|choice|move stealthrock|move focusblast
|
|move|p2a: Hoopa|Focus Blast|p1a: Ferrothorn
|-supereffective|p1a: Ferrothorn
|-damage|p1a: Ferrothorn|90\/352 par
|move|p1a: Ferrothorn|Stealth Rock|p2a: Hoopa
|-sidestart|p2: ElTioDeJohan|move: Stealth Rock
|
|-heal|p1a: Ferrothorn|112\/352 par|[from] item: Leftovers
|upkeep
|turn|18
|choice|*|*move 2
|choice|*move 3|*
|choice|move knockoff|move darkpulse
|
|move|p2a: Hoopa|Dark Pulse|p1a: Ferrothorn
|-damage|p1a: Ferrothorn|0 fnt
|faint|p1a: Ferrothorn
|
|upkeep
|choice|*switch 6|*
|choice|switch 6|
|
|switch|p1a: Volcarona|Volcarona, M|311\/311
|turn|19
|choice|*move 1|*
|choice|*|*switch 3
|choice|move quiverdance|switch 3
|
|switch|p2a: Zapdos|Zapdos|269\/384 tox
|-damage|p2a: Zapdos|173\/384 tox|[from] Stealth Rock
|move|p1a: Volcarona|Quiver Dance|p1a: Volcarona
|-boost|p1a: Volcarona|spa|1
|-boost|p1a: Volcarona|spd|1
|-boost|p1a: Volcarona|spe|1
|
|-heal|p2a: Zapdos|197\/384 tox|[from] item: Leftovers
|-damage|p2a: Zapdos|173\/384 tox|[from] psn
|upkeep
|turn|20
|choice|*|*move 3
|choice|*move 3|*
|choice|move fireblast|move defog
|
|move|p1a: Volcarona|Fire Blast|p2a: Zapdos
|-damage|p2a: Zapdos|0 fnt
|faint|p2a: Zapdos
|
|upkeep
|choice|*|*switch 6
|choice||switch 6
|
|switch|p2a: Charizard|Charizard, M|297\/297
|-damage|p2a: Charizard|149\/297|[from] Stealth Rock
|turn|21
|choice|*|*move 1 mega
|choice|*move 2|*
|choice|move hiddenpower|move flareblitz mega
|
|-mega|p2a: Charizard|Charizard|Charizardite X
|detailschange|p2a: Charizard|Charizard-Mega-X, M
|move|p1a: Volcarona|Hidden Power|p2a: Charizard
|-supereffective|p2a: Charizard
|-damage|p2a: Charizard|0 fnt
|faint|p2a: Charizard
|
|upkeep
|choice|*|*switch 2
|choice||switch 2
|
|switch|p2a: Chansey|Chansey, F|488\/703
|-damage|p2a: Chansey|401\/703|[from] Stealth Rock
|turn|22
|choice|*|*move 4
|c|☆ElTioDeJohan|gg
|choice|*move 4 zmove|*
|choice|move bugbuzz zmove|move softboiled
|
|-zpower|p1a: Volcarona
|move|p1a: Volcarona|Savage Spin-Out|p2a: Chansey|[zeffect]
|-damage|p2a: Chansey|71\/703
|move|p2a: Chansey|Soft-Boiled|p2a: Chansey
|-heal|p2a: Chansey|423\/703
|
|upkeep
|turn|23
|choice|*|*move 4
|choice|*move 1|*
|choice|move quiverdance|move softboiled
|
|move|p1a: Volcarona|Quiver Dance|p1a: Volcarona
|-boost|p1a: Volcarona|spa|1
|-boost|p1a: Volcarona|spd|1
|-boost|p1a: Volcarona|spe|1
|move|p2a: Chansey|Soft-Boiled|p2a: Chansey
|-heal|p2a: Chansey|703\/703
|
|upkeep
|turn|24
|choice|*|*move 3
|choice|*move 1|*
|choice|move quiverdance|move toxic
|
|move|p1a: Volcarona|Quiver Dance|p1a: Volcarona
|-boost|p1a: Volcarona|spa|1
|-boost|p1a: Volcarona|spd|1
|-boost|p1a: Volcarona|spe|1
|move|p2a: Chansey|Toxic|p1a: Volcarona
|-status|p1a: Volcarona|tox
|
|-damage|p1a: Volcarona|292\/311 tox|[from] psn
|upkeep
|turn|25
|choice|*|*move 2
|choice|*move 3|*
|choice|*|*move 2
|choice|move fireblast|move seismictoss
|
|move|p1a: Volcarona|Fire Blast|p2a: Chansey
|-damage|p2a: Chansey|385\/703
|move|p2a: Chansey|Seismic Toss|p1a: Volcarona
|-damage|p1a: Volcarona|192\/311 tox
|
|-damage|p1a: Volcarona|154\/311 tox|[from] psn
|upkeep
|turn|26
|choice|*|*move 4
|choice|*switch 5|*
|choice|switch 5|move softboiled
|
|switch|p1a: Mawile|Mawile-Mega, F, shiny|171\/271
|move|p2a: Chansey|Soft-Boiled|p2a: Chansey
|-heal|p2a: Chansey|703\/703
|
|upkeep
|turn|27
|choice|*move 2|*
|choice|*|*move 2
|choice|move brickbreak|move seismictoss
|
|move|p1a: Mawile|Brick Break|p2a: Chansey
|-supereffective|p2a: Chansey
|-damage|p2a: Chansey|295\/703
|move|p2a: Chansey|Seismic Toss|p1a: Mawile
|-damage|p1a: Mawile|71\/271
|
|upkeep
|turn|28
|choice|*move 2|*
|choice|*|*move 1
|choice|move brickbreak|move stealthrock
|
|move|p1a: Mawile|Brick Break|p2a: Chansey
|-supereffective|p2a: Chansey
|-damage|p2a: Chansey|0 fnt
|faint|p2a: Chansey
|
|upkeep
|choice|*|*switch 3
|choice||switch 3
|
|switch|p2a: Hoopa|Hoopa-Unbound|228\/301
|-damage|p2a: Hoopa|191\/301|[from] Stealth Rock
|turn|29
|choice|*move 2|*
|choice|*|*move 2 zmove
|choice|move brickbreak|move darkpulse zmove
|
|-zpower|p2a: Hoopa
|move|p2a: Hoopa|Black Hole Eclipse|p1a: Mawile|[zeffect]
|-resisted|p1a: Mawile
|-damage|p1a: Mawile|0 fnt
|faint|p1a: Mawile
|
|upkeep
|choice|*switch 4|*
|choice|switch 4|
|
|switch|p1a: Landorus|Landorus-Therian, M|29\/345
|-ability|p1a: Landorus|Intimidate|boost
|-unboost|p2a: Hoopa|atk|1
|turn|30
|choice|*|*move 2
|choice|*move 3|*
|choice|move earthquake|move darkpulse
|
|move|p1a: Landorus|Earthquake|p2a: Hoopa
|-damage|p2a: Hoopa|0 fnt
|faint|p2a: Hoopa
|
|upkeep
|choice|*|*switch 5
|choice||switch 5
|
|switch|p2a: Jirachi|Jirachi|281\/403
|-damage|p2a: Jirachi|256\/403|[from] Stealth Rock
|turn|31
|choice|*|*move 3
|c|☆Camila Cruz猫田♡|gg
|choice|*move 3|*
|choice|move earthquake|move protect
|
|move|p2a: Jirachi|Protect|p2a: Jirachi
|-singleturn|p2a: Jirachi|Protect
|move|p1a: Landorus|Earthquake|p2a: Jirachi
|-activate|p2a: Jirachi|move: Protect
|
|-heal|p2a: Jirachi|281\/403|[from] item: Leftovers
|upkeep
|turn|32
|choice|*move 3|*
|choice|*|*move 1
|choice|move earthquake|move ironhead
|
|move|p1a: Landorus|Earthquake|p2a: Jirachi
|-supereffective|p2a: Jirachi
|-damage|p2a: Jirachi|0 fnt
|faint|p2a: Jirachi
|
|win|Camila Cruz猫田♡
</script>
</div>
<div class="battle-log battle-log-inline"><div class="inner"><div class="battle-options"></div><div class="inner"><div class=""><small>Format:</small> <br><strong>OU</strong></div><div class=""><small><em>Cláusula-Mod de Dormir:</em> solo puedes dormir a uno de tus oponentes a la vez.</small></div><div class=""><small><em>Cláusula de Especie:</em> Hasta un Pokémon de cada especie</small></div><div class=""><small><em>Cláusula de Golpe Fulminante:</em> los movimientos fulminantes (OHKO) estan prohibidos</small></div><div class=""><small><em>Cláusula de Veleta:</em> la habilidad Veleta está prohibida</small></div><div class=""><small><em>Cláusula de Movimientos Evasivos:</em> los movimientos de Evasión están prohibidos.</small></div><div class=""><small><em>Cláusula de Batallas Eternas:</em> forzar batallas eternas está prohibido</small></div><div class="chat battle-history"><strong>Camila Cruz猫田♡'s team:</strong> <em style="color:#445566;display:block;">Mawile / Landorus-Therian / Tapu Fini / Zapdos / Ferrothorn / Volcarona</em></div><div class="chat battle-history"><strong>ElTioDeJohan's team:</strong> <em style="color:#445566;display:block;">Charizard / Jirachi / Hoopa-Unbound / Zapdos / Landorus-Therian / Chansey</em></div><div class="chat chatmessage-luisotte"><strong style="color:hsl(313,40%,46.17285196307341%)"><small>♦</small><span class="username" data-name="Luisotte">Luisotte</span>:</strong> <em>link del net y eso</em></div><div class="chat chatmessage-camilacruz"><strong style="color:hsl(107,48%,44.819126939248115%)"><small>☆</small><span class="username" data-name="Camila Cruz猫田♡">Camila Cruz猫田♡</span>:</strong> <em>yo ando en psim</em></div><div class="spacer battle-history"><br></div><div class="battle-history">Battle started between Camila Cruz猫田♡ and ElTioDeJohan!<br></div><div class="spacer battle-history"><br></div><div class="battle-history">Go! Landorus (<strong>Landorus-Therian</strong>)!<br></div><div class="spacer battle-history"><br></div><div class="battle-history">ElTioDeJohan sent out <strong>Chansey</strong>!<br></div><div class="battle-history"><small>[Landorus's Intimidate]</small><br></div><div class="battle-history"><small>The opposing Chansey's Attack fell!</small><br></div><div class="spacer battle-history"><br></div><h2 class="battle-history">Turn 1</h2><div class="chat chatmessage-camilacruz"><strong style="color:hsl(107,48%,44.819126939248115%)"><small>☆</small><span class="username" data-name="Camila Cruz猫田♡">Camila Cruz猫田♡</span>:</strong> <em>ElTioDeJohan pasa tu el link</em></div><div class="chat chatmessage-eltiodejohan"><strong style="color:hsl(46,87%,34%)"><small>☆</small><span class="username" data-name="ElTioDeJohan">ElTioDeJohan</span>:</strong> <em><a href="https://play.destinyshowdown.net/battle-ou-562475" rel="noopener" target="_blank">https://play.destinyshowdown.net/battle-ou-562475</a></em></div><div class="chat chatmessage-luisotte"><strong style="color:hsl(313,40%,46.17285196307341%)"><small>♦</small><span class="username" data-name="Luisotte">Luisotte</span>:</strong> <em>ty</em></div><div class="chat message-error">Reloj de batalla ENCENDIDO. El jugador inactivo será descalificado (solicitado por ElTioDeJohan).</div><div class="spacer battle-history"><br></div><div class="battle-history">Landorus, come back!<br></div><div class="battle-history">Go! <strong>Mawile</strong>!<br></div><div class="battle-history"><small>[Mawile's Intimidate]</small><br></div><div class="battle-history"><small>The opposing Chansey's Attack fell!</small><br></div><div class="spacer battle-history"><br></div><div class="battle-history">The opposing Chansey used <strong>Stealth Rock</strong>!<br></div><div class="battle-history"><small>Pointed stones float in the air around your team!</small><br></div><div class="spacer battle-history"><br></div><h2 class="battle-history">Turn 2</h2><div class="spacer battle-history"><br></div><div class="battle-history">ElTioDeJohan withdrew Chansey!<br></div><div class="battle-history">ElTioDeJohan sent out Landorus (<strong>Landorus-Therian</strong>)!<br></div><div class="battle-history"><small>[The opposing Landorus's Intimidate]</small><br></div><div class="battle-history"><small>Mawile's Attack fell!</small><br></div><div class="spacer battle-history"><br></div><div class="battle-history"><small>Mawile's Mawilite is reacting to the Key Stone!</small><br>Mawile has Mega Evolved into Mega Mawile!<br></div><div class="spacer battle-history"><br></div><div class="battle-history">Mawile used <strong>Ice Punch</strong>!<br></div><div class="battle-history"><small>It's super effective!</small><br></div><div class="battle-history"><small>(The opposing Landorus lost <abbr title="−382/382">100%</abbr> of its health!)</small><br></div><div class="spacer battle-history"><br></div><div class="battle-history">The opposing Landorus fainted!<br></div><div class="chat message-error">ElTioDeJohan tiene 285 segundos restantes.</div><div class="chat chatmessage-dukeangel"><strong style="color:hsl(101,41%,45.53588624012591%)"><small> </small><span class="username" data-name="Dukeangel">Dukeangel</span>:</strong> <em>suerte a ambos</em></div><div class="spacer battle-history"><br></div><div class="battle-history">ElTioDeJohan sent out <strong>Zapdos</strong>!<br></div><div class="spacer battle-history"><br></div><h2 class="battle-history">Turn 3</h2><div class="spacer battle-history"><br></div><div class="battle-history">Mawile, come back!<br></div><div class="battle-history">Go! <strong>Ferrothorn</strong>!<br></div><div class="battle-history"><small>Pointed stones dug into Ferrothorn!</small><br></div><div class="spacer battle-history"><br></div><div class="battle-history">The opposing Zapdos used <strong>Discharge</strong>!<br></div><div class="battle-history"><small>It's not very effective...</small><br></div><div class="battle-history"><small>(Ferrothorn lost <abbr title="−40/352">11.4%</abbr> of its health!)</small><br></div><div class="battle-history"><small>Ferrothorn is paralyzed! It may be unable to move!</small><br></div><div class="spacer battle-history"><br></div><div class="battle-history"><small>Ferrothorn restored a little HP using its Leftovers!</small><br></div><div class="spacer battle-history"><br></div><h2 class="battle-history">Turn 4</h2><div class="spacer battle-history"><br></div><div class="battle-history">Ferrothorn, come back!<br></div><div class="battle-history">Go! Landorus (<strong>Landorus-Therian</strong>)!<br></div><div class="battle-history"><small>Pointed stones dug into Landorus!</small><br></div><div class="battle-history"><small>[Landorus's Intimidate]</small><br></div><div class="battle-history"><small>The opposing Zapdos's Attack fell!</small><br></div><div class="spacer battle-history"><br></div><div class="battle-history">The opposing Zapdos used <strong>Heat Wave</strong>!<br></div><div class="battle-history"><small>A critical hit!</small><br></div><div class="battle-history"><small>(Landorus lost <abbr title="−166/345">48.1%</abbr> of its health!)</small><br></div><div class="spacer battle-history"><br></div><h2 class="battle-history">Turn 5</h2><div class="spacer battle-history"><br></div><div class="battle-history">Landorus used <strong>Toxic</strong>!<br></div><div class="battle-history"><small>The opposing Zapdos was badly poisoned!</small><br></div><div class="spacer battle-history"><br></div><div class="battle-history">The opposing Zapdos used <strong>Heat Wave</strong>!<br></div><div class="battle-history"><small>(Landorus lost <abbr title="−107/345">31.0%</abbr> of its health!)</small><br></div><div class="spacer battle-history"><br></div><div class="battle-history"><small>The opposing Zapdos was hurt by poison!</small><br></div><div class="spacer battle-history"><br></div><h2 class="battle-history">Turn 6</h2><div class="spacer battle-history"><br></div><div class="battle-history">Landorus, come back!<br></div><div class="battle-history">Go! <strong>Zapdos</strong>!<br></div><div class="battle-history"><small>Pointed stones dug into Zapdos!</small><br></div><div class="spacer battle-history"><br></div><div class="battle-history">ElTioDeJohan withdrew Zapdos!<br></div><div class="battle-history">ElTioDeJohan sent out <strong>Jirachi</strong>!<br></div><div class="spacer battle-history"><br></div><div class="battle-history"><small>Zapdos restored a little HP using its Leftovers!</small><br></div><div class="spacer battle-history"><br></div><h2 class="battle-history">Turn 7</h2><div class="spacer battle-history"><br></div><div class="battle-history">ElTioDeJohan withdrew Jirachi!<br></div><div class="battle-history">ElTioDeJohan sent out <strong>Chansey</strong>!<br></div><div class="spacer battle-history"><br></div><div class="battle-history">Zapdos used <strong>Defog</strong>!<br></div><div class="battle-history"><small>The opposing Chansey's evasiveness fell!</small><br></div><div class="battle-history"><small>The pointed stones disappeared from around your team!</small><br></div><div class="spacer battle-history"><br></div><div class="battle-history"><small>Zapdos restored a little HP using its Leftovers!</small><br></div><div class="spacer battle-history"><br></div><h2 class="battle-history">Turn 8</h2><div class="spacer battle-history"><br></div><div class="battle-history">Zapdos used <strong>Volt Switch</strong>!<br></div><div class="battle-history"><small>(The opposing Chansey lost <abbr title="−67/703">9.5%</abbr> of its health!)</small><br></div><div class="spacer battle-history"><br></div><div class="battle-history">Zapdos went back to Camila Cruz猫田♡!<br></div><div class="battle-history">Go! Mawile (<strong>Mawile-Mega</strong>)!<br></div><div class="spacer battle-history"><br></div><div class="battle-history">The opposing Chansey used <strong>Stealth Rock</strong>!<br></div><div class="battle-history"><small>Pointed stones float in the air around your team!</small><br></div><div class="spacer battle-history"><br></div><h2 class="battle-history">Turn 9</h2><div class="spacer battle-history"><br></div><div class="battle-history">Mawile used <strong>Brick Break</strong>!<br></div><div class="battle-history"><small>It's super effective!</small><br></div><div class="battle-history"><small>(The opposing Chansey lost <abbr title="−440/703">62.6%</abbr> of its health!)</small><br></div><div class="spacer battle-history"><br></div><div class="battle-history">The opposing Chansey used <strong>Seismic Toss</strong>!<br></div><div class="battle-history"><small>(Mawile lost <abbr title="−100/271">36.9%</abbr> of its health!)</small><br></div><div class="spacer battle-history"><br></div><h2 class="battle-history">Turn 10</h2><div class="spacer battle-history"><br></div><div class="battle-history">ElTioDeJohan withdrew Chansey!<br></div><div class="battle-history">ElTioDeJohan sent out <strong>Jirachi</strong>!<br></div><div class="spacer battle-history"><br></div><div class="battle-history">Mawile used <strong>Thunder Punch</strong>!<br></div><div class="battle-history"><small>(The opposing Jirachi lost <abbr title="−172/403">42.7%</abbr> of its health!)</small><br></div><div class="spacer battle-history"><br></div><div class="battle-history"><small>The opposing Jirachi restored a little HP using its Leftovers!</small><br></div><div class="spacer battle-history"><br></div><h2 class="battle-history">Turn 11</h2><div class="chat chatmessage-eltiodejohan"><strong style="color:hsl(46,87%,34%)"><small>☆</small><span class="username" data-name="ElTioDeJohan">ElTioDeJohan</span>:</strong> <em>mawile vergas</em></div><div class="spacer battle-history"><br></div><div class="battle-history">Mawile, come back!<br></div><div class="battle-history">Go! <strong>Zapdos</strong>!<br></div><div class="battle-history"><small>Pointed stones dug into Zapdos!</small><br></div><div class="spacer battle-history"><br></div><div class="battle-history">The opposing Jirachi used <strong>Protect</strong>!<br></div><div class="battle-history"><small>But it failed!</small><br></div><div class="spacer battle-history"><br></div><div class="battle-history"><small>Zapdos restored a little HP using its Leftovers!</small><br></div><div class="battle-history"><small>The opposing Jirachi restored a little HP using its Leftovers!</small><br></div><div class="spacer battle-history"><br></div><h2 class="battle-history">Turn 12</h2><div class="chat chatmessage-luisotte"><strong style="color:hsl(313,40%,46.17285196307341%)"><small>♦</small><span class="username" data-name="Luisotte">Luisotte</span>:</strong> <em>cancer de mon</em></div><div class="spacer battle-history"><br></div><div class="battle-history">ElTioDeJohan withdrew Jirachi!<br></div><div class="battle-history">ElTioDeJohan sent out <strong>Chansey</strong>!<br></div><div class="spacer battle-history"><br></div><div class="battle-history">Zapdos used <strong>Defog</strong>!<br></div><div class="battle-history"><small>The opposing Chansey's evasiveness fell!</small><br></div><div class="battle-history"><small>The pointed stones disappeared from around your team!</small><br></div><div class="spacer battle-history"><br></div><div class="battle-history"><small>Zapdos restored a little HP using its Leftovers!</small><br></div><div class="spacer battle-history"><br></div><h2 class="battle-history">Turn 13</h2><div class="spacer battle-history"><br></div><div class="battle-history">Zapdos used <strong>Volt Switch</strong>!<br></div><div class="battle-history"><small>(The opposing Chansey lost <abbr title="−60/703">8.5%</abbr> of its health!)</small><br></div><div class="spacer battle-history"><br></div><div class="battle-history">Zapdos went back to Camila Cruz猫田♡!<br></div><div class="battle-history">Go! Mawile (<strong>Mawile-Mega</strong>)!<br></div><div class="spacer battle-history"><br></div><div class="battle-history">The opposing Chansey used <strong>Soft-Boiled</strong>!<br></div><div class="battle-history"><small>The opposing Chansey restored its HP.</small><br></div><div class="spacer battle-history"><br></div><h2 class="battle-history">Turn 14</h2><div class="spacer battle-history"><br></div><div class="battle-history">ElTioDeJohan withdrew Chansey!<br></div><div class="battle-history">ElTioDeJohan sent out <strong>Zapdos</strong>!<br></div><div class="spacer battle-history"><br></div><div class="battle-history">Mawile used <strong>Brick Break</strong>!<br></div><div class="battle-history"><small>It's not very effective...</small><br></div><div class="battle-history"><small>(The opposing Zapdos lost <abbr title="−67/384">17.4%</abbr> of its health!)</small><br></div><div class="spacer battle-history"><br></div><div class="battle-history"><small>The opposing Zapdos restored a little HP using its Leftovers!</small><br></div><div class="battle-history"><small>The opposing Zapdos was hurt by poison!</small><br></div><div class="spacer battle-history"><br></div><h2 class="battle-history">Turn 15</h2><div class="chat message-error">Camila Cruz猫田♡ tiene 285 segundos restantes.</div><div class="spacer battle-history"><br></div><div class="battle-history">Mawile, come back!<br></div><div class="battle-history">Go! <strong>Zapdos</strong>!<br></div><div class="spacer battle-history"><br></div><div class="battle-history">The opposing Zapdos used <strong>Discharge</strong>!<br></div><div class="battle-history"><small>(Zapdos lost <abbr title="−127/383">33.2%</abbr> of its health!)</small><br></div><div class="spacer battle-history"><br></div><div class="battle-history"><small>Zapdos restored a little HP using its Leftovers!</small><br></div><div class="battle-history"><small>The opposing Zapdos restored a little HP using its Leftovers!</small><br></div><div class="battle-history"><small>The opposing Zapdos was hurt by poison!</small><br></div><div class="spacer battle-history"><br></div><h2 class="battle-history">Turn 16</h2><div class="spacer battle-history"><br></div><div class="battle-history">ElTioDeJohan withdrew Zapdos!<br></div><div class="battle-history">ElTioDeJohan sent out Hoopa (<strong>Hoopa-Unbound</strong>)!<br></div><div class="spacer battle-history"><br></div><div class="battle-history">Zapdos used <strong>Volt Switch</strong>!<br></div><div class="battle-history"><small>(The opposing Hoopa lost <abbr title="−73/301">24.3%</abbr> of its health!)</small><br></div><div class="spacer battle-history"><br></div><div class="battle-history">Zapdos went back to Camila Cruz猫田♡!<br></div><div class="battle-history">Go! <strong>Ferrothorn</strong>!<br></div><div class="spacer battle-history"><br></div><div class="battle-history"><small>Ferrothorn restored a little HP using its Leftovers!</small><br></div><div class="spacer battle-history"><br></div><h2 class="battle-history">Turn 17</h2><div class="spacer battle-history"><br></div><div class="battle-history">The opposing Hoopa used <strong>Focus Blast</strong>!<br></div><div class="battle-history"><small>It's super effective!</small><br></div><div class="battle-history"><small>(Ferrothorn lost <abbr title="−244/352">69.3%</abbr> of its health!)</small><br></div><div class="spacer battle-history"><br></div><div class="battle-history">Ferrothorn used <strong>Stealth Rock</strong>!<br></div><div class="battle-history"><small>Pointed stones float in the air around the opposing team!</small><br></div><div class="spacer battle-history"><br></div><div class="battle-history"><small>Ferrothorn restored a little HP using its Leftovers!</small><br></div><div class="spacer battle-history"><br></div><h2 class="battle-history">Turn 18</h2><div class="spacer battle-history"><br></div><div class="battle-history">The opposing Hoopa used <strong>Dark Pulse</strong>!<br></div><div class="battle-history"><small>(Ferrothorn lost <abbr title="−112/352">31.8%</abbr> of its health!)</small><br></div><div class="spacer battle-history"><br></div><div class="battle-history">Ferrothorn fainted!<br></div><div class="spacer battle-history"><br></div><div class="battle-history">Go! <strong>Volcarona</strong>!<br></div><div class="spacer battle-history"><br></div><h2 class="battle-history">Turn 19</h2><div class="spacer battle-history"><br></div><div class="battle-history">ElTioDeJohan withdrew Hoopa!<br></div><div class="battle-history">ElTioDeJohan sent out <strong>Zapdos</strong>!<br></div><div class="battle-history"><small>Pointed stones dug into the opposing Zapdos!</small><br></div><div class="spacer battle-history"><br></div><div class="battle-history">Volcarona used <strong>Quiver Dance</strong>!<br></div><div class="battle-history"><small>Volcarona's Special Attack rose!</small><br></div><div class="battle-history"><small>Volcarona's Special Defense rose!</small><br></div><div class="battle-history"><small>Volcarona's Speed rose!</small><br></div><div class="spacer battle-history"><br></div><div class="battle-history"><small>The opposing Zapdos restored a little HP using its Leftovers!</small><br></div><div class="battle-history"><small>The opposing Zapdos was hurt by poison!</small><br></div><div class="spacer battle-history"><br></div><h2 class="battle-history">Turn 20</h2><div class="spacer battle-history"><br></div><div class="battle-history">Volcarona used <strong>Fire Blast</strong>!<br></div><div class="battle-history"><small>(The opposing Zapdos lost <abbr title="−173/384">45.1%</abbr> of its health!)</small><br></div><div class="spacer battle-history"><br></div><div class="battle-history">The opposing Zapdos fainted!<br></div><div class="spacer battle-history"><br></div><div class="battle-history">ElTioDeJohan sent out <strong>Charizard</strong>!<br></div><div class="battle-history"><small>Pointed stones dug into the opposing Charizard!</small><br></div><div class="spacer battle-history"><br></div><h2 class="battle-history">Turn 21</h2><div class="spacer battle-history"><br></div><div class="battle-history"><small>The opposing Charizard's Charizardite X is reacting to the Key Stone!</small><br>The opposing Charizard has Mega Evolved into Mega Charizard!<br></div><div class="spacer battle-history"><br></div><div class="battle-history">Volcarona used <strong>Hidden Power</strong>!<br></div><div class="battle-history"><small>It's super effective!</small><br></div><div class="battle-history"><small>(The opposing Charizard lost <abbr title="−149/297">50.2%</abbr> of its health!)</small><br></div><div class="spacer battle-history"><br></div><div class="battle-history">The opposing Charizard fainted!<br></div><div class="spacer battle-history"><br></div><div class="battle-history">ElTioDeJohan sent out <strong>Chansey</strong>!<br></div><div class="battle-history"><small>Pointed stones dug into the opposing Chansey!</small><br></div><div class="spacer battle-history"><br></div><h2 class="battle-history">Turn 22</h2><div class="chat chatmessage-eltiodejohan"><strong style="color:hsl(46,87%,34%)"><small>☆</small><span class="username" data-name="ElTioDeJohan">ElTioDeJohan</span>:</strong> <em>gg</em></div><div class="spacer battle-history"><br></div><div class="battle-history"><small>Volcarona surrounded itself with its Z-Power!</small><br></div><div class="spacer battle-history"><br></div><div class="battle-history">Volcarona used <strong>Savage Spin-Out</strong>!<br></div><div class="battle-history"><small>(The opposing Chansey lost <abbr title="−330/703">46.9%</abbr> of its health!)</small><br></div><div class="spacer battle-history"><br></div><div class="battle-history">The opposing Chansey used <strong>Soft-Boiled</strong>!<br></div><div class="battle-history"><small>The opposing Chansey restored its HP.</small><br></div><div class="spacer battle-history"><br></div><h2 class="battle-history">Turn 23</h2><div class="spacer battle-history"><br></div><div class="battle-history">Volcarona used <strong>Quiver Dance</strong>!<br></div><div class="battle-history"><small>Volcarona's Special Attack rose!</small><br></div><div class="battle-history"><small>Volcarona's Special Defense rose!</small><br></div><div class="battle-history"><small>Volcarona's Speed rose!</small><br></div><div class="spacer battle-history"><br></div><div class="battle-history">The opposing Chansey used <strong>Soft-Boiled</strong>!<br></div><div class="battle-history"><small>The opposing Chansey restored its HP.</small><br></div><div class="spacer battle-history"><br></div><h2 class="battle-history">Turn 24</h2><div class="spacer battle-history"><br></div><div class="battle-history">Volcarona used <strong>Quiver Dance</strong>!<br></div><div class="battle-history"><small>Volcarona's Special Attack rose!</small><br></div><div class="battle-history"><small>Volcarona's Special Defense rose!</small><br></div><div class="battle-history"><small>Volcarona's Speed rose!</small><br></div><div class="spacer battle-history"><br></div><div class="battle-history">The opposing Chansey used <strong>Toxic</strong>!<br></div><div class="battle-history"><small>Volcarona was badly poisoned!</small><br></div><div class="spacer battle-history"><br></div><div class="battle-history"><small>Volcarona was hurt by poison!</small><br></div><div class="spacer battle-history"><br></div><h2 class="battle-history">Turn 25</h2><div class="spacer battle-history"><br></div><div class="battle-history">Volcarona used <strong>Fire Blast</strong>!<br></div><div class="battle-history"><small>(The opposing Chansey lost <abbr title="−318/703">45.2%</abbr> of its health!)</small><br></div><div class="spacer battle-history"><br></div><div class="battle-history">The opposing Chansey used <strong>Seismic Toss</strong>!<br></div><div class="battle-history"><small>(Volcarona lost <abbr title="−100/311">32.2%</abbr> of its health!)</small><br></div><div class="spacer battle-history"><br></div><div class="battle-history"><small>Volcarona was hurt by poison!</small><br></div><div class="spacer battle-history"><br></div><h2 class="battle-history">Turn 26</h2><div class="spacer battle-history"><br></div><div class="battle-history">Volcarona, come back!<br></div><div class="battle-history">Go! Mawile (<strong>Mawile-Mega</strong>)!<br></div><div class="spacer battle-history"><br></div><div class="battle-history">The opposing Chansey used <strong>Soft-Boiled</strong>!<br></div><div class="battle-history"><small>The opposing Chansey restored its HP.</small><br></div><div class="spacer battle-history"><br></div><h2 class="battle-history">Turn 27</h2><div class="spacer battle-history"><br></div><div class="battle-history">Mawile used <strong>Brick Break</strong>!<br></div><div class="battle-history"><small>It's super effective!</small><br></div><div class="battle-history"><small>(The opposing Chansey lost <abbr title="−408/703">58.0%</abbr> of its health!)</small><br></div><div class="spacer battle-history"><br></div><div class="battle-history">The opposing Chansey used <strong>Seismic Toss</strong>!<br></div><div class="battle-history"><small>(Mawile lost <abbr title="−100/271">36.9%</abbr> of its health!)</small><br></div><div class="spacer battle-history"><br></div><h2 class="battle-history">Turn 28</h2><div class="spacer battle-history"><br></div><div class="battle-history">Mawile used <strong>Brick Break</strong>!<br></div><div class="battle-history"><small>It's super effective!</small><br></div><div class="battle-history"><small>(The opposing Chansey lost <abbr title="−295/703">42.0%</abbr> of its health!)</small><br></div><div class="spacer battle-history"><br></div><div class="battle-history">The opposing Chansey fainted!<br></div><div class="spacer battle-history"><br></div><div class="battle-history">ElTioDeJohan sent out Hoopa (<strong>Hoopa-Unbound</strong>)!<br></div><div class="battle-history"><small>Pointed stones dug into the opposing Hoopa!</small><br></div><div class="spacer battle-history"><br></div><h2 class="battle-history">Turn 29</h2><div class="spacer battle-history"><br></div><div class="battle-history"><small>The opposing Hoopa surrounded itself with its Z-Power!</small><br></div><div class="spacer battle-history"><br></div><div class="battle-history">The opposing Hoopa used <strong>Black Hole Eclipse</strong>!<br></div><div class="battle-history"><small>It's not very effective...</small><br></div><div class="battle-history"><small>(Mawile lost <abbr title="−71/271">26.2%</abbr> of its health!)</small><br></div><div class="spacer battle-history"><br></div><div class="battle-history">Mawile fainted!<br></div><div class="spacer battle-history"><br></div><div class="battle-history">Go! Landorus (<strong>Landorus-Therian</strong>)!<br></div><div class="battle-history"><small>[Landorus's Intimidate]</small><br></div><div class="battle-history"><small>The opposing Hoopa's Attack fell!</small><br></div><div class="spacer battle-history"><br></div><h2 class="battle-history">Turn 30</h2><div class="spacer battle-history"><br></div><div class="battle-history">Landorus used <strong>Earthquake</strong>!<br></div><div class="battle-history"><small>(The opposing Hoopa lost <abbr title="−191/301">63.5%</abbr> of its health!)</small><br></div><div class="spacer battle-history"><br></div><div class="battle-history">The opposing Hoopa fainted!<br></div><div class="spacer battle-history"><br></div><div class="battle-history">ElTioDeJohan sent out <strong>Jirachi</strong>!<br></div><div class="battle-history"><small>Pointed stones dug into the opposing Jirachi!</small><br></div><div class="spacer battle-history"><br></div><h2 class="battle-history">Turn 31</h2><div class="chat chatmessage-camilacruz"><strong style="color:hsl(107,48%,44.819126939248115%)"><small>☆</small><span class="username" data-name="Camila Cruz猫田♡">Camila Cruz猫田♡</span>:</strong> <em>gg</em></div><div class="spacer battle-history"><br></div><div class="battle-history">The opposing Jirachi used <strong>Protect</strong>!<br></div><div class="battle-history"><small>The opposing Jirachi protected itself!</small><br></div><div class="spacer battle-history"><br></div><div class="battle-history">Landorus used <strong>Earthquake</strong>!<br></div><div class="battle-history"><small>The opposing Jirachi protected itself!</small><br></div><div class="spacer battle-history"><br></div><div class="battle-history"><small>The opposing Jirachi restored a little HP using its Leftovers!</small><br></div><div class="spacer battle-history"><br></div><h2 class="battle-history">Turn 32</h2><div class="spacer battle-history"><br></div><div class="battle-history">Landorus used <strong>Earthquake</strong>!<br></div><div class="battle-history"><small>It's super effective!</small><br></div><div class="battle-history"><small>(The opposing Jirachi lost <abbr title="−281/403">69.7%</abbr> of its health!)</small><br></div><div class="spacer battle-history"><br></div><div class="battle-history">The opposing Jirachi fainted!<br></div><div class="spacer battle-history"><br></div><div class="battle-history"><strong>Camila Cruz猫田♡</strong> won the battle!<br></div></div><div class="inner-preempt"></div></div></div>
</div>
<script>
let daily = Math.floor(Date.now()/1000/60/60/24);document.write('<script src="https://play.pokemonshowdown.com/js/replay-embed.js?version'+daily+'"></'+'script>');
</script>
