<!DOCTYPE html>
<meta charset="utf-8" />
<!-- version 1 -->
<title>OU replay: Quimera01 vs. masters1991</title>
<style>
html,body {font-family:Verdana, sans-serif;font-size:10pt;margin:0;padding:0;}body{padding:12px 0;} .battle-log {font-family:Verdana, sans-serif;font-size:10pt;} .battle-log-inline {border:1px solid #AAAAAA;background:#EEF2F5;color:black;max-width:640px;margin:0 auto 80px;padding-bottom:5px;} .battle-log .inner {padding:4px 8px 0px 8px;} .battle-log .inner-preempt {padding:0 8px 4px 8px;} .battle-log .inner-after {margin-top:0.5em;} .battle-log h2 {margin:0.5em -8px;padding:4px 8px;border:1px solid #AAAAAA;background:#E0E7EA;border-left:0;border-right:0;font-family:Verdana, sans-serif;font-size:13pt;} .battle-log .chat {vertical-align:middle;padding:3px 0 3px 0;font-size:8pt;} .battle-log .chat strong {color:#40576A;} .battle-log .chat em {padding:1px 4px 1px 3px;color:#000000;font-style:normal;} .chat.mine {background:rgba(0,0,0,0.05);margin-left:-8px;margin-right:-8px;padding-left:8px;padding-right:8px;} .spoiler {color:#BBBBBB;background:#BBBBBB;padding:0px 3px;} .spoiler:hover, .spoiler:active, .spoiler-shown {color:#000000;background:#E2E2E2;padding:0px 3px;} .spoiler a {color:#BBBBBB;} .spoiler:hover a, .spoiler:active a, .spoiler-shown a {color:#2288CC;} .chat code, .chat .spoiler:hover code, .chat .spoiler:active code, .chat .spoiler-shown code {border:1px solid #C0C0C0;background:#EEEEEE;color:black;padding:0 2px;} .chat .spoiler code {border:1px solid #CCCCCC;background:#CCCCCC;color:#CCCCCC;} .battle-log .rated {padding:3px 4px;} .battle-log .rated strong {color:white;background:#89A;padding:1px 4px;border-radius:4px;} .spacer {margin-top:0.5em;} .message-announce {background:#6688AA;color:white;padding:1px 4px 2px;} .message-announce a, .broadcast-green a, .broadcast-blue a, .broadcast-red a {color:#DDEEFF;} .broadcast-green {background-color:#559955;color:white;padding:2px 4px;} .broadcast-blue {background-color:#6688AA;color:white;padding:2px 4px;} .infobox {border:1px solid #6688AA;padding:2px 4px;} .infobox-limited {max-height:200px;overflow:auto;overflow-x:hidden;} .broadcast-red {background-color:#AA5544;color:white;padding:2px 4px;} .message-learn-canlearn {font-weight:bold;color:#228822;text-decoration:underline;} .message-learn-cannotlearn {font-weight:bold;color:#CC2222;text-decoration:underline;} .message-effect-weak {font-weight:bold;color:#CC2222;} .message-effect-resist {font-weight:bold;color:#6688AA;} .message-effect-immune {font-weight:bold;color:#666666;} .message-learn-list {margin-top:0;margin-bottom:0;} .message-throttle-notice, .message-error {color:#992222;} .message-overflow, .chat small.message-overflow {font-size:0pt;} .message-overflow::before {font-size:9pt;content:'...';} .subtle {color:#3A4A66;}
</style>
<div class="wrapper replay-wrapper" style="max-width:1180px;margin:0 auto">
<input type="hidden" name="replayid" value="destiny-ou-559529" />
<div class="battle"></div><div class="battle-log"></div><div class="replay-controls"></div><div class="replay-controls-2"></div>
<h1 style="font-weight:normal;text-align:center"><strong>OU</strong><br /><a href="http://pokemonshowdown.com/users/quimera01" class="subtle" target="_blank">Quimera01</a> vs. <a href="http://pokemonshowdown.com/users/masters1991" class="subtle" target="_blank">masters1991</a></h1>
<script type="text/plain" class="battle-log-data">|player|p1|Quimera01|2037
|teamsize|p1|6
|player|p2|masters1991|247
|teamsize|p2|6
|teamsize|p1|6
|teamsize|p2|6
|gametype|singles
|gen|7
|tier|OU
|seed|16323,2901,22072,55844
|rule|Cláusula-Mod de Dormir: solo puedes dormir a uno de tus oponentes a la vez.
|rule|Cláusula de Especie: Hasta un Pokémon de cada especie
|rule|Cláusula de Golpe Fulminante: los movimientos fulminantes (OHKO) estan prohibidos
|rule|Cláusula de Veleta: la habilidad Veleta está prohibida
|rule|Cláusula de Movimientos Evasivos: los movimientos de Evasión están prohibidos.
|rule|Cláusula de Batallas Eternas: forzar batallas eternas está prohibido
|clearpoke
|poke|p1|Lopunny, F|item
|poke|p1|Blacephalon|item
|poke|p1|Mew|item
|poke|p1|Ferrothorn, M|item
|poke|p1|Primarina, F|item
|poke|p1|Dragonite, F|item
|poke|p2|Electivire, M|item
|poke|p2|Heatran, F|item
|poke|p2|Tapu Lele|item
|poke|p2|Gyarados, F|item
|poke|p2|Meowstic, M|item
|poke|p2|Venusaur, M|item
|teampreview|undefined
|choice|*|*team 213456
|choice|*team 423156|*
|choice|team 4, 2, 3, 1, 5, 6|team 2, 1, 3, 4, 5, 6
|
|start
|switch|p1a: Ferrothorn|Ferrothorn, M|351\/351
|switch|p2a: Heatran|Heatran, F|323\/323
|turn|1
|choice|*switch 5|*
|choice|*switch 5|*
|choice|*|*move 1
|choice|switch 5|move stealthrock
|
|switch|p1a: Primarina|Primarina, F|364\/364
|move|p2a: Heatran|Stealth Rock|p1a: Primarina
|-sidestart|p1: Quimera01|move: Stealth Rock
|
|upkeep
|turn|2
|choice|*|*switch 2
|choice|*move 3|*
|choice|move psychic|switch 2
|
|switch|p2a: Electivire|Electivire, M|294\/294
|move|p1a: Primarina|Psychic|p2a: Electivire
|-damage|p2a: Electivire|80\/294
|
|upkeep
|turn|3
|choice|*switch 5|*
|choice|*|*move 1
|choice|switch 5|move earthquake
|
|switch|p1a: Ferrothorn|Ferrothorn, M|351\/351
|-damage|p1a: Ferrothorn|330\/351|[from] Stealth Rock
|move|p2a: Electivire|Earthquake|p1a: Ferrothorn
|-damage|p1a: Ferrothorn|237\/351
|
|upkeep
|turn|4
|choice|*move 1|*
|choice|*|*switch 2
|choice|move leechseed|switch 2
|
|switch|p2a: Heatran|Heatran, F|323\/323
|move|p1a: Ferrothorn|Leech Seed|p2a: Heatran
|-start|p2a: Heatran|move: Leech Seed
|
|-damage|p2a: Heatran|283\/323|[from] Leech Seed|[of] p1a: Ferrothorn
|-heal|p1a: Ferrothorn|277\/351|[silent]
|upkeep
|turn|5
|choice|*switch 3|*
|choice|*|*move 2
|choice|switch 3|move magmastorm
|
|switch|p1a: Mew|Mew|403\/403
|-damage|p1a: Mew|353\/403|[from] Stealth Rock
|move|p2a: Heatran|Magma Storm|p1a: Mew
|-damage|p1a: Mew|253\/403
|-activate|p1a: Mew|move: Magma Storm|[of] p2a: Heatran
|
|-heal|p1a: Mew|278\/403|[from] item: Leftovers
|-heal|p2a: Heatran|303\/323|[from] item: Leftovers
|-damage|p2a: Heatran|263\/323|[from] Leech Seed|[of] p1a: Mew
|-heal|p1a: Mew|318\/403|[silent]
|-damage|p1a: Mew|268\/403|[from] move: Magma Storm|[partiallytrapped]
|upkeep
|turn|6
|choice|*|*move 3
|choice|*move 2|*
|choice|move defog|move toxic
|
|move|p1a: Mew|Defog|p2a: Heatran
|-unboost|p2a: Heatran|evasion|1
|-sideend|p1: Quimera01|Stealth Rock|[from] move: Defog|[of] p1a: Mew
|move|p2a: Heatran|Toxic|p1a: Mew
|-status|p1a: Mew|tox
|-activate|p1a: Mew|ability: Synchronize
|-immune|p2a: Heatran|[msg]
|
|-heal|p1a: Mew|293\/403 tox|[from] item: Leftovers
|-heal|p2a: Heatran|283\/323|[from] item: Leftovers
|-damage|p2a: Heatran|243\/323|[from] Leech Seed|[of] p1a: Mew
|-heal|p1a: Mew|333\/403 tox|[silent]
|-damage|p1a: Mew|308\/403 tox|[from] psn
|-damage|p1a: Mew|258\/403 tox|[from] move: Magma Storm|[partiallytrapped]
|upkeep
|turn|7
|choice|*move 3|*
|choice|*|*move 4
|choice|move uturn|move protect
|
|move|p2a: Heatran|Protect|p2a: Heatran
|-singleturn|p2a: Heatran|Protect
|move|p1a: Mew|U-turn|p2a: Heatran
|-activate|p2a: Heatran|move: Protect
|
|-heal|p1a: Mew|283\/403 tox|[from] item: Leftovers
|-heal|p2a: Heatran|263\/323|[from] item: Leftovers
|-damage|p2a: Heatran|223\/323|[from] Leech Seed|[of] p1a: Mew
|-heal|p1a: Mew|323\/403 tox|[silent]
|-damage|p1a: Mew|273\/403 tox|[from] psn
|-damage|p1a: Mew|223\/403 tox|[from] move: Magma Storm|[partiallytrapped]
|upkeep
|turn|8
|choice|*move 3|*
|choice|*|*move 2
|choice|move uturn|move magmastorm
|
|move|p1a: Mew|U-turn|p2a: Heatran
|-resisted|p2a: Heatran
|-damage|p2a: Heatran|211\/323
|choice|*switch 5|*
|choice|switch 5|
|
|switch|p1a: Primarina|Primarina, F|364\/364|[from]move: U-turn
|move|p2a: Heatran|Magma Storm|p1a: Primarina|[miss]
|-miss|p2a: Heatran|p1a: Primarina
|
|-heal|p2a: Heatran|231\/323|[from] item: Leftovers
|-damage|p2a: Heatran|191\/323|[from] Leech Seed|[of] p1a: Primarina
|upkeep
|turn|9
|choice|*move 1|*
|choice|*|*switch 6
|choice|move hypervoice|switch 6
|
|switch|p2a: Venusaur|Venusaur, M|301\/301
|move|p1a: Primarina|Hyper Voice|p2a: Venusaur
|-resisted|p2a: Venusaur
|-damage|p2a: Venusaur|172\/301
|
|upkeep
|turn|10
|choice|*|*move 1 mega
|choice|*switch 6|*
|choice|switch 6|move gigadrain mega
|
|switch|p1a: Dragonite|Dragonite, F|323\/323
|-mega|p2a: Venusaur|Venusaur|Venusaurite
|detailschange|p2a: Venusaur|Venusaur-Mega, M
|move|p2a: Venusaur|Giga Drain|p1a: Dragonite
|-resisted|p1a: Dragonite
|-damage|p1a: Dragonite|310\/323
|-heal|p2a: Venusaur|179\/301|[from] drain|[of] p1a: Dragonite
|
|upkeep
|turn|11
|choice|*|*switch 3
|choice|*move 1|*
|choice|move dragondance|switch 3
|
|switch|p2a: Tapu Lele|Tapu Lele|281\/281
|-fieldstart|move: Psychic Terrain|[from] ability: Psychic Surge|[of] p2a: Tapu Lele
|move|p1a: Dragonite|Dragon Dance|p1a: Dragonite
|-boost|p1a: Dragonite|atk|1
|-boost|p1a: Dragonite|spe|1
|
|upkeep
|turn|12
|choice|*|*move 4
|choice|*move 2 zmove|*
|choice|move fly zmove|move moonblast
|
|-zpower|p1a: Dragonite
|move|p1a: Dragonite|Supersonic Skystrike|p2a: Tapu Lele|[zeffect]
|-damage|p2a: Tapu Lele|0 fnt
|faint|p2a: Tapu Lele
|
|upkeep
|choice|*|*switch 2
|choice||switch 2
|
|switch|p2a: Electivire|Electivire, M|80\/294
|turn|13
|choice|*|*move 2
|choice|*move 3|*
|choice|move earthquake|move icepunch
|
|move|p1a: Dragonite|Earthquake|p2a: Electivire
|-supereffective|p2a: Electivire
|-damage|p2a: Electivire|0 fnt
|faint|p2a: Electivire
|
|upkeep
|choice|*|*switch 4
|choice||switch 4
|
|switch|p2a: Gyarados|Gyarados, F|331\/331
|-ability|p2a: Gyarados|Intimidate|boost
|-unboost|p1a: Dragonite|atk|1
|turn|14
|choice|*|*move 1
|choice|*move 1|*
|choice|move dragondance|move waterfall
|
|move|p1a: Dragonite|Dragon Dance|p1a: Dragonite
|-boost|p1a: Dragonite|atk|1
|-boost|p1a: Dragonite|spe|1
|move|p2a: Gyarados|Waterfall|p1a: Dragonite
|-resisted|p1a: Dragonite
|-damage|p1a: Dragonite|242\/323
|
|upkeep
|turn|15
|choice|*move 2|*
|choice|*|*move 4
|choice|move fly|move taunt
|
|move|p1a: Dragonite|Fly|p2a: Gyarados|[still]
|-prepare|p1a: Dragonite|Fly|p2a: Gyarados
|move|p2a: Gyarados|Taunt|p1a: Dragonite|[miss]
|-miss|p2a: Gyarados|p1a: Dragonite
|
|-fieldend|move: Psychic Terrain
|upkeep
|turn|16
|choice|*move 1|*
|choice|*|*move 3
|choice|move fly|move dragondance
|
|move|p1a: Dragonite|Fly|p2a: Gyarados|[from]lockedmove
|-damage|p2a: Gyarados|57\/331
|-enditem|p2a: Gyarados|Iapapa Berry|[eat]
|-heal|p2a: Gyarados|222\/331|[from] item: Iapapa Berry
|move|p2a: Gyarados|Dragon Dance|p2a: Gyarados
|-boost|p2a: Gyarados|atk|1
|-boost|p2a: Gyarados|spe|1
|
|upkeep
|turn|17
|choice|*|*move 1
|choice|*move 2|*
|choice|move fly|move waterfall
|
|move|p1a: Dragonite|Fly|p2a: Gyarados|[still]
|-prepare|p1a: Dragonite|Fly|p2a: Gyarados
|move|p2a: Gyarados|Waterfall|p1a: Dragonite|[miss]
|-miss|p2a: Gyarados|p1a: Dragonite
|
|upkeep
|turn|18
|choice|*move 1|*
|choice|*|*move 1
|choice|move fly|move waterfall
|
|move|p1a: Dragonite|Fly|p2a: Gyarados|[from]lockedmove
|-damage|p2a: Gyarados|0 fnt
|faint|p2a: Gyarados
|
|upkeep
|choice|*|*switch 5
|choice||switch 5
|
|switch|p2a: Meowstic|Meowstic, M|289\/289
|turn|19
|choice|*|*move 1
|choice|*move 2|*
|choice|move fly|move fakeout
|
|move|p2a: Meowstic|Fake Out|p1a: Dragonite
|-damage|p1a: Dragonite|223\/323
|cant|p1a: Dragonite|flinch
|
|upkeep
|turn|20
|choice|*move 2|*
|choice|*|*move 2
|choice|move fly|move thunderwave
|
|move|p2a: Meowstic|Thunder Wave|p1a: Dragonite
|-status|p1a: Dragonite|par
|move|p1a: Dragonite|Fly|p2a: Meowstic|[still]
|-prepare|p1a: Dragonite|Fly|p2a: Meowstic
|
|upkeep
|turn|21
|choice|*move 1|*
|choice|*|*move 3
|choice|move fly|move lightscreen
|
|move|p2a: Meowstic|Light Screen|p2a: Meowstic
|-sidestart|p2: masters1991|move: Light Screen
|move|p1a: Dragonite|Fly|p2a: Meowstic|[from]lockedmove
|-damage|p2a: Meowstic|48\/289
|
|upkeep
|turn|22
|choice|*|*move 4
|choice|*move 3|*
|choice|move earthquake|move reflect
|
|move|p2a: Meowstic|Reflect|p2a: Meowstic
|-sidestart|p2: masters1991|Reflect
|move|p1a: Dragonite|Earthquake|p2a: Meowstic
|-damage|p2a: Meowstic|0 fnt
|faint|p2a: Meowstic
|
|upkeep
|choice|*|*switch 6
|choice||switch 6
|
|switch|p2a: Heatran|Heatran, F|191\/323
|turn|23
|choice|*move 3|*
|choice|*|*move 3
|choice|move earthquake|move toxic
|
|move|p1a: Dragonite|Earthquake|p2a: Heatran
|-supereffective|p2a: Heatran
|-damage|p2a: Heatran|0 fnt
|faint|p2a: Heatran
|
|upkeep
|choice|*|*switch 3
|choice||switch 3
|
|switch|p2a: Venusaur|Venusaur-Mega, M|179\/301
|turn|24
|choice|*|*move 3
|choice|*move 2|*
|choice|move fly|move sludgebomb
|
|move|p1a: Dragonite|Fly|p2a: Venusaur|[still]
|-prepare|p1a: Dragonite|Fly|p2a: Venusaur
|move|p2a: Venusaur|Sludge Bomb|p1a: Dragonite|[miss]
|-miss|p2a: Venusaur|p1a: Dragonite
|
|upkeep
|turn|25
|choice|*move 1|*
|choice|*|*move 4
|choice|move fly|move protect
|
|move|p2a: Venusaur|Protect|p2a: Venusaur
|-singleturn|p2a: Venusaur|Protect
|move|p1a: Dragonite|Fly|p2a: Venusaur|[from]lockedmove
|-activate|p2a: Venusaur|move: Protect
|
|upkeep
|turn|26
|choice|*|*move 3
|choice|*move 2|*
|choice|move fly|move sludgebomb
|
|move|p1a: Dragonite|Fly|p2a: Venusaur|[still]
|-prepare|p1a: Dragonite|Fly|p2a: Venusaur
|move|p2a: Venusaur|Sludge Bomb|p1a: Dragonite|[miss]
|-miss|p2a: Venusaur|p1a: Dragonite
|
|upkeep
|turn|27
|choice|*|*move 4
|choice|*move 1|*
|choice|move fly|move protect
|
|move|p2a: Venusaur|Protect|p2a: Venusaur
|-singleturn|p2a: Venusaur|Protect
|move|p1a: Dragonite|Fly|p2a: Venusaur|[from]lockedmove
|-activate|p2a: Venusaur|move: Protect
|
|upkeep
|turn|28
|choice|*|*move 1
|choice|*move 2|*
|choice|move fly|move gigadrain
|
|move|p1a: Dragonite|Fly|p2a: Venusaur|[still]
|-prepare|p1a: Dragonite|Fly|p2a: Venusaur
|move|p2a: Venusaur|Giga Drain|p1a: Dragonite|[miss]
|-miss|p2a: Venusaur|p1a: Dragonite
|
|-sideend|p2: masters1991|move: Light Screen
|upkeep
|turn|29
|choice|*|*move 4
|choice|*move 1|*
|choice|move fly|move protect
|
|move|p2a: Venusaur|Protect|p2a: Venusaur
|-singleturn|p2a: Venusaur|Protect
|move|p1a: Dragonite|Fly|p2a: Venusaur|[from]lockedmove
|-activate|p2a: Venusaur|move: Protect
|
|-sideend|p2: masters1991|Reflect
|upkeep
|turn|30
|choice|*move 3|*
|choice|*|*move 3
|choice|move earthquake|move sludgebomb
|
|move|p1a: Dragonite|Earthquake|p2a: Venusaur
|-damage|p2a: Venusaur|31\/301
|move|p2a: Venusaur|Sludge Bomb|p1a: Dragonite
|-damage|p1a: Dragonite|82\/323 par
|
|upkeep
|turn|31
|choice|*|*move 4
|choice|*move 3|*
|choice|move earthquake|move protect
|
|move|p2a: Venusaur|Protect|p2a: Venusaur
|-singleturn|p2a: Venusaur|Protect
|move|p1a: Dragonite|Earthquake|p2a: Venusaur
|-activate|p2a: Venusaur|move: Protect
|
|upkeep
|turn|32
|choice|*move 3|*
|choice|*|*move 1
|choice|move earthquake|move gigadrain
|
|move|p1a: Dragonite|Earthquake|p2a: Venusaur
|-damage|p2a: Venusaur|0 fnt
|faint|p2a: Venusaur
|
|win|Quimera01
</script>
</div>
<div class="battle-log battle-log-inline"><div class="inner"><div class="battle-options"></div><div class="inner"><div class=""><small>Format:</small> <br><strong>OU</strong></div><div class=""><small><em>Cláusula-Mod de Dormir:</em> solo puedes dormir a uno de tus oponentes a la vez.</small></div><div class=""><small><em>Cláusula de Especie:</em> Hasta un Pokémon de cada especie</small></div><div class=""><small><em>Cláusula de Golpe Fulminante:</em> los movimientos fulminantes (OHKO) estan prohibidos</small></div><div class=""><small><em>Cláusula de Veleta:</em> la habilidad Veleta está prohibida</small></div><div class=""><small><em>Cláusula de Movimientos Evasivos:</em> los movimientos de Evasión están prohibidos.</small></div><div class=""><small><em>Cláusula de Batallas Eternas:</em> forzar batallas eternas está prohibido</small></div><div class="chat battle-history"><strong>Quimera01's team:</strong> <em style="color:#445566;display:block;">Lopunny / Blacephalon / Mew / Ferrothorn / Primarina / Dragonite</em></div><div class="chat battle-history"><strong>masters1991's team:</strong> <em style="color:#445566;display:block;">Electivire / Heatran / Tapu Lele / Gyarados / Meowstic / Venusaur</em></div><div class="spacer battle-history"><br></div><div class="battle-history">Battle started between Quimera01 and masters1991!<br></div><div class="spacer battle-history"><br></div><div class="battle-history">Go! <strong>Ferrothorn</strong>!<br></div><div class="spacer battle-history"><br></div><div class="battle-history">masters1991 sent out <strong>Heatran</strong>!<br></div><div class="spacer battle-history"><br></div><h2 class="battle-history">Turn 1</h2><div class="spacer battle-history"><br></div><div class="battle-history">Ferrothorn, come back!<br></div><div class="battle-history">Go! <strong>Primarina</strong>!<br></div><div class="spacer battle-history"><br></div><div class="battle-history">The opposing Heatran used <strong>Stealth Rock</strong>!<br></div><div class="battle-history"><small>Pointed stones float in the air around your team!</small><br></div><div class="spacer battle-history"><br></div><h2 class="battle-history">Turn 2</h2><div class="spacer battle-history"><br></div><div class="battle-history">masters1991 withdrew Heatran!<br></div><div class="battle-history">masters1991 sent out <strong>Electivire</strong>!<br></div><div class="spacer battle-history"><br></div><div class="battle-history">Primarina used <strong>Psychic</strong>!<br></div><div class="battle-history"><small>(The opposing Electivire lost <abbr title="−214/294">72.8%</abbr> of its health!)</small><br></div><div class="spacer battle-history"><br></div><h2 class="battle-history">Turn 3</h2><div class="spacer battle-history"><br></div><div class="battle-history">Primarina, come back!<br></div><div class="battle-history">Go! <strong>Ferrothorn</strong>!<br></div><div class="battle-history"><small>Pointed stones dug into Ferrothorn!</small><br></div><div class="spacer battle-history"><br></div><div class="battle-history">The opposing Electivire used <strong>Earthquake</strong>!<br></div><div class="battle-history"><small>(Ferrothorn lost <abbr title="−93/351">26.5%</abbr> of its health!)</small><br></div><div class="spacer battle-history"><br></div><h2 class="battle-history">Turn 4</h2><div class="spacer battle-history"><br></div><div class="battle-history">masters1991 withdrew Electivire!<br></div><div class="battle-history">masters1991 sent out <strong>Heatran</strong>!<br></div><div class="spacer battle-history"><br></div><div class="battle-history">Ferrothorn used <strong>Leech Seed</strong>!<br></div><div class="battle-history"><small>The opposing Heatran was seeded!</small><br></div><div class="spacer battle-history"><br></div><div class="battle-history"><small>The opposing Heatran's health is sapped by Leech Seed!</small><br></div><div class="spacer battle-history"><br></div><h2 class="battle-history">Turn 5</h2><div class="spacer battle-history"><br></div><div class="battle-history">Ferrothorn, come back!<br></div><div class="battle-history">Go! <strong>Mew</strong>!<br></div><div class="battle-history"><small>Pointed stones dug into Mew!</small><br></div><div class="spacer battle-history"><br></div><div class="battle-history">The opposing Heatran used <strong>Magma Storm</strong>!<br></div><div class="battle-history"><small>(Mew lost <abbr title="−100/403">24.8%</abbr> of its health!)</small><br></div><div class="battle-history"><small>Mew became trapped by swirling magma!</small><br></div><div class="spacer battle-history"><br></div><div class="battle-history"><small>Mew restored a little HP using its Leftovers!</small><br></div><div class="battle-history"><small>The opposing Heatran restored a little HP using its Leftovers!</small><br></div><div class="battle-history"><small>The opposing Heatran's health is sapped by Leech Seed!</small><br></div><div class="battle-history"><small>Mew is hurt by Magma Storm!</small><br></div><div class="spacer battle-history"><br></div><h2 class="battle-history">Turn 6</h2><div class="spacer battle-history"><br></div><div class="battle-history">Mew used <strong>Defog</strong>!<br></div><div class="battle-history"><small>The opposing Heatran's evasiveness fell!</small><br></div><div class="battle-history"><small>The pointed stones disappeared from around your team!</small><br></div><div class="spacer battle-history"><br></div><div class="battle-history">The opposing Heatran used <strong>Toxic</strong>!<br></div><div class="battle-history"><small>Mew was badly poisoned!</small><br></div><div class="battle-history"><small>[Mew's Synchronize]</small><br></div><div class="battle-history"><small>It doesn't affect the opposing Heatran...</small><br></div><div class="spacer battle-history"><br></div><div class="battle-history"><small>Mew restored a little HP using its Leftovers!</small><br></div><div class="battle-history"><small>The opposing Heatran restored a little HP using its Leftovers!</small><br></div><div class="battle-history"><small>The opposing Heatran's health is sapped by Leech Seed!</small><br></div><div class="battle-history"><small>Mew was hurt by poison!</small><br></div><div class="battle-history"><small>Mew is hurt by Magma Storm!</small><br></div><div class="spacer battle-history"><br></div><h2 class="battle-history">Turn 7</h2><div class="spacer battle-history"><br></div><div class="battle-history">The opposing Heatran used <strong>Protect</strong>!<br></div><div class="battle-history"><small>The opposing Heatran protected itself!</small><br></div><div class="spacer battle-history"><br></div><div class="battle-history">Mew used <strong>U-turn</strong>!<br></div><div class="battle-history"><small>The opposing Heatran protected itself!</small><br></div><div class="spacer battle-history"><br></div><div class="battle-history"><small>Mew restored a little HP using its Leftovers!</small><br></div><div class="battle-history"><small>The opposing Heatran restored a little HP using its Leftovers!</small><br></div><div class="battle-history"><small>The opposing Heatran's health is sapped by Leech Seed!</small><br></div><div class="battle-history"><small>Mew was hurt by poison!</small><br></div><div class="battle-history"><small>Mew is hurt by Magma Storm!</small><br></div><div class="spacer battle-history"><br></div><h2 class="battle-history">Turn 8</h2><div class="spacer battle-history"><br></div><div class="battle-history">Mew used <strong>U-turn</strong>!<br></div><div class="battle-history"><small>It's not very effective...</small><br></div><div class="battle-history"><small>(The opposing Heatran lost <abbr title="−12/323">3.7%</abbr> of its health!)</small><br></div><div class="spacer battle-history"><br></div><div class="battle-history">Mew went back to Quimera01!<br></div><div class="battle-history">Go! <strong>Primarina</strong>!<br></div><div class="spacer battle-history"><br></div><div class="battle-history">The opposing Heatran used <strong>Magma Storm</strong>!<br></div><div class="battle-history"><small>Primarina avoided the attack!</small><br></div><div class="spacer battle-history"><br></div><div class="battle-history"><small>The opposing Heatran restored a little HP using its Leftovers!</small><br></div><div class="battle-history"><small>The opposing Heatran's health is sapped by Leech Seed!</small><br></div><div class="spacer battle-history"><br></div><h2 class="battle-history">Turn 9</h2><div class="spacer battle-history"><br></div><div class="battle-history">masters1991 withdrew Heatran!<br></div><div class="battle-history">masters1991 sent out <strong>Venusaur</strong>!<br></div><div class="spacer battle-history"><br></div><div class="battle-history">Primarina used <strong>Hyper Voice</strong>!<br></div><div class="battle-history"><small>It's not very effective...</small><br></div><div class="battle-history"><small>(The opposing Venusaur lost <abbr title="−129/301">42.9%</abbr> of its health!)</small><br></div><div class="spacer battle-history"><br></div><h2 class="battle-history">Turn 10</h2><div class="spacer battle-history"><br></div><div class="battle-history">Primarina, come back!<br></div><div class="battle-history">Go! <strong>Dragonite</strong>!<br></div><div class="spacer battle-history"><br></div><div class="battle-history"><small>The opposing Venusaur's Venusaurite is reacting to the Key Stone!</small><br>The opposing Venusaur has Mega Evolved into Mega Venusaur!<br></div><div class="spacer battle-history"><br></div><div class="battle-history">The opposing Venusaur used <strong>Giga Drain</strong>!<br></div><div class="battle-history"><small>It's not very effective...</small><br></div><div class="battle-history"><small>(Dragonite lost <abbr title="−13/323">4.0%</abbr> of its health!)</small><br></div><div class="battle-history"><small>Dragonite had its energy drained!</small><br></div><div class="spacer battle-history"><br></div><h2 class="battle-history">Turn 11</h2><div class="spacer battle-history"><br></div><div class="battle-history">masters1991 withdrew Venusaur!<br></div><div class="battle-history">masters1991 sent out <strong>Tapu Lele</strong>!<br></div><div class="battle-history"><small>[The opposing Tapu Lele's Psychic Surge]</small><br><small>The battlefield got weird!</small><br></div><div class="spacer battle-history"><br></div><div class="battle-history">Dragonite used <strong>Dragon Dance</strong>!<br></div><div class="battle-history"><small>Dragonite's Attack rose!</small><br></div><div class="battle-history"><small>Dragonite's Speed rose!</small><br></div><div class="spacer battle-history"><br></div><h2 class="battle-history">Turn 12</h2><div class="spacer battle-history"><br></div><div class="battle-history"><small>Dragonite surrounded itself with its Z-Power!</small><br></div><div class="spacer battle-history"><br></div><div class="battle-history">Dragonite used <strong>Supersonic Skystrike</strong>!<br></div><div class="battle-history"><small>(The opposing Tapu Lele lost <abbr title="−281/281">100%</abbr> of its health!)</small><br></div><div class="spacer battle-history"><br></div><div class="battle-history">The opposing Tapu Lele fainted!<br></div><div class="spacer battle-history"><br></div><div class="battle-history">masters1991 sent out <strong>Electivire</strong>!<br></div><div class="spacer battle-history"><br></div><h2 class="battle-history">Turn 13</h2><div class="spacer battle-history"><br></div><div class="battle-history">Dragonite used <strong>Earthquake</strong>!<br></div><div class="battle-history"><small>It's super effective!</small><br></div><div class="battle-history"><small>(The opposing Electivire lost <abbr title="−80/294">27.2%</abbr> of its health!)</small><br></div><div class="spacer battle-history"><br></div><div class="battle-history">The opposing Electivire fainted!<br></div><div class="spacer battle-history"><br></div><div class="battle-history">masters1991 sent out <strong>Gyarados</strong>!<br></div><div class="battle-history"><small>[The opposing Gyarados's Intimidate]</small><br></div><div class="battle-history"><small>Dragonite's Attack fell!</small><br></div><div class="spacer battle-history"><br></div><h2 class="battle-history">Turn 14</h2><div class="spacer battle-history"><br></div><div class="battle-history">Dragonite used <strong>Dragon Dance</strong>!<br></div><div class="battle-history"><small>Dragonite's Attack rose!</small><br></div><div class="battle-history"><small>Dragonite's Speed rose!</small><br></div><div class="spacer battle-history"><br></div><div class="battle-history">The opposing Gyarados used <strong>Waterfall</strong>!<br></div><div class="battle-history"><small>It's not very effective...</small><br></div><div class="battle-history"><small>(Dragonite lost <abbr title="−68/323">21.1%</abbr> of its health!)</small><br></div><div class="spacer battle-history"><br></div><h2 class="battle-history">Turn 15</h2><div class="spacer battle-history"><br></div><div class="battle-history">Dragonite used <strong>Fly</strong>!<br></div><div class="battle-history">Dragonite flew up high!<br></div><div class="spacer battle-history"><br></div><div class="battle-history">The opposing Gyarados used <strong>Taunt</strong>!<br></div><div class="battle-history"><small>Dragonite avoided the attack!</small><br></div><div class="spacer battle-history"><br></div><div class="battle-history"><small>The weirdness disappeared from the battlefield!</small><br></div><div class="spacer battle-history"><br></div><h2 class="battle-history">Turn 16</h2><div class="spacer battle-history"><br></div><div class="battle-history">Dragonite used <strong>Fly</strong>!<br></div><div class="battle-history"><small>(The opposing Gyarados lost <abbr title="−274/331">82.8%</abbr> of its health!)</small><br></div><div class="battle-history"><small>The opposing Gyarados ate its Iapapa Berry!</small><br></div><div class="battle-history"><small>The opposing Gyarados restored HP using its Iapapa Berry!</small><br></div><div class="spacer battle-history"><br></div><div class="battle-history">The opposing Gyarados used <strong>Dragon Dance</strong>!<br></div><div class="battle-history"><small>The opposing Gyarados's Attack rose!</small><br></div><div class="battle-history"><small>The opposing Gyarados's Speed rose!</small><br></div><div class="spacer battle-history"><br></div><h2 class="battle-history">Turn 17</h2><div class="spacer battle-history"><br></div><div class="battle-history">Dragonite used <strong>Fly</strong>!<br></div><div class="battle-history">Dragonite flew up high!<br></div><div class="spacer battle-history"><br></div><div class="battle-history">The opposing Gyarados used <strong>Waterfall</strong>!<br></div><div class="battle-history"><small>Dragonite avoided the attack!</small><br></div><div class="spacer battle-history"><br></div><h2 class="battle-history">Turn 18</h2><div class="spacer battle-history"><br></div><div class="battle-history">Dragonite used <strong>Fly</strong>!<br></div><div class="battle-history"><small>(The opposing Gyarados lost <abbr title="−222/331">67.1%</abbr> of its health!)</small><br></div><div class="spacer battle-history"><br></div><div class="battle-history">The opposing Gyarados fainted!<br></div><div class="spacer battle-history"><br></div><div class="battle-history">masters1991 sent out <strong>Meowstic</strong>!<br></div><div class="spacer battle-history"><br></div><h2 class="battle-history">Turn 19</h2><div class="spacer battle-history"><br></div><div class="battle-history">The opposing Meowstic used <strong>Fake Out</strong>!<br></div><div class="battle-history"><small>(Dragonite lost <abbr title="−19/323">5.9%</abbr> of its health!)</small><br></div><div class="spacer battle-history"><br></div><div class="battle-history">Dragonite flinched and couldn't move!<br></div><div class="spacer battle-history"><br></div><h2 class="battle-history">Turn 20</h2><div class="spacer battle-history"><br></div><div class="battle-history">The opposing Meowstic used <strong>Thunder Wave</strong>!<br></div><div class="battle-history"><small>Dragonite is paralyzed! It may be unable to move!</small><br></div><div class="spacer battle-history"><br></div><div class="battle-history">Dragonite used <strong>Fly</strong>!<br></div><div class="battle-history">Dragonite flew up high!<br></div><div class="spacer battle-history"><br></div><h2 class="battle-history">Turn 21</h2><div class="spacer battle-history"><br></div><div class="battle-history">The opposing Meowstic used <strong>Light Screen</strong>!<br></div><div class="battle-history"><small>Light Screen made the opposing team stronger against special moves!</small><br></div><div class="spacer battle-history"><br></div><div class="battle-history">Dragonite used <strong>Fly</strong>!<br></div><div class="battle-history"><small>(The opposing Meowstic lost <abbr title="−241/289">83.4%</abbr> of its health!)</small><br></div><div class="spacer battle-history"><br></div><h2 class="battle-history">Turn 22</h2><div class="spacer battle-history"><br></div><div class="battle-history">The opposing Meowstic used <strong>Reflect</strong>!<br></div><div class="battle-history"><small>Reflect made the opposing team stronger against physical moves!</small><br></div><div class="spacer battle-history"><br></div><div class="battle-history">Dragonite used <strong>Earthquake</strong>!<br></div><div class="battle-history"><small>(The opposing Meowstic lost <abbr title="−48/289">16.6%</abbr> of its health!)</small><br></div><div class="spacer battle-history"><br></div><div class="battle-history">The opposing Meowstic fainted!<br></div><div class="spacer battle-history"><br></div><div class="battle-history">masters1991 sent out <strong>Heatran</strong>!<br></div><div class="spacer battle-history"><br></div><h2 class="battle-history">Turn 23</h2><div class="spacer battle-history"><br></div><div class="battle-history">Dragonite used <strong>Earthquake</strong>!<br></div><div class="battle-history"><small>It's super effective!</small><br></div><div class="battle-history"><small>(The opposing Heatran lost <abbr title="−191/323">59.1%</abbr> of its health!)</small><br></div><div class="spacer battle-history"><br></div><div class="battle-history">The opposing Heatran fainted!<br></div><div class="spacer battle-history"><br></div><div class="battle-history">masters1991 sent out Venusaur (<strong>Venusaur-Mega</strong>)!<br></div><div class="spacer battle-history"><br></div><h2 class="battle-history">Turn 24</h2><div class="spacer battle-history"><br></div><div class="battle-history">Dragonite used <strong>Fly</strong>!<br></div><div class="battle-history">Dragonite flew up high!<br></div><div class="spacer battle-history"><br></div><div class="battle-history">The opposing Venusaur used <strong>Sludge Bomb</strong>!<br></div><div class="battle-history"><small>Dragonite avoided the attack!</small><br></div><div class="spacer battle-history"><br></div><h2 class="battle-history">Turn 25</h2><div class="spacer battle-history"><br></div><div class="battle-history">The opposing Venusaur used <strong>Protect</strong>!<br></div><div class="battle-history"><small>The opposing Venusaur protected itself!</small><br></div><div class="spacer battle-history"><br></div><div class="battle-history">Dragonite used <strong>Fly</strong>!<br></div><div class="battle-history"><small>The opposing Venusaur protected itself!</small><br></div><div class="spacer battle-history"><br></div><h2 class="battle-history">Turn 26</h2><div class="spacer battle-history"><br></div><div class="battle-history">Dragonite used <strong>Fly</strong>!<br></div><div class="battle-history">Dragonite flew up high!<br></div><div class="spacer battle-history"><br></div><div class="battle-history">The opposing Venusaur used <strong>Sludge Bomb</strong>!<br></div><div class="battle-history"><small>Dragonite avoided the attack!</small><br></div><div class="spacer battle-history"><br></div><h2 class="battle-history">Turn 27</h2><div class="spacer battle-history"><br></div><div class="battle-history">The opposing Venusaur used <strong>Protect</strong>!<br></div><div class="battle-history"><small>The opposing Venusaur protected itself!</small><br></div><div class="spacer battle-history"><br></div><div class="battle-history">Dragonite used <strong>Fly</strong>!<br></div><div class="battle-history"><small>The opposing Venusaur protected itself!</small><br></div><div class="spacer battle-history"><br></div><h2 class="battle-history">Turn 28</h2><div class="spacer battle-history"><br></div><div class="battle-history">Dragonite used <strong>Fly</strong>!<br></div><div class="battle-history">Dragonite flew up high!<br></div><div class="spacer battle-history"><br></div><div class="battle-history">The opposing Venusaur used <strong>Giga Drain</strong>!<br></div><div class="battle-history"><small>Dragonite avoided the attack!</small><br></div><div class="spacer battle-history"><br></div><div class="battle-history"><small>The opposing team's Light Screen wore off!</small><br></div><div class="spacer battle-history"><br></div><h2 class="battle-history">Turn 29</h2><div class="spacer battle-history"><br></div><div class="battle-history">The opposing Venusaur used <strong>Protect</strong>!<br></div><div class="battle-history"><small>The opposing Venusaur protected itself!</small><br></div><div class="spacer battle-history"><br></div><div class="battle-history">Dragonite used <strong>Fly</strong>!<br></div><div class="battle-history"><small>The opposing Venusaur protected itself!</small><br></div><div class="spacer battle-history"><br></div><div class="battle-history"><small>The opposing team's Reflect wore off!</small><br></div><div class="spacer battle-history"><br></div><h2 class="battle-history">Turn 30</h2><div class="spacer battle-history"><br></div><div class="battle-history">Dragonite used <strong>Earthquake</strong>!<br></div><div class="battle-history"><small>(The opposing Venusaur lost <abbr title="−148/301">49.2%</abbr> of its health!)</small><br></div><div class="spacer battle-history"><br></div><div class="battle-history">The opposing Venusaur used <strong>Sludge Bomb</strong>!<br></div><div class="battle-history"><small>(Dragonite lost <abbr title="−141/323">43.7%</abbr> of its health!)</small><br></div><div class="spacer battle-history"><br></div><h2 class="battle-history">Turn 31</h2><div class="spacer battle-history"><br></div><div class="battle-history">The opposing Venusaur used <strong>Protect</strong>!<br></div><div class="battle-history"><small>The opposing Venusaur protected itself!</small><br></div><div class="spacer battle-history"><br></div><div class="battle-history">Dragonite used <strong>Earthquake</strong>!<br></div><div class="battle-history"><small>The opposing Venusaur protected itself!</small><br></div><div class="spacer battle-history"><br></div><h2 class="battle-history">Turn 32</h2><div class="spacer battle-history"><br></div><div class="battle-history">Dragonite used <strong>Earthquake</strong>!<br></div><div class="battle-history"><small>(The opposing Venusaur lost <abbr title="−31/301">10.3%</abbr> of its health!)</small><br></div><div class="spacer battle-history"><br></div><div class="battle-history">The opposing Venusaur fainted!<br></div><div class="spacer battle-history"><br></div><div class="battle-history"><strong>Quimera01</strong> won the battle!<br></div></div><div class="inner-preempt"></div></div></div>
</div>
<script>
let daily = Math.floor(Date.now()/1000/60/60/24);document.write('<script src="https://play.pokemonshowdown.com/js/replay-embed.js?version'+daily+'"></'+'script>');
</script>
