<!DOCTYPE html>
<meta charset="utf-8" />
<!-- version 1 -->
<title>OU replay: Quimera01 vs. masters1991</title>
<style>
html,body {font-family:Verdana, sans-serif;font-size:10pt;margin:0;padding:0;}body{padding:12px 0;} .battle-log {font-family:Verdana, sans-serif;font-size:10pt;} .battle-log-inline {border:1px solid #AAAAAA;background:#EEF2F5;color:black;max-width:640px;margin:0 auto 80px;padding-bottom:5px;} .battle-log .inner {padding:4px 8px 0px 8px;} .battle-log .inner-preempt {padding:0 8px 4px 8px;} .battle-log .inner-after {margin-top:0.5em;} .battle-log h2 {margin:0.5em -8px;padding:4px 8px;border:1px solid #AAAAAA;background:#E0E7EA;border-left:0;border-right:0;font-family:Verdana, sans-serif;font-size:13pt;} .battle-log .chat {vertical-align:middle;padding:3px 0 3px 0;font-size:8pt;} .battle-log .chat strong {color:#40576A;} .battle-log .chat em {padding:1px 4px 1px 3px;color:#000000;font-style:normal;} .chat.mine {background:rgba(0,0,0,0.05);margin-left:-8px;margin-right:-8px;padding-left:8px;padding-right:8px;} .spoiler {color:#BBBBBB;background:#BBBBBB;padding:0px 3px;} .spoiler:hover, .spoiler:active, .spoiler-shown {color:#000000;background:#E2E2E2;padding:0px 3px;} .spoiler a {color:#BBBBBB;} .spoiler:hover a, .spoiler:active a, .spoiler-shown a {color:#2288CC;} .chat code, .chat .spoiler:hover code, .chat .spoiler:active code, .chat .spoiler-shown code {border:1px solid #C0C0C0;background:#EEEEEE;color:black;padding:0 2px;} .chat .spoiler code {border:1px solid #CCCCCC;background:#CCCCCC;color:#CCCCCC;} .battle-log .rated {padding:3px 4px;} .battle-log .rated strong {color:white;background:#89A;padding:1px 4px;border-radius:4px;} .spacer {margin-top:0.5em;} .message-announce {background:#6688AA;color:white;padding:1px 4px 2px;} .message-announce a, .broadcast-green a, .broadcast-blue a, .broadcast-red a {color:#DDEEFF;} .broadcast-green {background-color:#559955;color:white;padding:2px 4px;} .broadcast-blue {background-color:#6688AA;color:white;padding:2px 4px;} .infobox {border:1px solid #6688AA;padding:2px 4px;} .infobox-limited {max-height:200px;overflow:auto;overflow-x:hidden;} .broadcast-red {background-color:#AA5544;color:white;padding:2px 4px;} .message-learn-canlearn {font-weight:bold;color:#228822;text-decoration:underline;} .message-learn-cannotlearn {font-weight:bold;color:#CC2222;text-decoration:underline;} .message-effect-weak {font-weight:bold;color:#CC2222;} .message-effect-resist {font-weight:bold;color:#6688AA;} .message-effect-immune {font-weight:bold;color:#666666;} .message-learn-list {margin-top:0;margin-bottom:0;} .message-throttle-notice, .message-error {color:#992222;} .message-overflow, .chat small.message-overflow {font-size:0pt;} .message-overflow::before {font-size:9pt;content:'...';} .subtle {color:#3A4A66;}
</style>
<div class="wrapper replay-wrapper" style="max-width:1180px;margin:0 auto">
<input type="hidden" name="replayid" value="destiny-ou-565616" />
<div class="battle"></div><div class="battle-log"></div><div class="replay-controls"></div><div class="replay-controls-2"></div>
<h1 style="font-weight:normal;text-align:center"><strong>OU</strong><br /><a href="http://pokemonshowdown.com/users/quimera01" class="subtle" target="_blank">Quimera01</a> vs. <a href="http://pokemonshowdown.com/users/masters1991" class="subtle" target="_blank">masters1991</a></h1>
<script type="text/plain" class="battle-log-data">|player|p1|Quimera01|163
|teamsize|p1|6
|player|p2|masters1991|247
|teamsize|p2|6
|teamsize|p1|6
|teamsize|p2|6
|gametype|singles
|gen|7
|tier|OU
|rated
|seed|57125,62131,4282,51678
|rule|Cláusula-Mod de Dormir: solo puedes dormir a uno de tus oponentes a la vez.
|rule|Cláusula de Especie: Hasta un Pokémon de cada especie
|rule|Cláusula de Golpe Fulminante: los movimientos fulminantes (OHKO) estan prohibidos
|rule|Cláusula de Veleta: la habilidad Veleta está prohibida
|rule|Cláusula de Movimientos Evasivos: los movimientos de Evasión están prohibidos.
|rule|Cláusula de Batallas Eternas: forzar batallas eternas está prohibido
|clearpoke
|poke|p1|Swellow, M|item
|poke|p1|Zeraora|item
|poke|p1|Ferrothorn, M|item
|poke|p1|Tapu Fini|item
|poke|p1|Nidoking, M|item
|poke|p1|Medicham, M|item
|poke|p2|Electivire, M|item
|poke|p2|Heatran, M|item
|poke|p2|Tapu Lele|item
|poke|p2|Gyarados, F|item
|poke|p2|Gliscor, F|item
|poke|p2|Venusaur, F|item
|teampreview|undefined
|choice|*|*team 213456
|choice|*team 321456|*
|choice|team 3, 2, 1, 4, 5, 6|team 2, 1, 3, 4, 5, 6
|
|start
|switch|p1a: Ferrothorn|Ferrothorn, M|352\/352
|switch|p2a: Heatran|Heatran, M|386\/386
|turn|1
|choice|*switch 4|*
|choice|*|*move 2
|choice|switch 4|move magmastorm
|
|switch|p1a: Tapu Fini|Tapu Fini|344\/344
|-fieldstart|move: Misty Terrain|[from] ability: Misty Surge|[of] p1a: Tapu Fini
|move|p2a: Heatran|Magma Storm|p1a: Tapu Fini
|-resisted|p1a: Tapu Fini
|-damage|p1a: Tapu Fini|302\/344
|-activate|p1a: Tapu Fini|move: Magma Storm|[of] p2a: Heatran
|
|-heal|p1a: Tapu Fini|323\/344|[from] item: Leftovers
|-damage|p1a: Tapu Fini|280\/344|[from] move: Magma Storm|[partiallytrapped]
|upkeep
|turn|2
|choice|*|*move 1
|choice|*move 1|*
|choice|move calmmind|move stealthrock
|
|move|p1a: Tapu Fini|Calm Mind|p1a: Tapu Fini
|-boost|p1a: Tapu Fini|spa|1
|-boost|p1a: Tapu Fini|spd|1
|move|p2a: Heatran|Stealth Rock|p1a: Tapu Fini
|-sidestart|p1: Quimera01|move: Stealth Rock
|
|-heal|p1a: Tapu Fini|301\/344|[from] item: Leftovers
|-damage|p1a: Tapu Fini|258\/344|[from] move: Magma Storm|[partiallytrapped]
|upkeep
|turn|3
|choice|*|*move 4
|choice|*move 2|*
|choice|move scald|move protect
|
|move|p2a: Heatran|Protect|p2a: Heatran
|-singleturn|p2a: Heatran|Protect
|move|p1a: Tapu Fini|Scald|p2a: Heatran
|-activate|p2a: Heatran|move: Protect
|
|-heal|p1a: Tapu Fini|279\/344|[from] item: Leftovers
|-damage|p1a: Tapu Fini|236\/344|[from] move: Magma Storm|[partiallytrapped]
|upkeep
|turn|4
|choice|*|*move 2
|choice|*move 4|*
|choice|move defog|move magmastorm
|
|move|p1a: Tapu Fini|Defog|p2a: Heatran
|-unboost|p2a: Heatran|evasion|1
|-sideend|p1: Quimera01|Stealth Rock|[from] move: Defog|[of] p1a: Tapu Fini
|move|p2a: Heatran|Magma Storm|p1a: Tapu Fini
|-resisted|p1a: Tapu Fini
|-damage|p1a: Tapu Fini|207\/344
|
|-heal|p1a: Tapu Fini|228\/344|[from] item: Leftovers
|-damage|p1a: Tapu Fini|185\/344|[from] move: Magma Storm|[partiallytrapped]
|upkeep
|turn|5
|choice|*move 2|*
|choice|*|*move 4
|choice|move scald|move protect
|
|move|p2a: Heatran|Protect|p2a: Heatran
|-singleturn|p2a: Heatran|Protect
|move|p1a: Tapu Fini|Scald|p2a: Heatran
|-activate|p2a: Heatran|move: Protect
|
|-heal|p1a: Tapu Fini|206\/344|[from] item: Leftovers
|-damage|p1a: Tapu Fini|163\/344|[from] move: Magma Storm|[partiallytrapped]
|-fieldend|Misty Terrain
|upkeep
|turn|6
|choice|*move 2|*
|choice|*|*move 3
|choice|move scald|move toxic
|
|move|p1a: Tapu Fini|Scald|p2a: Heatran
|-supereffective|p2a: Heatran
|-damage|p2a: Heatran|204\/386
|move|p2a: Heatran|Toxic|p1a: Tapu Fini
|-status|p1a: Tapu Fini|tox
|
|-heal|p1a: Tapu Fini|184\/344 tox|[from] item: Leftovers
|-heal|p2a: Heatran|228\/386|[from] item: Leftovers
|-damage|p1a: Tapu Fini|163\/344 tox|[from] psn
|-end|p1a: Tapu Fini|Magma Storm|[partiallytrapped]
|upkeep
|turn|7
|choice|*|*move 4
|choice|*move 2|*
|choice|move scald|move protect
|
|move|p2a: Heatran|Protect|p2a: Heatran
|-singleturn|p2a: Heatran|Protect
|move|p1a: Tapu Fini|Scald|p2a: Heatran
|-activate|p2a: Heatran|move: Protect
|
|-heal|p1a: Tapu Fini|184\/344 tox|[from] item: Leftovers
|-heal|p2a: Heatran|252\/386|[from] item: Leftovers
|-damage|p1a: Tapu Fini|142\/344 tox|[from] psn
|upkeep
|turn|8
|choice|*|*move 2
|choice|*move 2|*
|choice|move scald|move magmastorm
|
|move|p1a: Tapu Fini|Scald|p2a: Heatran
|-supereffective|p2a: Heatran
|-damage|p2a: Heatran|58\/386
|move|p2a: Heatran|Magma Storm|p1a: Tapu Fini
|-resisted|p1a: Tapu Fini
|-damage|p1a: Tapu Fini|113\/344 tox
|-activate|p1a: Tapu Fini|move: Magma Storm|[of] p2a: Heatran
|
|-heal|p1a: Tapu Fini|134\/344 tox|[from] item: Leftovers
|-heal|p2a: Heatran|82\/386|[from] item: Leftovers
|-damage|p1a: Tapu Fini|71\/344 tox|[from] psn
|-damage|p1a: Tapu Fini|28\/344 tox|[from] move: Magma Storm|[partiallytrapped]
|upkeep
|turn|9
|choice|*|*move 4
|choice|*move 1|*
|choice|move calmmind|move protect
|
|move|p2a: Heatran|Protect|p2a: Heatran
|-singleturn|p2a: Heatran|Protect
|move|p1a: Tapu Fini|Calm Mind|p1a: Tapu Fini
|-boost|p1a: Tapu Fini|spa|1
|-boost|p1a: Tapu Fini|spd|1
|
|-heal|p1a: Tapu Fini|49\/344 tox|[from] item: Leftovers
|-heal|p2a: Heatran|106\/386|[from] item: Leftovers
|-damage|p1a: Tapu Fini|0 fnt|[from] psn
|upkeep
|faint|p1a: Tapu Fini
|choice|*switch 6|*
|choice|switch 6|
|
|switch|p1a: Medicham|Medicham, M|261\/261
|turn|10
|choice|*|*move 3
|choice|*move 4|*
|choice|move fakeout|move toxic
|
|move|p1a: Medicham|Fake Out|p2a: Heatran
|-resisted|p2a: Heatran
|-damage|p2a: Heatran|79\/386
|cant|p2a: Heatran|flinch
|
|-heal|p2a: Heatran|103\/386|[from] item: Leftovers
|upkeep
|turn|11
|choice|*|*move 1
|choice|*move 2|*
|choice|move zenheadbutt|move stealthrock
|
|move|p1a: Medicham|Zen Headbutt|p2a: Heatran
|-resisted|p2a: Heatran
|-damage|p2a: Heatran|21\/386
|cant|p2a: Heatran|flinch
|
|-heal|p2a: Heatran|45\/386|[from] item: Leftovers
|upkeep
|turn|12
|choice|*|*move 1
|choice|*move 2 mega|*
|choice|move zenheadbutt mega|move stealthrock
|
|-mega|p1a: Medicham|Medicham|Medichamite
|detailschange|p1a: Medicham|Medicham-Mega, M
|move|p1a: Medicham|Zen Headbutt|p2a: Heatran
|-resisted|p2a: Heatran
|-damage|p2a: Heatran|0 fnt
|faint|p2a: Heatran
|
|upkeep
|choice|*|*switch 5
|choice||switch 5
|
|switch|p2a: Gliscor|Gliscor, F|294\/294
|turn|13
|choice|*|*move 2
|choice|*move 3|*
|choice|move icepunch|move swordsdance
|
|move|p1a: Medicham|Ice Punch|p2a: Gliscor
|-supereffective|p2a: Gliscor
|-damage|p2a: Gliscor|0 fnt
|faint|p2a: Gliscor
|
|upkeep
|choice|*|*switch 3
|choice||switch 3
|
|switch|p2a: Tapu Lele|Tapu Lele|281\/281
|-fieldstart|move: Psychic Terrain|[from] ability: Psychic Surge|[of] p2a: Tapu Lele
|turn|14
|choice|*switch 4|*
|choice|*|*move 3
|choice|switch 4|move psychic
|
|switch|p1a: Ferrothorn|Ferrothorn, M|352\/352
|move|p2a: Tapu Lele|Psychic|p1a: Ferrothorn
|-resisted|p1a: Ferrothorn
|-damage|p1a: Ferrothorn|255\/352
|-unboost|p1a: Ferrothorn|spd|1
|
|upkeep
|turn|15
|choice|*|*move 3
|choice|*move 2|*
|choice|move gyroball|move psychic
|
|move|p2a: Tapu Lele|Psychic|p1a: Ferrothorn
|-resisted|p1a: Ferrothorn
|-damage|p1a: Ferrothorn|99\/352
|move|p1a: Ferrothorn|Gyro Ball|p2a: Tapu Lele
|-supereffective|p2a: Tapu Lele
|-damage|p2a: Tapu Lele|0 fnt
|faint|p2a: Tapu Lele
|
|upkeep
|choice|*|*switch 2
|choice||switch 2
|
|switch|p2a: Electivire|Electivire, M|291\/291
|turn|16
|choice|*|*move 3
|choice|*switch 2|*
|choice|switch 2|move firepunch
|
|switch|p1a: Zeraora|Zeraora|317\/317
|move|p2a: Electivire|Fire Punch|p1a: Zeraora
|-damage|p1a: Zeraora|140\/317
|
|upkeep
|turn|17
|choice|*|*move 3
|choice|*move 3 zmove|*
|choice|move closecombat zmove|move firepunch
|
|-zpower|p1a: Zeraora
|move|p1a: Zeraora|All-Out Pummeling|p2a: Electivire|[zeffect]
|-damage|p2a: Electivire|0 fnt
|faint|p2a: Electivire
|
|upkeep
|choice|*|*switch 6
|choice||switch 6
|
|switch|p2a: Venusaur|Venusaur, F|301\/301
|turn|18
|choice|*switch 4|*
|choice|*|*move 3 mega
|choice|switch 4|move sludgebomb mega
|
|switch|p1a: Medicham|Medicham-Mega, M|261\/261
|-mega|p2a: Venusaur|Venusaur|Venusaurite
|detailschange|p2a: Venusaur|Venusaur-Mega, F
|move|p2a: Venusaur|Sludge Bomb|p1a: Medicham
|-damage|p1a: Medicham|90\/261
|
|-fieldend|move: Psychic Terrain
|upkeep
|turn|19
|choice|*|*move 4
|choice|*move 2|*
|choice|move zenheadbutt|move protect
|
|move|p2a: Venusaur|Protect|p2a: Venusaur
|-singleturn|p2a: Venusaur|Protect
|move|p1a: Medicham|Zen Headbutt|p2a: Venusaur
|-activate|p2a: Venusaur|move: Protect
|
|upkeep
|turn|20
|choice|*move 2|*
|choice|*|*switch 4
|choice|move zenheadbutt|switch 4
|
|switch|p2a: Gyarados|Gyarados, F|331\/331
|-ability|p2a: Gyarados|Intimidate|boost
|-unboost|p1a: Medicham|atk|1
|move|p1a: Medicham|Zen Headbutt|p2a: Gyarados
|-damage|p2a: Gyarados|133\/331
|
|upkeep
|turn|21
|choice|*|*move 1
|choice|*move 2|*
|choice|move zenheadbutt|move waterfall
|
|move|p1a: Medicham|Zen Headbutt|p2a: Gyarados
|-damage|p2a: Gyarados|0 fnt
|faint|p2a: Gyarados
|
|upkeep
|choice|*|*switch 4
|choice||switch 4
|
|switch|p2a: Venusaur|Venusaur-Mega, F|301\/301
|turn|22
|choice|*move 2|*
|choice|*|*move 3
|choice|move zenheadbutt|move sludgebomb
|
|move|p1a: Medicham|Zen Headbutt|p2a: Venusaur
|-supereffective|p2a: Venusaur
|-damage|p2a: Venusaur|41\/301
|cant|p2a: Venusaur|flinch
|
|upkeep
|turn|23
|choice|*|*move 3
|choice|*move 3|*
|choice|move icepunch|move sludgebomb
|
|move|p1a: Medicham|Ice Punch|p2a: Venusaur
|-supereffective|p2a: Venusaur
|-crit|p2a: Venusaur
|-damage|p2a: Venusaur|0 fnt
|faint|p2a: Venusaur
|
|win|Quimera01
Quimera01 ha ganado 6.75 PokeDolares.
|raw|Puntaje de Quimera01: 1122 &rarr; <strong>1151<\/strong><br \/>(+29 por ganar)
|raw|Puntaje de masters1991: 1082 &rarr; <strong>1070<\/strong><br \/>(-12 por perder)
</script>
</div>
<div class="battle-log battle-log-inline"><div class="inner"><div class="battle-options"></div><div class="inner"><div class=""><small>Format:</small> <br><strong>OU</strong></div><div class="rated"><strong>Rated battle</strong></div><div class=""><small><em>Cláusula-Mod de Dormir:</em> solo puedes dormir a uno de tus oponentes a la vez.</small></div><div class=""><small><em>Cláusula de Especie:</em> Hasta un Pokémon de cada especie</small></div><div class=""><small><em>Cláusula de Golpe Fulminante:</em> los movimientos fulminantes (OHKO) estan prohibidos</small></div><div class=""><small><em>Cláusula de Veleta:</em> la habilidad Veleta está prohibida</small></div><div class=""><small><em>Cláusula de Movimientos Evasivos:</em> los movimientos de Evasión están prohibidos.</small></div><div class=""><small><em>Cláusula de Batallas Eternas:</em> forzar batallas eternas está prohibido</small></div><div class="chat battle-history"><strong>Quimera01's team:</strong> <em style="color:#445566;display:block;">Swellow / Zeraora / Ferrothorn / Tapu Fini / Nidoking / Medicham</em></div><div class="chat battle-history"><strong>masters1991's team:</strong> <em style="color:#445566;display:block;">Electivire / Heatran / Tapu Lele / Gyarados / Gliscor / Venusaur</em></div><div class="spacer battle-history"><br></div><div class="battle-history">Battle started between Quimera01 and masters1991!<br></div><div class="spacer battle-history"><br></div><div class="battle-history">Go! <strong>Ferrothorn</strong>!<br></div><div class="spacer battle-history"><br></div><div class="battle-history">masters1991 sent out <strong>Heatran</strong>!<br></div><div class="spacer battle-history"><br></div><h2 class="battle-history">Turn 1</h2><div class="spacer battle-history"><br></div><div class="battle-history">Ferrothorn, come back!<br></div><div class="battle-history">Go! <strong>Tapu Fini</strong>!<br></div><div class="battle-history"><small>[Tapu Fini's Misty Surge]</small><br><small>Mist swirls around the battlefield!</small><br></div><div class="spacer battle-history"><br></div><div class="battle-history">The opposing Heatran used <strong>Magma Storm</strong>!<br></div><div class="battle-history"><small>It's not very effective...</small><br></div><div class="battle-history"><small>(Tapu Fini lost <abbr title="−42/344">12.2%</abbr> of its health!)</small><br></div><div class="battle-history"><small>Tapu Fini became trapped by swirling magma!</small><br></div><div class="spacer battle-history"><br></div><div class="battle-history"><small>Tapu Fini restored a little HP using its Leftovers!</small><br></div><div class="battle-history"><small>Tapu Fini is hurt by Magma Storm!</small><br></div><div class="spacer battle-history"><br></div><h2 class="battle-history">Turn 2</h2><div class="spacer battle-history"><br></div><div class="battle-history">Tapu Fini used <strong>Calm Mind</strong>!<br></div><div class="battle-history"><small>Tapu Fini's Special Attack rose!</small><br></div><div class="battle-history"><small>Tapu Fini's Special Defense rose!</small><br></div><div class="spacer battle-history"><br></div><div class="battle-history">The opposing Heatran used <strong>Stealth Rock</strong>!<br></div><div class="battle-history"><small>Pointed stones float in the air around your team!</small><br></div><div class="spacer battle-history"><br></div><div class="battle-history"><small>Tapu Fini restored a little HP using its Leftovers!</small><br></div><div class="battle-history"><small>Tapu Fini is hurt by Magma Storm!</small><br></div><div class="spacer battle-history"><br></div><h2 class="battle-history">Turn 3</h2><div class="spacer battle-history"><br></div><div class="battle-history">The opposing Heatran used <strong>Protect</strong>!<br></div><div class="battle-history"><small>The opposing Heatran protected itself!</small><br></div><div class="spacer battle-history"><br></div><div class="battle-history">Tapu Fini used <strong>Scald</strong>!<br></div><div class="battle-history"><small>The opposing Heatran protected itself!</small><br></div><div class="spacer battle-history"><br></div><div class="battle-history"><small>Tapu Fini restored a little HP using its Leftovers!</small><br></div><div class="battle-history"><small>Tapu Fini is hurt by Magma Storm!</small><br></div><div class="spacer battle-history"><br></div><h2 class="battle-history">Turn 4</h2><div class="spacer battle-history"><br></div><div class="battle-history">Tapu Fini used <strong>Defog</strong>!<br></div><div class="battle-history"><small>The opposing Heatran's evasiveness fell!</small><br></div><div class="battle-history"><small>The pointed stones disappeared from around your team!</small><br></div><div class="spacer battle-history"><br></div><div class="battle-history">The opposing Heatran used <strong>Magma Storm</strong>!<br></div><div class="battle-history"><small>It's not very effective...</small><br></div><div class="battle-history"><small>(Tapu Fini lost <abbr title="−29/344">8.4%</abbr> of its health!)</small><br></div><div class="spacer battle-history"><br></div><div class="battle-history"><small>Tapu Fini restored a little HP using its Leftovers!</small><br></div><div class="battle-history"><small>Tapu Fini is hurt by Magma Storm!</small><br></div><div class="spacer battle-history"><br></div><h2 class="battle-history">Turn 5</h2><div class="spacer battle-history"><br></div><div class="battle-history">The opposing Heatran used <strong>Protect</strong>!<br></div><div class="battle-history"><small>The opposing Heatran protected itself!</small><br></div><div class="spacer battle-history"><br></div><div class="battle-history">Tapu Fini used <strong>Scald</strong>!<br></div><div class="battle-history"><small>The opposing Heatran protected itself!</small><br></div><div class="spacer battle-history"><br></div><div class="battle-history"><small>Tapu Fini restored a little HP using its Leftovers!</small><br></div><div class="battle-history"><small>Tapu Fini is hurt by Magma Storm!</small><br></div><div class="battle-history"><small>The mist disappeared from the battlefield.</small><br></div><div class="spacer battle-history"><br></div><h2 class="battle-history">Turn 6</h2><div class="spacer battle-history"><br></div><div class="battle-history">Tapu Fini used <strong>Scald</strong>!<br></div><div class="battle-history"><small>It's super effective!</small><br></div><div class="battle-history"><small>(The opposing Heatran lost <abbr title="−182/386">47.2%</abbr> of its health!)</small><br></div><div class="spacer battle-history"><br></div><div class="battle-history">The opposing Heatran used <strong>Toxic</strong>!<br></div><div class="battle-history"><small>Tapu Fini was badly poisoned!</small><br></div><div class="spacer battle-history"><br></div><div class="battle-history"><small>Tapu Fini restored a little HP using its Leftovers!</small><br></div><div class="battle-history"><small>The opposing Heatran restored a little HP using its Leftovers!</small><br></div><div class="battle-history"><small>Tapu Fini was hurt by poison!</small><br></div><div class="battle-history"><small>Tapu Fini was freed from Magma Storm!</small><br></div><div class="spacer battle-history"><br></div><h2 class="battle-history">Turn 7</h2><div class="spacer battle-history"><br></div><div class="battle-history">The opposing Heatran used <strong>Protect</strong>!<br></div><div class="battle-history"><small>The opposing Heatran protected itself!</small><br></div><div class="spacer battle-history"><br></div><div class="battle-history">Tapu Fini used <strong>Scald</strong>!<br></div><div class="battle-history"><small>The opposing Heatran protected itself!</small><br></div><div class="spacer battle-history"><br></div><div class="battle-history"><small>Tapu Fini restored a little HP using its Leftovers!</small><br></div><div class="battle-history"><small>The opposing Heatran restored a little HP using its Leftovers!</small><br></div><div class="battle-history"><small>Tapu Fini was hurt by poison!</small><br></div><div class="spacer battle-history"><br></div><h2 class="battle-history">Turn 8</h2><div class="spacer battle-history"><br></div><div class="battle-history">Tapu Fini used <strong>Scald</strong>!<br></div><div class="battle-history"><small>It's super effective!</small><br></div><div class="battle-history"><small>(The opposing Heatran lost <abbr title="−194/386">50.3%</abbr> of its health!)</small><br></div><div class="spacer battle-history"><br></div><div class="battle-history">The opposing Heatran used <strong>Magma Storm</strong>!<br></div><div class="battle-history"><small>It's not very effective...</small><br></div><div class="battle-history"><small>(Tapu Fini lost <abbr title="−29/344">8.4%</abbr> of its health!)</small><br></div><div class="battle-history"><small>Tapu Fini became trapped by swirling magma!</small><br></div><div class="spacer battle-history"><br></div><div class="battle-history"><small>Tapu Fini restored a little HP using its Leftovers!</small><br></div><div class="battle-history"><small>The opposing Heatran restored a little HP using its Leftovers!</small><br></div><div class="battle-history"><small>Tapu Fini was hurt by poison!</small><br></div><div class="battle-history"><small>Tapu Fini is hurt by Magma Storm!</small><br></div><div class="spacer battle-history"><br></div><h2 class="battle-history">Turn 9</h2><div class="spacer battle-history"><br></div><div class="battle-history">The opposing Heatran used <strong>Protect</strong>!<br></div><div class="battle-history"><small>The opposing Heatran protected itself!</small><br></div><div class="spacer battle-history"><br></div><div class="battle-history">Tapu Fini used <strong>Calm Mind</strong>!<br></div><div class="battle-history"><small>Tapu Fini's Special Attack rose!</small><br></div><div class="battle-history"><small>Tapu Fini's Special Defense rose!</small><br></div><div class="spacer battle-history"><br></div><div class="battle-history"><small>Tapu Fini restored a little HP using its Leftovers!</small><br></div><div class="battle-history"><small>The opposing Heatran restored a little HP using its Leftovers!</small><br></div><div class="battle-history"><small>Tapu Fini was hurt by poison!</small><br></div><div class="spacer battle-history"><br></div><div class="battle-history">Tapu Fini fainted!<br></div><div class="spacer battle-history"><br></div><div class="battle-history">Go! <strong>Medicham</strong>!<br></div><div class="spacer battle-history"><br></div><h2 class="battle-history">Turn 10</h2><div class="spacer battle-history"><br></div><div class="battle-history">Medicham used <strong>Fake Out</strong>!<br></div><div class="battle-history"><small>It's not very effective...</small><br></div><div class="battle-history"><small>(The opposing Heatran lost <abbr title="−27/386">7.0%</abbr> of its health!)</small><br></div><div class="spacer battle-history"><br></div><div class="battle-history">The opposing Heatran flinched and couldn't move!<br></div><div class="spacer battle-history"><br></div><div class="battle-history"><small>The opposing Heatran restored a little HP using its Leftovers!</small><br></div><div class="spacer battle-history"><br></div><h2 class="battle-history">Turn 11</h2><div class="spacer battle-history"><br></div><div class="battle-history">Medicham used <strong>Zen Headbutt</strong>!<br></div><div class="battle-history"><small>It's not very effective...</small><br></div><div class="battle-history"><small>(The opposing Heatran lost <abbr title="−82/386">21.2%</abbr> of its health!)</small><br></div><div class="spacer battle-history"><br></div><div class="battle-history">The opposing Heatran flinched and couldn't move!<br></div><div class="spacer battle-history"><br></div><div class="battle-history"><small>The opposing Heatran restored a little HP using its Leftovers!</small><br></div><div class="spacer battle-history"><br></div><h2 class="battle-history">Turn 12</h2><div class="spacer battle-history"><br></div><div class="battle-history"><small>Medicham's Medichamite is reacting to the Key Stone!</small><br>Medicham has Mega Evolved into Mega Medicham!<br></div><div class="spacer battle-history"><br></div><div class="battle-history">Medicham used <strong>Zen Headbutt</strong>!<br></div><div class="battle-history"><small>It's not very effective...</small><br></div><div class="battle-history"><small>(The opposing Heatran lost <abbr title="−45/386">11.7%</abbr> of its health!)</small><br></div><div class="spacer battle-history"><br></div><div class="battle-history">The opposing Heatran fainted!<br></div><div class="spacer battle-history"><br></div><div class="battle-history">masters1991 sent out <strong>Gliscor</strong>!<br></div><div class="spacer battle-history"><br></div><h2 class="battle-history">Turn 13</h2><div class="spacer battle-history"><br></div><div class="battle-history">Medicham used <strong>Ice Punch</strong>!<br></div><div class="battle-history"><small>It's super effective!</small><br></div><div class="battle-history"><small>(The opposing Gliscor lost <abbr title="−294/294">100%</abbr> of its health!)</small><br></div><div class="spacer battle-history"><br></div><div class="battle-history">The opposing Gliscor fainted!<br></div><div class="spacer battle-history"><br></div><div class="battle-history">masters1991 sent out <strong>Tapu Lele</strong>!<br></div><div class="battle-history"><small>[The opposing Tapu Lele's Psychic Surge]</small><br><small>The battlefield got weird!</small><br></div><div class="spacer battle-history"><br></div><h2 class="battle-history">Turn 14</h2><div class="spacer battle-history"><br></div><div class="battle-history">Medicham, come back!<br></div><div class="battle-history">Go! <strong>Ferrothorn</strong>!<br></div><div class="spacer battle-history"><br></div><div class="battle-history">The opposing Tapu Lele used <strong>Psychic</strong>!<br></div><div class="battle-history"><small>It's not very effective...</small><br></div><div class="battle-history"><small>(Ferrothorn lost <abbr title="−97/352">27.6%</abbr> of its health!)</small><br></div><div class="battle-history"><small>Ferrothorn's Special Defense fell!</small><br></div><div class="spacer battle-history"><br></div><h2 class="battle-history">Turn 15</h2><div class="spacer battle-history"><br></div><div class="battle-history">The opposing Tapu Lele used <strong>Psychic</strong>!<br></div><div class="battle-history"><small>It's not very effective...</small><br></div><div class="battle-history"><small>(Ferrothorn lost <abbr title="−156/352">44.3%</abbr> of its health!)</small><br></div><div class="spacer battle-history"><br></div><div class="battle-history">Ferrothorn used <strong>Gyro Ball</strong>!<br></div><div class="battle-history"><small>It's super effective!</small><br></div><div class="battle-history"><small>(The opposing Tapu Lele lost <abbr title="−281/281">100%</abbr> of its health!)</small><br></div><div class="spacer battle-history"><br></div><div class="battle-history">The opposing Tapu Lele fainted!<br></div><div class="spacer battle-history"><br></div><div class="battle-history">masters1991 sent out <strong>Electivire</strong>!<br></div><div class="spacer battle-history"><br></div><h2 class="battle-history">Turn 16</h2><div class="spacer battle-history"><br></div><div class="battle-history">Ferrothorn, come back!<br></div><div class="battle-history">Go! <strong>Zeraora</strong>!<br></div><div class="spacer battle-history"><br></div><div class="battle-history">The opposing Electivire used <strong>Fire Punch</strong>!<br></div><div class="battle-history"><small>(Zeraora lost <abbr title="−177/317">55.8%</abbr> of its health!)</small><br></div><div class="spacer battle-history"><br></div><h2 class="battle-history">Turn 17</h2><div class="spacer battle-history"><br></div><div class="battle-history"><small>Zeraora surrounded itself with its Z-Power!</small><br></div><div class="spacer battle-history"><br></div><div class="battle-history">Zeraora used <strong>All-Out Pummeling</strong>!<br></div><div class="battle-history"><small>(The opposing Electivire lost <abbr title="−291/291">100%</abbr> of its health!)</small><br></div><div class="spacer battle-history"><br></div><div class="battle-history">The opposing Electivire fainted!<br></div><div class="spacer battle-history"><br></div><div class="battle-history">masters1991 sent out <strong>Venusaur</strong>!<br></div><div class="spacer battle-history"><br></div><h2 class="battle-history">Turn 18</h2><div class="spacer battle-history"><br></div><div class="battle-history">Zeraora, come back!<br></div><div class="battle-history">Go! Medicham (<strong>Medicham-Mega</strong>)!<br></div><div class="spacer battle-history"><br></div><div class="battle-history"><small>The opposing Venusaur's Venusaurite is reacting to the Key Stone!</small><br>The opposing Venusaur has Mega Evolved into Mega Venusaur!<br></div><div class="spacer battle-history"><br></div><div class="battle-history">The opposing Venusaur used <strong>Sludge Bomb</strong>!<br></div><div class="battle-history"><small>(Medicham lost <abbr title="−171/261">65.5%</abbr> of its health!)</small><br></div><div class="spacer battle-history"><br></div><div class="battle-history"><small>The weirdness disappeared from the battlefield!</small><br></div><div class="spacer battle-history"><br></div><h2 class="battle-history">Turn 19</h2><div class="spacer battle-history"><br></div><div class="battle-history">The opposing Venusaur used <strong>Protect</strong>!<br></div><div class="battle-history"><small>The opposing Venusaur protected itself!</small><br></div><div class="spacer battle-history"><br></div><div class="battle-history">Medicham used <strong>Zen Headbutt</strong>!<br></div><div class="battle-history"><small>The opposing Venusaur protected itself!</small><br></div><div class="spacer battle-history"><br></div><h2 class="battle-history">Turn 20</h2><div class="spacer battle-history"><br></div><div class="battle-history">masters1991 withdrew Venusaur!<br></div><div class="battle-history">masters1991 sent out <strong>Gyarados</strong>!<br></div><div class="battle-history"><small>[The opposing Gyarados's Intimidate]</small><br></div><div class="battle-history"><small>Medicham's Attack fell!</small><br></div><div class="spacer battle-history"><br></div><div class="battle-history">Medicham used <strong>Zen Headbutt</strong>!<br></div><div class="battle-history"><small>(The opposing Gyarados lost <abbr title="−198/331">59.8%</abbr> of its health!)</small><br></div><div class="spacer battle-history"><br></div><h2 class="battle-history">Turn 21</h2><div class="spacer battle-history"><br></div><div class="battle-history">Medicham used <strong>Zen Headbutt</strong>!<br></div><div class="battle-history"><small>(The opposing Gyarados lost <abbr title="−133/331">40.2%</abbr> of its health!)</small><br></div><div class="spacer battle-history"><br></div><div class="battle-history">The opposing Gyarados fainted!<br></div><div class="spacer battle-history"><br></div><div class="battle-history">masters1991 sent out Venusaur (<strong>Venusaur-Mega</strong>)!<br></div><div class="spacer battle-history"><br></div><h2 class="battle-history">Turn 22</h2><div class="spacer battle-history"><br></div><div class="battle-history">Medicham used <strong>Zen Headbutt</strong>!<br></div><div class="battle-history"><small>It's super effective!</small><br></div><div class="battle-history"><small>(The opposing Venusaur lost <abbr title="−260/301">86.4%</abbr> of its health!)</small><br></div><div class="spacer battle-history"><br></div><div class="battle-history">The opposing Venusaur flinched and couldn't move!<br></div><div class="spacer battle-history"><br></div><h2 class="battle-history">Turn 23</h2><div class="spacer battle-history"><br></div><div class="battle-history">Medicham used <strong>Ice Punch</strong>!<br></div><div class="battle-history"><small>It's super effective!</small><br></div><div class="battle-history"><small>A critical hit!</small><br></div><div class="battle-history"><small>(The opposing Venusaur lost <abbr title="−41/301">13.6%</abbr> of its health!)</small><br></div><div class="spacer battle-history"><br></div><div class="battle-history">The opposing Venusaur fainted!<br></div><div class="spacer battle-history"><br></div><div class="battle-history"><strong>Quimera01</strong> won the battle!<br></div><div class="chat">Quimera01 ha ganado 6.75 PokeDolares.</div><div class="chat">Puntaje de Quimera01: 1122 → <strong>1151</strong><br>(+29 por ganar)</div><div class="chat">Puntaje de masters1991: 1082 → <strong>1070</strong><br>(-12 por perder)</div></div><div class="inner-preempt"></div></div></div>
</div>
<script>
let daily = Math.floor(Date.now()/1000/60/60/24);document.write('<script src="https://play.pokemonshowdown.com/js/replay-embed.js?version'+daily+'"></'+'script>');
</script>
