<!DOCTYPE html>
<meta charset="utf-8" />
<!-- version 1 -->
<title>OU replay: Dragon God Ophis vs. OscarFer</title>
<style>
html,body {font-family:Verdana, sans-serif;font-size:10pt;margin:0;padding:0;}body{padding:12px 0;} .battle-log {font-family:Verdana, sans-serif;font-size:10pt;} .battle-log-inline {border:1px solid #AAAAAA;background:#EEF2F5;color:black;max-width:640px;margin:0 auto 80px;padding-bottom:5px;} .battle-log .inner {padding:4px 8px 0px 8px;} .battle-log .inner-preempt {padding:0 8px 4px 8px;} .battle-log .inner-after {margin-top:0.5em;} .battle-log h2 {margin:0.5em -8px;padding:4px 8px;border:1px solid #AAAAAA;background:#E0E7EA;border-left:0;border-right:0;font-family:Verdana, sans-serif;font-size:13pt;} .battle-log .chat {vertical-align:middle;padding:3px 0 3px 0;font-size:8pt;} .battle-log .chat strong {color:#40576A;} .battle-log .chat em {padding:1px 4px 1px 3px;color:#000000;font-style:normal;} .chat.mine {background:rgba(0,0,0,0.05);margin-left:-8px;margin-right:-8px;padding-left:8px;padding-right:8px;} .spoiler {color:#BBBBBB;background:#BBBBBB;padding:0px 3px;} .spoiler:hover, .spoiler:active, .spoiler-shown {color:#000000;background:#E2E2E2;padding:0px 3px;} .spoiler a {color:#BBBBBB;} .spoiler:hover a, .spoiler:active a, .spoiler-shown a {color:#2288CC;} .chat code, .chat .spoiler:hover code, .chat .spoiler:active code, .chat .spoiler-shown code {border:1px solid #C0C0C0;background:#EEEEEE;color:black;padding:0 2px;} .chat .spoiler code {border:1px solid #CCCCCC;background:#CCCCCC;color:#CCCCCC;} .battle-log .rated {padding:3px 4px;} .battle-log .rated strong {color:white;background:#89A;padding:1px 4px;border-radius:4px;} .spacer {margin-top:0.5em;} .message-announce {background:#6688AA;color:white;padding:1px 4px 2px;} .message-announce a, .broadcast-green a, .broadcast-blue a, .broadcast-red a {color:#DDEEFF;} .broadcast-green {background-color:#559955;color:white;padding:2px 4px;} .broadcast-blue {background-color:#6688AA;color:white;padding:2px 4px;} .infobox {border:1px solid #6688AA;padding:2px 4px;} .infobox-limited {max-height:200px;overflow:auto;overflow-x:hidden;} .broadcast-red {background-color:#AA5544;color:white;padding:2px 4px;} .message-learn-canlearn {font-weight:bold;color:#228822;text-decoration:underline;} .message-learn-cannotlearn {font-weight:bold;color:#CC2222;text-decoration:underline;} .message-effect-weak {font-weight:bold;color:#CC2222;} .message-effect-resist {font-weight:bold;color:#6688AA;} .message-effect-immune {font-weight:bold;color:#666666;} .message-learn-list {margin-top:0;margin-bottom:0;} .message-throttle-notice, .message-error {color:#992222;} .message-overflow, .chat small.message-overflow {font-size:0pt;} .message-overflow::before {font-size:9pt;content:'...';} .subtle {color:#3A4A66;}
</style>
<div class="wrapper replay-wrapper" style="max-width:1180px;margin:0 auto">
<input type="hidden" name="replayid" value="destiny-ou-519898" />
<div class="battle"></div><div class="battle-log"></div><div class="replay-controls"></div><div class="replay-controls-2"></div>
<h1 style="font-weight:normal;text-align:center"><strong>OU</strong><br /><a href="http://pokemonshowdown.com/users/dragongodophis" class="subtle" target="_blank">Dragon God Ophis</a> vs. <a href="http://pokemonshowdown.com/users/oscarfer" class="subtle" target="_blank">OscarFer</a></h1>
<script type="text/plain" class="battle-log-data">|player|p1|Dragon God Ophis|167
|teamsize|p1|6
|player|p2|OscarFer|2077
|teamsize|p2|6
|teamsize|p1|6
|teamsize|p2|6
|gametype|singles
|gen|7
|tier|OU
|rated
|seed|52932,56082,62992,35419
|rule|Cláusula-Mod de Dormir: solo puedes dormir a uno de tus oponentes a la vez.
|rule|Cláusula de Especie: Hasta un Pokémon de cada especie
|rule|Cláusula de Golpe Fulminante: los movimientos fulminantes (OHKO) estan prohibidos
|rule|Cláusula de Veleta: la habilidad Veleta está prohibida
|rule|Cláusula de Movimientos Evasivos: los movimientos de Evasión están prohibidos.
|rule|Cláusula de Batallas Eternas: forzar batallas eternas está prohibido
|clearpoke
|poke|p1|Ribombee, M|item
|poke|p1|Mimikyu, F|item
|poke|p1|Excadrill, M|item
|poke|p1|Charizard, M|item
|poke|p1|Serperior, M|item
|poke|p1|Kommo-o, M|item
|poke|p2|Altaria, M|item
|poke|p2|Tyranitar, F|item
|poke|p2|Excadrill, M|item
|poke|p2|Blacephalon|item
|poke|p2|Ferrothorn, F|item
|poke|p2|Slowbro, F|item
|teampreview|undefined
|choice|*team 123456|*
|choice|*|*team 213456
|choice|team 1, 2, 3, 4, 5, 6|team 2, 1, 3, 4, 5, 6
|
|start
|switch|p1a: Ribombee|Ribombee, M|261\/261
|switch|p2a: Tyranitar|Tyranitar, F|341\/341
|-weather|Sandstorm|[from] ability: Sand Stream|[of] p2a: Tyranitar
|turn|1
|inactive|Reloj de batalla ENCENDIDO. El jugador inactivo será descalificado (solicitado por Dragon God Ophis).
|choice|*move 2|*
|inactive|OscarFer tiene 135 segundos restantes.
|choice|*|*move 3
|choice|move stickyweb|move crunch
|
|move|p1a: Ribombee|Sticky Web|p2a: Tyranitar
|-sidestart|p2: OscarFer|move: Sticky Web
|move|p2a: Tyranitar|Crunch|p1a: Ribombee
|-resisted|p1a: Ribombee
|-damage|p1a: Ribombee|149\/261
|
|-weather|Sandstorm|[upkeep]
|-damage|p1a: Ribombee|133\/261|[from] sandstorm
|upkeep
|turn|2
|choice|*move 2|*
|choice|*move 1|*
|choice|*|*move 1
|choice|move moonblast|move dragondance
|
|move|p1a: Ribombee|Moonblast|p2a: Tyranitar
|-supereffective|p2a: Tyranitar
|-damage|p2a: Tyranitar|173\/341
|-unboost|p2a: Tyranitar|spa|1
|move|p2a: Tyranitar|Dragon Dance|p2a: Tyranitar
|-boost|p2a: Tyranitar|atk|1
|-boost|p2a: Tyranitar|spe|1
|
|-weather|Sandstorm|[upkeep]
|-damage|p1a: Ribombee|117\/261|[from] sandstorm
|-heal|p2a: Tyranitar|194\/341|[from] item: Leftovers
|upkeep
|turn|3
|choice|*move 1|*
|choice|*|*move 3
|choice|move moonblast|move crunch
|
|move|p1a: Ribombee|Moonblast|p2a: Tyranitar
|-supereffective|p2a: Tyranitar
|-damage|p2a: Tyranitar|6\/341
|move|p2a: Tyranitar|Crunch|p1a: Ribombee
|-resisted|p1a: Ribombee
|-damage|p1a: Ribombee|0 fnt
|faint|p1a: Ribombee
|
|-weather|Sandstorm|[upkeep]
|-heal|p2a: Tyranitar|27\/341|[from] item: Leftovers
|upkeep
|choice|*switch 2|*
|choice|switch 2|
|
|switch|p1a: Mimikyu|Mimikyu, F|251\/251
|turn|4
|choice|*move 4|*
|choice|*|*move 3
|choice|move shadowsneak|move crunch
|
|move|p1a: Mimikyu|Shadow Sneak|p2a: Tyranitar
|-resisted|p2a: Tyranitar
|-damage|p2a: Tyranitar|0 fnt
|-damage|p1a: Mimikyu|226\/251|[from] item: Life Orb
|faint|p2a: Tyranitar
|
|-weather|Sandstorm|[upkeep]
|-damage|p1a: Mimikyu|211\/251|[from] sandstorm
|upkeep
|choice|*|*switch 5
|choice||switch 5
|
|switch|p2a: Ferrothorn|Ferrothorn, F|352\/352
|-activate|p2a: Ferrothorn|move: Sticky Web
|-unboost|p2a: Ferrothorn|spe|1
|turn|5
|choice|*|*move 2
|choice|*switch 3|*
|choice|switch 3|move leechseed
|
|switch|p1a: Excadrill|Excadrill, M|361\/361
|-ability|p1a: Excadrill|Mold Breaker
|move|p2a: Ferrothorn|Leech Seed|p1a: Excadrill
|-start|p1a: Excadrill|move: Leech Seed
|
|-weather|none
|-damage|p1a: Excadrill|316\/361|[from] Leech Seed|[of] p2a: Ferrothorn
|upkeep
|turn|6
|choice|*move 2|*
|choice|*|*move 1
|choice|move stealthrock|move stealthrock
|
|move|p1a: Excadrill|Stealth Rock|p2a: Ferrothorn
|-sidestart|p2: OscarFer|move: Stealth Rock
|move|p2a: Ferrothorn|Stealth Rock|p1a: Excadrill
|-sidestart|p1: Dragon God Ophis|move: Stealth Rock
|
|-damage|p1a: Excadrill|271\/361|[from] Leech Seed|[of] p2a: Ferrothorn
|upkeep
|turn|7
|choice|*move 4|*
|choice|*|*move 4
|choice|move rapidspin|move powerwhip
|
|move|p1a: Excadrill|Rapid Spin|p2a: Ferrothorn
|-resisted|p2a: Ferrothorn
|-damage|p2a: Ferrothorn|344\/352
|-damage|p1a: Excadrill|226\/361|[from] ability: Iron Barbs|[of] p2a: Ferrothorn
|-damage|p1a: Excadrill|166\/361|[from] item: Rocky Helmet|[of] p2a: Ferrothorn
|-end|p1a: Excadrill|Leech Seed|[from] move: Rapid Spin|[of] p1a: Excadrill
|-sideend|p1: Dragon God Ophis|Stealth Rock|[from] move: Rapid Spin|[of] p1a: Excadrill
|move|p2a: Ferrothorn|Power Whip|p1a: Excadrill
|-damage|p1a: Excadrill|0 fnt
|faint|p1a: Excadrill
|
|upkeep
|choice|*switch 4|*
|choice|switch 4|
|
|switch|p1a: Charizard|Charizard, M|297\/297
|turn|8
|choice|*move 1 mega|*
|choice|*move 2 mega|*
|choice|*|*switch 6
|choice|move flareblitz mega|switch 6
|
|switch|p2a: Slowbro|Slowbro, F|394\/394
|-activate|p2a: Slowbro|move: Sticky Web
|-unboost|p2a: Slowbro|spe|1
|-damage|p2a: Slowbro|345\/394|[from] Stealth Rock
|-mega|p1a: Charizard|Charizard|Charizardite X
|detailschange|p1a: Charizard|Charizard-Mega-X, M
|move|p1a: Charizard|Flare Blitz|p2a: Slowbro
|-resisted|p2a: Slowbro
|-damage|p2a: Slowbro|254\/394
|-damage|p1a: Charizard|267\/297|[from] recoil
|
|-heal|p2a: Slowbro|278\/394|[from] item: Leftovers
|upkeep
|turn|9
|c| Makesuit|Dragon God Ophis si matas a todos sus pokemones ganas
|choice|*move 3|*
|c|☆Dragon God Ophis|gracias hamigo como soi nuebo no sabia
|choice|*|*move 1
|choice|move dragonclaw|move scald
|
|move|p1a: Charizard|Dragon Claw|p2a: Slowbro
|-damage|p2a: Slowbro|149\/394
|move|p2a: Slowbro|Scald|p1a: Charizard
|-damage|p1a: Charizard|167\/297
|
|-heal|p2a: Slowbro|173\/394|[from] item: Leftovers
|upkeep
|turn|10
|c|☆Dragon God Ophis|crei que los tenia que curar
|c|☆Dragon God Ophis|con mis pociones
|c|☆Dragon God Ophis|muchas graciasz
|choice|*|*move 2
|c| Makesuit|denada
|choice|*move 1|*
|choice|move dragondance|move slackoff
|
|move|p1a: Charizard|Dragon Dance|p1a: Charizard
|-boost|p1a: Charizard|atk|1
|-boost|p1a: Charizard|spe|1
|move|p2a: Slowbro|Slack Off|p2a: Slowbro
|-heal|p2a: Slowbro|370\/394
|
|-heal|p2a: Slowbro|394\/394|[from] item: Leftovers
|upkeep
|turn|11
|choice|*|*move 1
|choice|*move 3|*
|choice|move dragonclaw|move scald
|
|move|p1a: Charizard|Dragon Claw|p2a: Slowbro
|-damage|p2a: Slowbro|219\/394
|move|p2a: Slowbro|Scald|p1a: Charizard
|-damage|p1a: Charizard|53\/297
|
|-heal|p2a: Slowbro|243\/394|[from] item: Leftovers
|upkeep
|turn|12
|choice|*move 1|*
|choice|*|*move 1
|choice|move dragondance|move scald
|
|move|p1a: Charizard|Dragon Dance|p1a: Charizard
|-boost|p1a: Charizard|atk|1
|-boost|p1a: Charizard|spe|1
|move|p2a: Slowbro|Scald|p1a: Charizard
|-damage|p1a: Charizard|0 fnt
|faint|p1a: Charizard
|
|-heal|p2a: Slowbro|267\/394|[from] item: Leftovers
|upkeep
|choice|*switch 5|*
|choice|switch 5|
|
|switch|p1a: Serperior|Serperior, M|291\/291
|turn|13
|choice|*move 1|*
|c| Makesuit|no todos los ataques supereficavces son superficavsed
|choice|*move 2|*
|c|☆Dragon God Ophis|:0
|c|☆Dragon God Ophis|no sabiah compañher0 hjracias
|inactive|OscarFer tiene 135 segundos restantes.
|c| Makesuit|hbeces es mejor tirar uno poco eficaz con stab pq quita mas
|c| Makesuit|:D
|choice|*|*move 3
|choice|move substitute|move calmmind
|
|move|p1a: Serperior|Substitute|p1a: Serperior
|-start|p1a: Serperior|Substitute
|-damage|p1a: Serperior|219\/291
|move|p2a: Slowbro|Calm Mind|p2a: Slowbro
|-boost|p2a: Slowbro|spa|1
|-boost|p2a: Slowbro|spd|1
|
|-heal|p1a: Serperior|237\/291|[from] item: Leftovers
|-heal|p2a: Slowbro|291\/394|[from] item: Leftovers
|upkeep
|turn|14
|c|☆Dragon God Ophis|:D sejire tu konzejo amiko
|choice|*move 1|*
|c| Makesuit|jrasisas
|inactive|OscarFer tiene 135 segundos restantes.
|choice|*|*move 2
|choice|move leafstorm|move slackoff
|
|move|p1a: Serperior|Leaf Storm|p2a: Slowbro|[miss]
|-miss|p1a: Serperior|p2a: Slowbro
|move|p2a: Slowbro|Slack Off|p2a: Slowbro
|-heal|p2a: Slowbro|394\/394
|
|-heal|p1a: Serperior|255\/291|[from] item: Leftovers
|upkeep
|turn|15
|choice|*|*move 3
|choice|*move 1|*
|choice|move leafstorm|move calmmind
|
|move|p1a: Serperior|Leaf Storm|p2a: Slowbro
|-supereffective|p2a: Slowbro
|-damage|p2a: Slowbro|158\/394
|-boost|p1a: Serperior|spa|2
|move|p2a: Slowbro|Calm Mind|p2a: Slowbro
|-boost|p2a: Slowbro|spa|1
|-boost|p2a: Slowbro|spd|1
|
|-heal|p1a: Serperior|273\/291|[from] item: Leftovers
|-heal|p2a: Slowbro|182\/394|[from] item: Leftovers
|upkeep
|turn|16
|choice|*move 1|*
|choice|*|*move 2
|choice|move leafstorm|move slackoff
|
|move|p1a: Serperior|Leaf Storm|p2a: Slowbro
|-supereffective|p2a: Slowbro
|-damage|p2a: Slowbro|0 fnt
|-boost|p1a: Serperior|spa|2
|faint|p2a: Slowbro
|
|-heal|p1a: Serperior|291\/291|[from] item: Leftovers
|upkeep
|choice|*|*switch 2
|choice||switch 2
|
|switch|p2a: Altaria|Altaria, M|353\/353
|-damage|p2a: Altaria|265\/353|[from] Stealth Rock
|-ability|p2a: Altaria|Cloud Nine
|turn|17
|choice|*|*move 2 mega
|choice|*move 1|*
|choice|move leafstorm|move fireblast mega
|
|-mega|p2a: Altaria|Altaria|Altarianite
|detailschange|p2a: Altaria|Altaria-Mega, M
|move|p1a: Serperior|Leaf Storm|p2a: Altaria
|-resisted|p2a: Altaria
|-damage|p2a: Altaria|21\/353
|-boost|p1a: Serperior|spa|2
|move|p2a: Altaria|Fire Blast|p1a: Serperior
|-supereffective|p1a: Serperior
|-end|p1a: Serperior|Substitute
|
|upkeep
|turn|18
|c| Makesuit|bleessur es el mejor de europaperopl no save eso y oyoy si+
|choice|*move 3|*
|choice|*|*move 1
|choice|move hiddenpower|move hypervoice
|
|move|p1a: Serperior|Hidden Power|p2a: Altaria
|-resisted|p2a: Altaria
|-damage|p2a: Altaria|0 fnt
|faint|p2a: Altaria
|
|upkeep
|choice|*|*switch 4
|choice||switch 4
|
|switch|p2a: Blacephalon|Blacephalon|247\/247
|-activate|p2a: Blacephalon|move: Sticky Web
|-unboost|p2a: Blacephalon|spe|1
|-damage|p2a: Blacephalon|186\/247|[from] Stealth Rock
|turn|19
|choice|*|*move 3
|choice|*move 1|*
|choice|move leafstorm|move flamecharge
|
|move|p1a: Serperior|Leaf Storm|p2a: Blacephalon
|-resisted|p2a: Blacephalon
|-damage|p2a: Blacephalon|0 fnt
|faint|p2a: Blacephalon
|
|upkeep
|c|☆Dragon God Ophis|bien jugado amigo
|c|☆Dragon God Ophis|buen juego compañero
|c|☆Dragon God Ophis|bendiciones para tu familia
|inactive|OscarFer tiene 135 segundos restantes.
|c|☆Dragon God Ophis|te quiero mucho y que pases bonita noche
|-message|OscarFer se rindió.
|
|win|Dragon God Ophis
Dragon God Ophis ha ganado 8 PokeDolares.
|raw|Puntaje de Dragon God Ophis: 1489 &rarr; <strong>1500<\/strong><br \/>(+11 por ganar)
|raw|Puntaje de OscarFer: 1325 &rarr; <strong>1311<\/strong><br \/>(-14 por perder)
|c|☆Dragon God Ophis|<3
|c|☆Dragon God Ophis|JAJAJA
</script>
</div>
<div class="battle-log battle-log-inline"><div class="inner"><div class="battle-options"></div><div class="inner"><div class=""><small>Format:</small> <br><strong>OU</strong></div><div class="rated"><strong>Rated battle</strong></div><div class=""><small><em>Cláusula-Mod de Dormir:</em> solo puedes dormir a uno de tus oponentes a la vez.</small></div><div class=""><small><em>Cláusula de Especie:</em> Hasta un Pokémon de cada especie</small></div><div class=""><small><em>Cláusula de Golpe Fulminante:</em> los movimientos fulminantes (OHKO) estan prohibidos</small></div><div class=""><small><em>Cláusula de Veleta:</em> la habilidad Veleta está prohibida</small></div><div class=""><small><em>Cláusula de Movimientos Evasivos:</em> los movimientos de Evasión están prohibidos.</small></div><div class=""><small><em>Cláusula de Batallas Eternas:</em> forzar batallas eternas está prohibido</small></div><div class="chat battle-history"><strong>Dragon God Ophis's team:</strong> <em style="color:#445566;display:block;">Ribombee / Mimikyu / Excadrill / Charizard / Serperior / Kommo-o</em></div><div class="chat battle-history"><strong>OscarFer's team:</strong> <em style="color:#445566;display:block;">Altaria / Tyranitar / Excadrill / Blacephalon / Ferrothorn / Slowbro</em></div><div class="spacer battle-history"><br></div><div class="battle-history">Battle started between Dragon God Ophis and OscarFer!<br></div><div class="spacer battle-history"><br></div><div class="battle-history">Go! <strong>Ribombee</strong>!<br></div><div class="spacer battle-history"><br></div><div class="battle-history">OscarFer sent out <strong>Tyranitar</strong>!<br></div><div class="battle-history"><small>[The opposing Tyranitar's Sand Stream]</small><br><small>A sandstorm kicked up!</small><br></div><div class="spacer battle-history"><br></div><h2 class="battle-history">Turn 1</h2><div class="chat message-error">Reloj de batalla ENCENDIDO. El jugador inactivo será descalificado (solicitado por Dragon God Ophis).</div><div class="chat message-error">OscarFer tiene 135 segundos restantes.</div><div class="spacer battle-history"><br></div><div class="battle-history">Ribombee used <strong>Sticky Web</strong>!<br></div><div class="battle-history"><small>A sticky web spreads out on the ground around the opposing team!</small><br></div><div class="spacer battle-history"><br></div><div class="battle-history">The opposing Tyranitar used <strong>Crunch</strong>!<br></div><div class="battle-history"><small>It's not very effective...</small><br></div><div class="battle-history"><small>(Ribombee lost <abbr title="−112/261">42.9%</abbr> of its health!)</small><br></div><div class="spacer battle-history"><br></div><div class="battle-history"><small>The sandstorm is raging.</small><br></div><div class="battle-history"><small>Ribombee is buffeted by the sandstorm!</small><br></div><div class="spacer battle-history"><br></div><h2 class="battle-history">Turn 2</h2><div class="spacer battle-history"><br></div><div class="battle-history">Ribombee used <strong>Moonblast</strong>!<br></div><div class="battle-history"><small>It's super effective!</small><br></div><div class="battle-history"><small>(The opposing Tyranitar lost <abbr title="−168/341">49.3%</abbr> of its health!)</small><br></div><div class="battle-history"><small>The opposing Tyranitar's Special Attack fell!</small><br></div><div class="spacer battle-history"><br></div><div class="battle-history">The opposing Tyranitar used <strong>Dragon Dance</strong>!<br></div><div class="battle-history"><small>The opposing Tyranitar's Attack rose!</small><br></div><div class="battle-history"><small>The opposing Tyranitar's Speed rose!</small><br></div><div class="spacer battle-history"><br></div><div class="battle-history"><small>The sandstorm is raging.</small><br></div><div class="battle-history"><small>Ribombee is buffeted by the sandstorm!</small><br></div><div class="battle-history"><small>The opposing Tyranitar restored a little HP using its Leftovers!</small><br></div><div class="spacer battle-history"><br></div><h2 class="battle-history">Turn 3</h2><div class="spacer battle-history"><br></div><div class="battle-history">Ribombee used <strong>Moonblast</strong>!<br></div><div class="battle-history"><small>It's super effective!</small><br></div><div class="battle-history"><small>(The opposing Tyranitar lost <abbr title="−188/341">55.1%</abbr> of its health!)</small><br></div><div class="spacer battle-history"><br></div><div class="battle-history">The opposing Tyranitar used <strong>Crunch</strong>!<br></div><div class="battle-history"><small>It's not very effective...</small><br></div><div class="battle-history"><small>(Ribombee lost <abbr title="−117/261">44.8%</abbr> of its health!)</small><br></div><div class="spacer battle-history"><br></div><div class="battle-history">Ribombee fainted!<br></div><div class="spacer battle-history"><br></div><div class="battle-history"><small>The sandstorm is raging.</small><br></div><div class="battle-history"><small>The opposing Tyranitar restored a little HP using its Leftovers!</small><br></div><div class="spacer battle-history"><br></div><div class="battle-history">Go! <strong>Mimikyu</strong>!<br></div><div class="spacer battle-history"><br></div><h2 class="battle-history">Turn 4</h2><div class="spacer battle-history"><br></div><div class="battle-history">Mimikyu used <strong>Shadow Sneak</strong>!<br></div><div class="battle-history"><small>It's not very effective...</small><br></div><div class="battle-history"><small>(The opposing Tyranitar lost <abbr title="−27/341">7.9%</abbr> of its health!)</small><br></div><div class="battle-history"><small>Mimikyu lost some of its HP!</small><br></div><div class="spacer battle-history"><br></div><div class="battle-history">The opposing Tyranitar fainted!<br></div><div class="spacer battle-history"><br></div><div class="battle-history"><small>The sandstorm is raging.</small><br></div><div class="battle-history"><small>Mimikyu is buffeted by the sandstorm!</small><br></div><div class="spacer battle-history"><br></div><div class="battle-history">OscarFer sent out <strong>Ferrothorn</strong>!<br></div><div class="battle-history"><small>The opposing Ferrothorn was caught in a sticky web!</small><br></div><div class="battle-history"><small>The opposing Ferrothorn's Speed fell!</small><br></div><div class="spacer battle-history"><br></div><h2 class="battle-history">Turn 5</h2><div class="spacer battle-history"><br></div><div class="battle-history">Mimikyu, come back!<br></div><div class="battle-history">Go! <strong>Excadrill</strong>!<br></div><div class="battle-history"><small>[Excadrill's Mold Breaker]</small><br><small>Excadrill breaks the mold!</small><br></div><div class="spacer battle-history"><br></div><div class="battle-history">The opposing Ferrothorn used <strong>Leech Seed</strong>!<br></div><div class="battle-history"><small>Excadrill was seeded!</small><br></div><div class="spacer battle-history"><br></div><div class="battle-history"><small>The sandstorm subsided.</small><br></div><div class="battle-history"><small>Excadrill's health is sapped by Leech Seed!</small><br></div><div class="spacer battle-history"><br></div><h2 class="battle-history">Turn 6</h2><div class="spacer battle-history"><br></div><div class="battle-history">Excadrill used <strong>Stealth Rock</strong>!<br></div><div class="battle-history"><small>Pointed stones float in the air around the opposing team!</small><br></div><div class="spacer battle-history"><br></div><div class="battle-history">The opposing Ferrothorn used <strong>Stealth Rock</strong>!<br></div><div class="battle-history"><small>Pointed stones float in the air around your team!</small><br></div><div class="spacer battle-history"><br></div><div class="battle-history"><small>Excadrill's health is sapped by Leech Seed!</small><br></div><div class="spacer battle-history"><br></div><h2 class="battle-history">Turn 7</h2><div class="spacer battle-history"><br></div><div class="battle-history">Excadrill used <strong>Rapid Spin</strong>!<br></div><div class="battle-history"><small>It's not very effective...</small><br></div><div class="battle-history"><small>(The opposing Ferrothorn lost <abbr title="−8/352">2.3%</abbr> of its health!)</small><br></div><div class="battle-history"><small>[The opposing Ferrothorn's Iron Barbs]</small><br><small>Excadrill was hurt!</small><br></div><div class="battle-history"><small>Excadrill was hurt by the Rocky Helmet!</small><br></div><div class="battle-history"><small>Excadrill was freed from Leech Seed!</small><br></div><div class="battle-history"><small>The pointed stones disappeared from around your team!</small><br></div><div class="spacer battle-history"><br></div><div class="battle-history">The opposing Ferrothorn used <strong>Power Whip</strong>!<br></div><div class="battle-history"><small>(Excadrill lost <abbr title="−166/361">46.0%</abbr> of its health!)</small><br></div><div class="spacer battle-history"><br></div><div class="battle-history">Excadrill fainted!<br></div><div class="spacer battle-history"><br></div><div class="battle-history">Go! <strong>Charizard</strong>!<br></div><div class="spacer battle-history"><br></div><h2 class="battle-history">Turn 8</h2><div class="spacer battle-history"><br></div><div class="battle-history">OscarFer withdrew Ferrothorn!<br></div><div class="battle-history">OscarFer sent out <strong>Slowbro</strong>!<br></div><div class="battle-history"><small>The opposing Slowbro was caught in a sticky web!</small><br></div><div class="battle-history"><small>The opposing Slowbro's Speed fell!</small><br></div><div class="battle-history"><small>Pointed stones dug into the opposing Slowbro!</small><br></div><div class="spacer battle-history"><br></div><div class="battle-history"><small>Charizard's Charizardite X is reacting to the Key Stone!</small><br>Charizard has Mega Evolved into Mega Charizard!<br></div><div class="spacer battle-history"><br></div><div class="battle-history">Charizard used <strong>Flare Blitz</strong>!<br></div><div class="battle-history"><small>It's not very effective...</small><br></div><div class="battle-history"><small>(The opposing Slowbro lost <abbr title="−91/394">23.1%</abbr> of its health!)</small><br></div><div class="battle-history"><small>Charizard is damaged by the recoil!</small><br></div><div class="spacer battle-history"><br></div><div class="battle-history"><small>The opposing Slowbro restored a little HP using its Leftovers!</small><br></div><div class="spacer battle-history"><br></div><h2 class="battle-history">Turn 9</h2><div class="chat chatmessage-makesuit"><strong style="color:hsl(57,64%,37%)"><small> </small><span class="username" data-name="Makesuit">Makesuit</span>:</strong> <em>Dragon God Ophis si matas a todos sus pokemones ganas</em></div><div class="chat chatmessage-dragongodophis"><strong style="color:hsl(195,46%,43.910715417000006%)"><small>☆</small><span class="username" data-name="Dragon God Ophis">Dragon God Ophis</span>:</strong> <em>gracias hamigo como soi nuebo no sabia</em></div><div class="spacer battle-history"><br></div><div class="battle-history">Charizard used <strong>Dragon Claw</strong>!<br></div><div class="battle-history"><small>(The opposing Slowbro lost <abbr title="−129/394">32.7%</abbr> of its health!)</small><br></div><div class="spacer battle-history"><br></div><div class="battle-history">The opposing Slowbro used <strong>Scald</strong>!<br></div><div class="battle-history"><small>(Charizard lost <abbr title="−100/297">33.7%</abbr> of its health!)</small><br></div><div class="spacer battle-history"><br></div><div class="battle-history"><small>The opposing Slowbro restored a little HP using its Leftovers!</small><br></div><div class="spacer battle-history"><br></div><h2 class="battle-history">Turn 10</h2><div class="chat chatmessage-dragongodophis"><strong style="color:hsl(195,46%,43.910715417000006%)"><small>☆</small><span class="username" data-name="Dragon God Ophis">Dragon God Ophis</span>:</strong> <em>crei que los tenia que curar</em></div><div class="chat chatmessage-dragongodophis"><strong style="color:hsl(195,46%,43.910715417000006%)"><small>☆</small><span class="username" data-name="Dragon God Ophis">Dragon God Ophis</span>:</strong> <em>con mis pociones</em></div><div class="chat chatmessage-dragongodophis"><strong style="color:hsl(195,46%,43.910715417000006%)"><small>☆</small><span class="username" data-name="Dragon God Ophis">Dragon God Ophis</span>:</strong> <em>muchas graciasz</em></div><div class="chat chatmessage-makesuit"><strong style="color:hsl(57,64%,37%)"><small> </small><span class="username" data-name="Makesuit">Makesuit</span>:</strong> <em>denada</em></div><div class="spacer battle-history"><br></div><div class="battle-history">Charizard used <strong>Dragon Dance</strong>!<br></div><div class="battle-history"><small>Charizard's Attack rose!</small><br></div><div class="battle-history"><small>Charizard's Speed rose!</small><br></div><div class="spacer battle-history"><br></div><div class="battle-history">The opposing Slowbro used <strong>Slack Off</strong>!<br></div><div class="battle-history"><small>The opposing Slowbro restored its HP.</small><br></div><div class="spacer battle-history"><br></div><div class="battle-history"><small>The opposing Slowbro restored a little HP using its Leftovers!</small><br></div><div class="spacer battle-history"><br></div><h2 class="battle-history">Turn 11</h2><div class="spacer battle-history"><br></div><div class="battle-history">Charizard used <strong>Dragon Claw</strong>!<br></div><div class="battle-history"><small>(The opposing Slowbro lost <abbr title="−175/394">44.4%</abbr> of its health!)</small><br></div><div class="spacer battle-history"><br></div><div class="battle-history">The opposing Slowbro used <strong>Scald</strong>!<br></div><div class="battle-history"><small>(Charizard lost <abbr title="−114/297">38.4%</abbr> of its health!)</small><br></div><div class="spacer battle-history"><br></div><div class="battle-history"><small>The opposing Slowbro restored a little HP using its Leftovers!</small><br></div><div class="spacer battle-history"><br></div><h2 class="battle-history">Turn 12</h2><div class="spacer battle-history"><br></div><div class="battle-history">Charizard used <strong>Dragon Dance</strong>!<br></div><div class="battle-history"><small>Charizard's Attack rose!</small><br></div><div class="battle-history"><small>Charizard's Speed rose!</small><br></div><div class="spacer battle-history"><br></div><div class="battle-history">The opposing Slowbro used <strong>Scald</strong>!<br></div><div class="battle-history"><small>(Charizard lost <abbr title="−53/297">17.8%</abbr> of its health!)</small><br></div><div class="spacer battle-history"><br></div><div class="battle-history">Charizard fainted!<br></div><div class="spacer battle-history"><br></div><div class="battle-history"><small>The opposing Slowbro restored a little HP using its Leftovers!</small><br></div><div class="spacer battle-history"><br></div><div class="battle-history">Go! <strong>Serperior</strong>!<br></div><div class="spacer battle-history"><br></div><h2 class="battle-history">Turn 13</h2><div class="chat chatmessage-makesuit"><strong style="color:hsl(57,64%,37%)"><small> </small><span class="username" data-name="Makesuit">Makesuit</span>:</strong> <em>no todos los ataques supereficavces son superficavsed</em></div><div class="chat chatmessage-dragongodophis"><strong style="color:hsl(195,46%,43.910715417000006%)"><small>☆</small><span class="username" data-name="Dragon God Ophis">Dragon God Ophis</span>:</strong> <em>:0</em></div><div class="chat chatmessage-dragongodophis"><strong style="color:hsl(195,46%,43.910715417000006%)"><small>☆</small><span class="username" data-name="Dragon God Ophis">Dragon God Ophis</span>:</strong> <em>no sabiah compañher0 hjracias</em></div><div class="chat message-error">OscarFer tiene 135 segundos restantes.</div><div class="chat chatmessage-makesuit"><strong style="color:hsl(57,64%,37%)"><small> </small><span class="username" data-name="Makesuit">Makesuit</span>:</strong> <em>hbeces es mejor tirar uno poco eficaz con stab pq quita mas</em></div><div class="chat chatmessage-makesuit"><strong style="color:hsl(57,64%,37%)"><small> </small><span class="username" data-name="Makesuit">Makesuit</span>:</strong> <em>:D</em></div><div class="spacer battle-history"><br></div><div class="battle-history">Serperior used <strong>Substitute</strong>!<br></div><div class="battle-history"><small>Serperior put in a substitute!</small><br></div><div class="battle-history"><small>(Serperior lost <abbr title="−72/291">24.7%</abbr> of its health!)</small><br></div><div class="spacer battle-history"><br></div><div class="battle-history">The opposing Slowbro used <strong>Calm Mind</strong>!<br></div><div class="battle-history"><small>The opposing Slowbro's Special Attack rose!</small><br></div><div class="battle-history"><small>The opposing Slowbro's Special Defense rose!</small><br></div><div class="spacer battle-history"><br></div><div class="battle-history"><small>Serperior restored a little HP using its Leftovers!</small><br></div><div class="battle-history"><small>The opposing Slowbro restored a little HP using its Leftovers!</small><br></div><div class="spacer battle-history"><br></div><h2 class="battle-history">Turn 14</h2><div class="chat chatmessage-dragongodophis"><strong style="color:hsl(195,46%,43.910715417000006%)"><small>☆</small><span class="username" data-name="Dragon God Ophis">Dragon God Ophis</span>:</strong> <em>:D sejire tu konzejo amiko</em></div><div class="chat chatmessage-makesuit"><strong style="color:hsl(57,64%,37%)"><small> </small><span class="username" data-name="Makesuit">Makesuit</span>:</strong> <em>jrasisas</em></div><div class="chat message-error">OscarFer tiene 135 segundos restantes.</div><div class="spacer battle-history"><br></div><div class="battle-history">Serperior used <strong>Leaf Storm</strong>!<br></div><div class="battle-history"><small>The opposing Slowbro avoided the attack!</small><br></div><div class="spacer battle-history"><br></div><div class="battle-history">The opposing Slowbro used <strong>Slack Off</strong>!<br></div><div class="battle-history"><small>The opposing Slowbro restored its HP.</small><br></div><div class="spacer battle-history"><br></div><div class="battle-history"><small>Serperior restored a little HP using its Leftovers!</small><br></div><div class="spacer battle-history"><br></div><h2 class="battle-history">Turn 15</h2><div class="spacer battle-history"><br></div><div class="battle-history">Serperior used <strong>Leaf Storm</strong>!<br></div><div class="battle-history"><small>It's super effective!</small><br></div><div class="battle-history"><small>(The opposing Slowbro lost <abbr title="−236/394">59.9%</abbr> of its health!)</small><br></div><div class="battle-history"><small>Serperior's Special Attack rose sharply!</small><br></div><div class="spacer battle-history"><br></div><div class="battle-history">The opposing Slowbro used <strong>Calm Mind</strong>!<br></div><div class="battle-history"><small>The opposing Slowbro's Special Attack rose!</small><br></div><div class="battle-history"><small>The opposing Slowbro's Special Defense rose!</small><br></div><div class="spacer battle-history"><br></div><div class="battle-history"><small>Serperior restored a little HP using its Leftovers!</small><br></div><div class="battle-history"><small>The opposing Slowbro restored a little HP using its Leftovers!</small><br></div><div class="spacer battle-history"><br></div><h2 class="battle-history">Turn 16</h2><div class="spacer battle-history"><br></div><div class="battle-history">Serperior used <strong>Leaf Storm</strong>!<br></div><div class="battle-history"><small>It's super effective!</small><br></div><div class="battle-history"><small>(The opposing Slowbro lost <abbr title="−182/394">46.2%</abbr> of its health!)</small><br></div><div class="battle-history"><small>Serperior's Special Attack rose sharply!</small><br></div><div class="spacer battle-history"><br></div><div class="battle-history">The opposing Slowbro fainted!<br></div><div class="spacer battle-history"><br></div><div class="battle-history"><small>Serperior restored a little HP using its Leftovers!</small><br></div><div class="spacer battle-history"><br></div><div class="battle-history">OscarFer sent out <strong>Altaria</strong>!<br></div><div class="battle-history"><small>Pointed stones dug into the opposing Altaria!</small><br></div><div class="battle-history"><small>[The opposing Altaria's Cloud Nine]</small><br><small>The effects of the weather disappeared.</small><br></div><div class="spacer battle-history"><br></div><h2 class="battle-history">Turn 17</h2><div class="spacer battle-history"><br></div><div class="battle-history"><small>The opposing Altaria's Altarianite is reacting to the Key Stone!</small><br>The opposing Altaria has Mega Evolved into Mega Altaria!<br></div><div class="spacer battle-history"><br></div><div class="battle-history">Serperior used <strong>Leaf Storm</strong>!<br></div><div class="battle-history"><small>It's not very effective...</small><br></div><div class="battle-history"><small>(The opposing Altaria lost <abbr title="−244/353">69.1%</abbr> of its health!)</small><br></div><div class="battle-history"><small>Serperior's Special Attack rose sharply!</small><br></div><div class="spacer battle-history"><br></div><div class="battle-history">The opposing Altaria used <strong>Fire Blast</strong>!<br></div><div class="battle-history"><small>It's super effective!</small><br></div><div class="battle-history"><small>Serperior's substitute faded!</small><br></div><div class="spacer battle-history"><br></div><h2 class="battle-history">Turn 18</h2><div class="chat chatmessage-makesuit"><strong style="color:hsl(57,64%,37%)"><small> </small><span class="username" data-name="Makesuit">Makesuit</span>:</strong> <em>bleessur es el mejor de europaperopl no save eso y oyoy si+</em></div><div class="spacer battle-history"><br></div><div class="battle-history">Serperior used <strong>Hidden Power</strong>!<br></div><div class="battle-history"><small>It's not very effective...</small><br></div><div class="battle-history"><small>(The opposing Altaria lost <abbr title="−21/353">5.9%</abbr> of its health!)</small><br></div><div class="spacer battle-history"><br></div><div class="battle-history">The opposing Altaria fainted!<br></div><div class="spacer battle-history"><br></div><div class="battle-history">OscarFer sent out <strong>Blacephalon</strong>!<br></div><div class="battle-history"><small>The opposing Blacephalon was caught in a sticky web!</small><br></div><div class="battle-history"><small>The opposing Blacephalon's Speed fell!</small><br></div><div class="battle-history"><small>Pointed stones dug into the opposing Blacephalon!</small><br></div><div class="spacer battle-history"><br></div><h2 class="battle-history">Turn 19</h2><div class="spacer battle-history"><br></div><div class="battle-history">Serperior used <strong>Leaf Storm</strong>!<br></div><div class="battle-history"><small>It's not very effective...</small><br></div><div class="battle-history"><small>(The opposing Blacephalon lost <abbr title="−186/247">75.3%</abbr> of its health!)</small><br></div><div class="spacer battle-history"><br></div><div class="battle-history">The opposing Blacephalon fainted!<br></div><div class="chat chatmessage-dragongodophis"><strong style="color:hsl(195,46%,43.910715417000006%)"><small>☆</small><span class="username" data-name="Dragon God Ophis">Dragon God Ophis</span>:</strong> <em>bien jugado amigo</em></div><div class="chat chatmessage-dragongodophis"><strong style="color:hsl(195,46%,43.910715417000006%)"><small>☆</small><span class="username" data-name="Dragon God Ophis">Dragon God Ophis</span>:</strong> <em>buen juego compañero</em></div><div class="chat chatmessage-dragongodophis"><strong style="color:hsl(195,46%,43.910715417000006%)"><small>☆</small><span class="username" data-name="Dragon God Ophis">Dragon God Ophis</span>:</strong> <em>bendiciones para tu familia</em></div><div class="chat message-error">OscarFer tiene 135 segundos restantes.</div><div class="chat chatmessage-dragongodophis"><strong style="color:hsl(195,46%,43.910715417000006%)"><small>☆</small><span class="username" data-name="Dragon God Ophis">Dragon God Ophis</span>:</strong> <em>te quiero mucho y que pases bonita noche</em></div><div class="spacer battle-history"><br></div><div class="battle-history"><small>OscarFer se rindió.</small><br></div><div class="spacer battle-history"><br></div><div class="battle-history"><strong>Dragon God Ophis</strong> won the battle!<br></div><div class="chat">Dragon God Ophis ha ganado 8 PokeDolares.</div><div class="chat">Puntaje de Dragon God Ophis: 1489 → <strong>1500</strong><br>(+11 por ganar)</div><div class="chat">Puntaje de OscarFer: 1325 → <strong>1311</strong><br>(-14 por perder)</div><div class="chat chatmessage-dragongodophis"><strong style="color:hsl(195,46%,43.910715417000006%)"><small>☆</small><span class="username" data-name="Dragon God Ophis">Dragon God Ophis</span>:</strong> <em>&lt;3</em></div><div class="chat chatmessage-dragongodophis"><strong style="color:hsl(195,46%,43.910715417000006%)"><small>☆</small><span class="username" data-name="Dragon God Ophis">Dragon God Ophis</span>:</strong> <em>JAJAJA</em></div></div><div class="inner-preempt"></div></div></div>
</div>
<script>
let daily = Math.floor(Date.now()/1000/60/60/24);document.write('<script src="https://play.pokemonshowdown.com/js/replay-embed.js?version'+daily+'"></'+'script>');
</script>
