<!DOCTYPE html>
<meta charset="utf-8" />
<!-- version 1 -->
<title>OU replay: Herrit vs. Gеrard Way</title>
<style>
html,body {font-family:Verdana, sans-serif;font-size:10pt;margin:0;padding:0;}body{padding:12px 0;} .battle-log {font-family:Verdana, sans-serif;font-size:10pt;} .battle-log-inline {border:1px solid #AAAAAA;background:#EEF2F5;color:black;max-width:640px;margin:0 auto 80px;padding-bottom:5px;} .battle-log .inner {padding:4px 8px 0px 8px;} .battle-log .inner-preempt {padding:0 8px 4px 8px;} .battle-log .inner-after {margin-top:0.5em;} .battle-log h2 {margin:0.5em -8px;padding:4px 8px;border:1px solid #AAAAAA;background:#E0E7EA;border-left:0;border-right:0;font-family:Verdana, sans-serif;font-size:13pt;} .battle-log .chat {vertical-align:middle;padding:3px 0 3px 0;font-size:8pt;} .battle-log .chat strong {color:#40576A;} .battle-log .chat em {padding:1px 4px 1px 3px;color:#000000;font-style:normal;} .chat.mine {background:rgba(0,0,0,0.05);margin-left:-8px;margin-right:-8px;padding-left:8px;padding-right:8px;} .spoiler {color:#BBBBBB;background:#BBBBBB;padding:0px 3px;} .spoiler:hover, .spoiler:active, .spoiler-shown {color:#000000;background:#E2E2E2;padding:0px 3px;} .spoiler a {color:#BBBBBB;} .spoiler:hover a, .spoiler:active a, .spoiler-shown a {color:#2288CC;} .chat code, .chat .spoiler:hover code, .chat .spoiler:active code, .chat .spoiler-shown code {border:1px solid #C0C0C0;background:#EEEEEE;color:black;padding:0 2px;} .chat .spoiler code {border:1px solid #CCCCCC;background:#CCCCCC;color:#CCCCCC;} .battle-log .rated {padding:3px 4px;} .battle-log .rated strong {color:white;background:#89A;padding:1px 4px;border-radius:4px;} .spacer {margin-top:0.5em;} .message-announce {background:#6688AA;color:white;padding:1px 4px 2px;} .message-announce a, .broadcast-green a, .broadcast-blue a, .broadcast-red a {color:#DDEEFF;} .broadcast-green {background-color:#559955;color:white;padding:2px 4px;} .broadcast-blue {background-color:#6688AA;color:white;padding:2px 4px;} .infobox {border:1px solid #6688AA;padding:2px 4px;} .infobox-limited {max-height:200px;overflow:auto;overflow-x:hidden;} .broadcast-red {background-color:#AA5544;color:white;padding:2px 4px;} .message-learn-canlearn {font-weight:bold;color:#228822;text-decoration:underline;} .message-learn-cannotlearn {font-weight:bold;color:#CC2222;text-decoration:underline;} .message-effect-weak {font-weight:bold;color:#CC2222;} .message-effect-resist {font-weight:bold;color:#6688AA;} .message-effect-immune {font-weight:bold;color:#666666;} .message-learn-list {margin-top:0;margin-bottom:0;} .message-throttle-notice, .message-error {color:#992222;} .message-overflow, .chat small.message-overflow {font-size:0pt;} .message-overflow::before {font-size:9pt;content:'...';} .subtle {color:#3A4A66;}
</style>
<div class="wrapper replay-wrapper" style="max-width:1180px;margin:0 auto">
<input type="hidden" name="replayid" value="destiny-ou-519116" />
<div class="battle"></div><div class="battle-log"></div><div class="replay-controls"></div><div class="replay-controls-2"></div>
<h1 style="font-weight:normal;text-align:center"><strong>OU</strong><br /><a href="http://pokemonshowdown.com/users/herrit" class="subtle" target="_blank">Herrit</a> vs. <a href="http://pokemonshowdown.com/users/grardway" class="subtle" target="_blank">Gеrard Way</a></h1>
<script type="text/plain" class="battle-log-data">|unlink|||tour
|player|p1|Herrit|herrit-20.gif?e1e189fd
|teamsize|p1|6
|player|p2|Gеrard Way|grardway-11.gif?3d9a9587
|teamsize|p2|6
|teamsize|p1|6
|teamsize|p2|6
|gametype|singles
|gen|7
|tier|OU
|seed|12774,51924,47194,49889
|rule|Cláusula-Mod de Dormir: solo puedes dormir a uno de tus oponentes a la vez.
|rule|Cláusula de Especie: Hasta un Pokémon de cada especie
|rule|Cláusula de Golpe Fulminante: los movimientos fulminantes (OHKO) estan prohibidos
|rule|Cláusula de Veleta: la habilidad Veleta está prohibida
|rule|Cláusula de Movimientos Evasivos: los movimientos de Evasión están prohibidos.
|rule|Cláusula de Batallas Eternas: forzar batallas eternas está prohibido
|clearpoke
|poke|p1|Latias, F|item
|poke|p1|Clefable, F|item
|poke|p1|Kartana|item
|poke|p1|Mantine, M|item
|poke|p1|Zygarde|item
|poke|p1|Amoonguss, F|item
|poke|p2|Tangrowth, F|item
|poke|p2|Alomomola, M|item
|poke|p2|Heatran, F|item
|poke|p2|Zygarde|item
|poke|p2|Tornadus-Therian, M|item
|poke|p2|Mawile, M|item
|teampreview|undefined
|choice|*|*team 321456
|choice|*team 123456|*
|choice|team 1, 2, 3, 4, 5, 6|team 3, 2, 1, 4, 5, 6
|
|start
|switch|p1a: Latias|Latias, F|364\/364
|switch|p2a: Heatran|Heatran, F|323\/323
|turn|1
|choice|*|*move 4
|choice|*move 1 mega|*
|choice|move calmmind mega|move stealthrock
|
|-mega|p1a: Latias|Latias|Latiasite
|detailschange|p1a: Latias|Latias-Mega, F
|move|p1a: Latias|Calm Mind|p1a: Latias
|-boost|p1a: Latias|spa|1
|-boost|p1a: Latias|spd|1
|move|p2a: Heatran|Stealth Rock|p1a: Latias
|-sidestart|p1: Herrit|move: Stealth Rock
|
|upkeep
|turn|2
|choice|*|*switch 6
|c|+Ricky291|Viper
|c|+Ricky291|pero
|c|+Ricky291|el chiste
|choice|*move 1|*
|choice|move calmmind|switch 6
|
|switch|p2a: Mawile|Mawile, M|251\/251
|-ability|p2a: Mawile|Intimidate|boost
|-unboost|p1a: Latias|atk|1
|move|p1a: Latias|Calm Mind|p1a: Latias
|-boost|p1a: Latias|spa|1
|-boost|p1a: Latias|spd|1
|
|upkeep
|turn|3
|c|+Ricky291|es usar a komala
|choice|*move 4|*
|c|☆Gеrard Way|ik
|c|☆Gеrard Way|Pero
|c|☆Herrit|o usar
|c|+Ricky291|tu tmbn herrit
|c|☆Herrit|un meme
|c|☆Gеrard Way|Herrit usa unsets
|c|+Ricky291|:(
|c|☆Gеrard Way|No quiero defraudar a komala
|c|☆Gеrard Way|Perdiendo así
|c|+Ricky291|Weno es vdd
|c|☆Herrit|q
|c|+Ricky291|Suerte a ambas
|c|☆Herrit|yo no uso unsets
|c|☆Herrit|Toxa band es ultra rated
|c|☆Herrit|y lando cm =
|choice|*|*move 2 mega
|choice|move thunderbolt|move playrough mega
|
|-mega|p2a: Mawile|Mawile|Mawilite
|detailschange|p2a: Mawile|Mawile-Mega, M
|move|p1a: Latias|Thunderbolt|p2a: Mawile
|-damage|p2a: Mawile|70\/251
|move|p2a: Mawile|Play Rough|p1a: Latias
|-supereffective|p1a: Latias
|-damage|p1a: Latias|0 fnt
|faint|p1a: Latias
|
|upkeep
|c|☆Gеrard Way|Era miss
|c|☆Gеrard Way|bg
|choice|*switch 5|*
|choice|switch 5|
|
|switch|p1a: Zygarde|Zygarde|358\/358
|-damage|p1a: Zygarde|336\/358|[from] Stealth Rock
|-ability|p1a: Zygarde|Aura Break
|turn|4
|c|☆Herrit|bgbgbgbgbg
|choice|*move 1|*
|choice|*|*switch 3
|choice|move thousandarrows|switch 3
|
|switch|p2a: Tangrowth|Tangrowth, F|404\/404
|move|p1a: Zygarde|Thousand Arrows|p2a: Tangrowth
|-resisted|p2a: Tangrowth
|-damage|p2a: Tangrowth|350\/404
|
|upkeep
|turn|5
|choice|*move 4|*
|choice|*|*move 2
|choice|move dragondance|move knockoff
|
|move|p1a: Zygarde|Dragon Dance|p1a: Zygarde
|-boost|p1a: Zygarde|atk|1
|-boost|p1a: Zygarde|spe|1
|move|p2a: Tangrowth|Knock Off|p1a: Zygarde
|-damage|p1a: Zygarde|293\/358
|
|upkeep
|turn|6
|c|☆Gеrard Way|Joder
|choice|*move 4|*
|c|☆Gеrard Way|Es z
|c|☆Gеrard Way|Ya perdí
|c|☆Herrit|eres una desonra
|c|☆Gеrard Way|jajajaja
|c|☆Herrit|para chatot
|choice|*|*switch 4
|choice|move dragondance|switch 4
|
|switch|p2a: Zygarde|Zygarde|358\/358
|-ability|p2a: Zygarde|Aura Break
|move|p1a: Zygarde|Dragon Dance|p1a: Zygarde
|-boost|p1a: Zygarde|atk|1
|-boost|p1a: Zygarde|spe|1
|
|upkeep
|turn|7
|choice|*|*move 2
|choice|*move 2 zmove|*
|choice|move outrage zmove|move extremespeed
|
|move|p2a: Zygarde|Extreme Speed|p1a: Zygarde
|-crit|p1a: Zygarde
|-damage|p1a: Zygarde|133\/358
|-zpower|p1a: Zygarde
|move|p1a: Zygarde|Devastating Drake|p2a: Zygarde|[zeffect]
|-supereffective|p2a: Zygarde
|-crit|p2a: Zygarde
|-damage|p2a: Zygarde|0 fnt
|faint|p2a: Zygarde
|
|upkeep
|c|☆Gеrard Way|:0
|choice|*|*switch 4
|choice||switch 4
|
|switch|p2a: Tangrowth|Tangrowth, F|404\/404
|turn|8
|choice|*move 2|*
|choice|*|*move 3
|choice|move outrage|move hiddenpower
|
|move|p1a: Zygarde|Outrage|p2a: Tangrowth
|-damage|p2a: Tangrowth|112\/404
|move|p2a: Tangrowth|Hidden Power|p1a: Zygarde
|-supereffective|p1a: Zygarde
|-crit|p1a: Zygarde
|-damage|p1a: Zygarde|0 fnt
|faint|p1a: Zygarde
|
|upkeep
|c|☆Herrit|bueno
|c|☆Herrit|ya perdi
|c|☆Herrit|o quieres q te stallee
|c|☆Herrit|50 turnos?
|c|☆Herrit|xdd
|c|☆Gеrard Way|No puedes stallear si tengo un tran
|c|☆Gеrard Way|Lmao
|c|☆Herrit|si puedo
|choice|*switch 6|*
|choice|switch 6|
|
|switch|p1a: Amoonguss|Amoonguss, F|432\/432
|-damage|p1a: Amoonguss|378\/432|[from] Stealth Rock
|turn|9
|c|☆Herrit|xq soy diosito
|c|☆Gеrard Way|Lo que pasa
|choice|*move 2|*
|c|☆Gеrard Way|Es que soy muy malo vs stall jajaja
|choice|*|*switch 5
|choice|move sludgebomb|switch 5
|
|switch|p2a: Tornadus|Tornadus-Therian, M|362\/362
|move|p1a: Amoonguss|Sludge Bomb|p2a: Tornadus
|-damage|p2a: Tornadus|269\/362
|
|upkeep
|turn|10
|choice|*|*move 2
|choice|*switch 4|*
|choice|switch 4|move knockoff
|
|switch|p1a: Mantine|Mantine, M|374\/374
|-damage|p1a: Mantine|281\/374|[from] Stealth Rock
|move|p2a: Tornadus|Knock Off|p1a: Mantine
|-crit|p1a: Mantine
|-damage|p1a: Mantine|196\/374
|-enditem|p1a: Mantine|Leftovers|[from] move: Knock Off|[of] p2a: Tornadus
|
|upkeep
|turn|11
|choice|*|*move 3
|c|☆Herrit|y yo
|c|☆Herrit|soy muy malo
|c|☆Herrit|jugando stall
|choice|*move 2|*
|choice|move roost|move uturn
|
|move|p2a: Tornadus|U-turn|p1a: Mantine
|-resisted|p1a: Mantine
|-damage|p1a: Mantine|174\/374
|choice|*|*switch 2
|choice||switch 2
|
|switch|p2a: Alomomola|Alomomola, M|481\/481|[from]move: U-turn
|move|p1a: Mantine|Roost|p1a: Mantine
|-heal|p1a: Mantine|361\/374
|
|upkeep
|turn|12
|choice|*|*move 3
|choice|*move 3|*
|choice|move defog|move wish
|
|move|p1a: Mantine|Defog|p2a: Alomomola
|-unboost|p2a: Alomomola|evasion|1
|-sideend|p1: Herrit|Stealth Rock|[from] move: Defog|[of] p1a: Mantine
|move|p2a: Alomomola|Wish|p2a: Alomomola
|
|upkeep
|turn|13
|choice|*|*switch 3
|choice|*switch 2|*
|choice|switch 2|switch 3
|
|switch|p1a: Clefable|Clefable, F|394\/394
|switch|p2a: Mawile|Mawile-Mega, M|70\/251
|
|-heal|p2a: Mawile|251\/251|[from] move: Wish|[wisher] Alomomola
|upkeep
|turn|14
|choice|*|*move 1
|c|☆Herrit|ono
|choice|*move 4|*
|choice|move thunderwave|move swordsdance
|
|move|p2a: Mawile|Swords Dance|p2a: Mawile
|-boost|p2a: Mawile|atk|2
|move|p1a: Clefable|Thunder Wave|p2a: Mawile
|-status|p2a: Mawile|par
|
|upkeep
|turn|15
|choice|*move 1|*
|c|☆Gеrard Way|No jodas
|c|☆Gеrard Way|a.a
|c|☆Herrit|parahax
|choice|*|*move 2
|choice|move moonblast|move playrough
|
|move|p1a: Clefable|Moonblast|p2a: Mawile
|-resisted|p2a: Mawile
|-damage|p2a: Mawile|193\/251 par
|move|p2a: Mawile|Play Rough|p1a: Clefable
|-damage|p1a: Clefable|0 fnt
|faint|p1a: Clefable
|
|upkeep
|c|☆Herrit|5 veces
|choice|*switch 3|*
|choice|switch 3|
|
|switch|p1a: Kartana|Kartana|260\/260
|turn|16
|choice|*move 2|*
|choice|*|*switch 5
|choice|move sacredsword|switch 5
|
|switch|p2a: Tangrowth|Tangrowth, F|246\/404
|move|p1a: Kartana|Sacred Sword|p2a: Tangrowth
|-damage|p2a: Tangrowth|141\/404
|
|upkeep
|turn|17
|c|☆Herrit|rip the dream
|choice|*move 2|*
|choice|*|*move 2
|choice|move sacredsword|move knockoff
|
|move|p1a: Kartana|Sacred Sword|p2a: Tangrowth
|-damage|p2a: Tangrowth|23\/404
|move|p2a: Tangrowth|Knock Off|p1a: Kartana
|-damage|p1a: Kartana|200\/260
|-enditem|p1a: Kartana|Choice Scarf|[from] move: Knock Off|[of] p2a: Tangrowth
|
|upkeep
|turn|18
|c|☆Herrit|crit
|choice|*move 2|*
|choice|*|*switch 2
|choice|move sacredsword|switch 2
|
|switch|p2a: Tornadus|Tornadus-Therian, M|362\/362
|move|p1a: Kartana|Sacred Sword|p2a: Tornadus
|-resisted|p2a: Tornadus
|-damage|p2a: Tornadus|285\/362
|-damage|p1a: Kartana|157\/260|[from] item: Rocky Helmet|[of] p2a: Tornadus
|
|upkeep
|turn|19
|choice|*switch 2|*
|choice|*|*move 3
|choice|switch 2|move uturn
|
|switch|p1a: Mantine|Mantine, M|361\/374
|move|p2a: Tornadus|U-turn|p1a: Mantine
|-resisted|p1a: Mantine
|-damage|p1a: Mantine|341\/374
|choice|*|*switch 5
|choice||switch 5
|
|switch|p2a: Mawile|Mawile-Mega, M|193\/251 par|[from]move: U-turn
|
|upkeep
|turn|20
|choice|*|*move 2
|choice|*move 1|*
|choice|move scald|move playrough
|
|move|p1a: Mantine|Scald|p2a: Mawile
|-damage|p2a: Mawile|115\/251 par
|move|p2a: Mawile|Play Rough|p1a: Mantine
|-damage|p1a: Mantine|46\/374
|
|upkeep
|turn|21
|choice|*move 2|*
|choice|*|*move 2
|choice|move roost|move playrough
|
|move|p1a: Mantine|Roost|p1a: Mantine
|-heal|p1a: Mantine|233\/374
|cant|p2a: Mawile|par
|
|upkeep
|turn|22
|c|+Ricky291|Yo soy muy malo jugando todo 
|choice|*move 2|*
|c|☆Gеrard Way|aaaaaa
|c|☆Herrit|es miss
|choice|*|*move 2
|choice|move roost|move playrough
|
|move|p1a: Mantine|Roost|p1a: Mantine
|-heal|p1a: Mantine|374\/374
|move|p2a: Mawile|Play Rough|p1a: Mantine
|-damage|p1a: Mantine|103\/374
|
|upkeep
|turn|23
|c|☆Herrit|o otro para
|choice|*|*move 2
|choice|*move 2|*
|choice|move roost|move playrough
|
|move|p1a: Mantine|Roost|p1a: Mantine
|-heal|p1a: Mantine|290\/374
|move|p2a: Mawile|Play Rough|p1a: Mantine
|-damage|p1a: Mantine|34\/374
|
|upkeep
|turn|24
|choice|*|*move 2
|choice|*move 1|*
|choice|move scald|move playrough
|
|move|p1a: Mantine|Scald|p2a: Mawile
|-damage|p2a: Mawile|37\/251 par
|cant|p2a: Mawile|par
|
|upkeep
|turn|25
|c|☆Gеrard Way|.
|choice|*move 1|*
|choice|*|*move 3
|choice|move scald|move suckerpunch
|
|cant|p2a: Mawile|par
|move|p1a: Mantine|Scald|p2a: Mawile
|-damage|p2a: Mawile|0 fnt
|faint|p2a: Mawile
|
|upkeep
|c|☆Gеrard Way|........
|choice|*|*switch 6
|choice||switch 6
|
|switch|p2a: Heatran|Heatran, F|323\/323
|turn|26
|choice|*move 2|*
|choice|*|*move 2
|choice|move roost|move lavaplume
|
|move|p2a: Heatran|Lava Plume|p1a: Mantine
|-resisted|p1a: Mantine
|-damage|p1a: Mantine|0 fnt
|faint|p1a: Mantine
|
|upkeep
|c|☆Gеrard Way|Al menos gané
|c|☆Herrit|lo agunata
|c|☆Herrit|sadx
|choice|*switch 4|*
|choice|switch 4|
|
|switch|p1a: Amoonguss|Amoonguss, F|432\/432
|turn|27
|c|☆Gеrard Way|No importó eso
|c|☆Gеrard Way|Sorry
|c|☆Gеrard Way|jajajajaja
|c|☆Herrit|no lo aguanta*
|c|☆Herrit|xddd
|c|☆Herrit|ik
|c|☆Gеrard Way|Me desespero muy fácil xd
|choice|*move 3|*
|c|+Ricky291|Tran
|c|+Ricky291|specs
|choice|*|*move 2
|choice|move stompingtantrum|move lavaplume
|
|move|p2a: Heatran|Lava Plume|p1a: Amoonguss
|-supereffective|p1a: Amoonguss
|-damage|p1a: Amoonguss|222\/432
|move|p1a: Amoonguss|Stomping Tantrum|p2a: Heatran
|-supereffective|p2a: Heatran
|-damage|p2a: Heatran|131\/323
|
|upkeep
|turn|28
|c|☆Gеrard Way|Ah, true
|c|☆Gеrard Way|Esa cosa
|c|☆Gеrard Way|Se usa av
|choice|*|*move 2
|c|+Ricky291|!dt pataleta
|c|~|\/data-move Stomping Tantrum
|raw|<font size="1"><font color=#585858>Prioridad:<\/font> 0&nbsp;|&ThickSpace;<font color=#585858>Gen:<\/font> 7&nbsp;|&ThickSpace;<font color=#585858><font color=black>&#10003; Contacto<\/font><\/font>&nbsp;|&ThickSpace;<font color=#585858>Poder Z:<\/font> 140&nbsp;|&ThickSpace;<font color=#585858>Objetivo:<\/font> Pokémon Adyacentes<\/font>
|choice|*move 3|*
|choice|move stompingtantrum|move lavaplume
|
|move|p2a: Heatran|Lava Plume|p1a: Amoonguss
|-supereffective|p1a: Amoonguss
|-damage|p1a: Amoonguss|40\/432
|-status|p1a: Amoonguss|brn
|move|p1a: Amoonguss|Stomping Tantrum|p2a: Heatran
|-supereffective|p2a: Heatran
|-damage|p2a: Heatran|41\/323
|
|-damage|p1a: Amoonguss|13\/432 brn|[from] brn
|upkeep
|turn|29
|c|+Ricky291|JAJAJA
|c|☆Gеrard Way|Ez
|c|+Ricky291|rico burn
|choice|*|*move 2
|c|☆Herrit|cura natural
|c|☆Herrit|ez
|choice|*move 3|*
|choice|move stompingtantrum|move lavaplume
|
|move|p2a: Heatran|Lava Plume|p1a: Amoonguss
|-supereffective|p1a: Amoonguss
|-damage|p1a: Amoonguss|0 fnt
|faint|p1a: Amoonguss
|
|upkeep
|choice|*switch 2|*
|choice|switch 2|
|
|switch|p1a: Kartana|Kartana|157\/260
|turn|30
|choice|*move 2|*
|choice|*|*switch 5
|choice|move sacredsword|switch 5
|
|switch|p2a: Tornadus|Tornadus-Therian, M|362\/362
|move|p1a: Kartana|Sacred Sword|p2a: Tornadus
|-resisted|p2a: Tornadus
|-damage|p2a: Tornadus|275\/362
|-damage|p1a: Kartana|114\/260|[from] item: Rocky Helmet|[of] p2a: Tornadus
|
|upkeep
|turn|31
|c|☆Herrit|rrveal
|choice|*|*move 1
|c|☆Herrit|tornadus
|c|☆Herrit|modest
|choice|*move 3|*
|choice|move smartstrike|move hurricane
|
|move|p2a: Tornadus|Hurricane|p1a: Kartana
|-damage|p1a: Kartana|0 fnt
|faint|p1a: Kartana
|
|win|Gеrard Way
</script>
</div>
<div class="battle-log battle-log-inline"><div class="inner"><div class="battle-options"></div><div class="inner"><div class=""><small>Format:</small> <br><strong>OU</strong></div><div class=""><small><em>Cláusula-Mod de Dormir:</em> solo puedes dormir a uno de tus oponentes a la vez.</small></div><div class=""><small><em>Cláusula de Especie:</em> Hasta un Pokémon de cada especie</small></div><div class=""><small><em>Cláusula de Golpe Fulminante:</em> los movimientos fulminantes (OHKO) estan prohibidos</small></div><div class=""><small><em>Cláusula de Veleta:</em> la habilidad Veleta está prohibida</small></div><div class=""><small><em>Cláusula de Movimientos Evasivos:</em> los movimientos de Evasión están prohibidos.</small></div><div class=""><small><em>Cláusula de Batallas Eternas:</em> forzar batallas eternas está prohibido</small></div><div class="chat battle-history"><strong>Herrit's team:</strong> <em style="color:#445566;display:block;">Latias / Clefable / Kartana / Mantine / Zygarde / Amoonguss</em></div><div class="chat battle-history"><strong>Gеrard Way's team:</strong> <em style="color:#445566;display:block;">Tangrowth / Alomomola / Heatran / Zygarde / Tornadus-Therian / Mawile</em></div><div class="spacer battle-history"><br></div><div class="battle-history">Battle started between Herrit and Gеrard Way!<br></div><div class="spacer battle-history"><br></div><div class="battle-history">Go! <strong>Latias</strong>!<br></div><div class="spacer battle-history"><br></div><div class="battle-history">Gеrard Way sent out <strong>Heatran</strong>!<br></div><div class="spacer battle-history"><br></div><h2 class="battle-history">Turn 1</h2><div class="spacer battle-history"><br></div><div class="battle-history"><small>Latias's Latiasite is reacting to the Key Stone!</small><br>Latias has Mega Evolved into Mega Latias!<br></div><div class="spacer battle-history"><br></div><div class="battle-history">Latias used <strong>Calm Mind</strong>!<br></div><div class="battle-history"><small>Latias's Special Attack rose!</small><br></div><div class="battle-history"><small>Latias's Special Defense rose!</small><br></div><div class="spacer battle-history"><br></div><div class="battle-history">The opposing Heatran used <strong>Stealth Rock</strong>!<br></div><div class="battle-history"><small>Pointed stones float in the air around your team!</small><br></div><div class="spacer battle-history"><br></div><h2 class="battle-history">Turn 2</h2><div class="chat chatmessage-ricky291"><strong style="color:hsl(61,54%,32%)"><small>+</small><span class="username" data-name="Ricky291">Ricky291</span>:</strong> <em>Viper</em></div><div class="chat chatmessage-ricky291"><strong style="color:hsl(61,54%,32%)"><small>+</small><span class="username" data-name="Ricky291">Ricky291</span>:</strong> <em>pero</em></div><div class="chat chatmessage-ricky291"><strong style="color:hsl(61,54%,32%)"><small>+</small><span class="username" data-name="Ricky291">Ricky291</span>:</strong> <em>el chiste</em></div><div class="spacer battle-history"><br></div><div class="battle-history">Gеrard Way withdrew Heatran!<br></div><div class="battle-history">Gеrard Way sent out <strong>Mawile</strong>!<br></div><div class="battle-history"><small>[The opposing Mawile's Intimidate]</small><br></div><div class="battle-history"><small>Latias's Attack fell!</small><br></div><div class="spacer battle-history"><br></div><div class="battle-history">Latias used <strong>Calm Mind</strong>!<br></div><div class="battle-history"><small>Latias's Special Attack rose!</small><br></div><div class="battle-history"><small>Latias's Special Defense rose!</small><br></div><div class="spacer battle-history"><br></div><h2 class="battle-history">Turn 3</h2><div class="chat chatmessage-ricky291"><strong style="color:hsl(61,54%,32%)"><small>+</small><span class="username" data-name="Ricky291">Ricky291</span>:</strong> <em>es usar a komala</em></div><div class="chat chatmessage-grardway"><strong style="color:hsl(23,56%,44%)"><small>☆</small><span class="username" data-name="Gеrard Way">Gеrard Way</span>:</strong> <em>ik</em></div><div class="chat chatmessage-grardway"><strong style="color:hsl(23,56%,44%)"><small>☆</small><span class="username" data-name="Gеrard Way">Gеrard Way</span>:</strong> <em>Pero</em></div><div class="chat chatmessage-herrit"><strong style="color:hsl(308,86%,38%)"><small>☆</small><span class="username" data-name="Herrit">Herrit</span>:</strong> <em>o usar</em></div><div class="chat chatmessage-ricky291"><strong style="color:hsl(61,54%,32%)"><small>+</small><span class="username" data-name="Ricky291">Ricky291</span>:</strong> <em>tu tmbn herrit</em></div><div class="chat chatmessage-herrit"><strong style="color:hsl(308,86%,38%)"><small>☆</small><span class="username" data-name="Herrit">Herrit</span>:</strong> <em>un meme</em></div><div class="chat chatmessage-grardway"><strong style="color:hsl(23,56%,44%)"><small>☆</small><span class="username" data-name="Gеrard Way">Gеrard Way</span>:</strong> <em>Herrit usa unsets</em></div><div class="chat chatmessage-ricky291"><strong style="color:hsl(61,54%,32%)"><small>+</small><span class="username" data-name="Ricky291">Ricky291</span>:</strong> <em>:(</em></div><div class="chat chatmessage-grardway"><strong style="color:hsl(23,56%,44%)"><small>☆</small><span class="username" data-name="Gеrard Way">Gеrard Way</span>:</strong> <em>No quiero defraudar a komala</em></div><div class="chat chatmessage-grardway"><strong style="color:hsl(23,56%,44%)"><small>☆</small><span class="username" data-name="Gеrard Way">Gеrard Way</span>:</strong> <em>Perdiendo así</em></div><div class="chat chatmessage-ricky291"><strong style="color:hsl(61,54%,32%)"><small>+</small><span class="username" data-name="Ricky291">Ricky291</span>:</strong> <em>Weno es vdd</em></div><div class="chat chatmessage-herrit"><strong style="color:hsl(308,86%,38%)"><small>☆</small><span class="username" data-name="Herrit">Herrit</span>:</strong> <em>q</em></div><div class="chat chatmessage-ricky291"><strong style="color:hsl(61,54%,32%)"><small>+</small><span class="username" data-name="Ricky291">Ricky291</span>:</strong> <em>Suerte a ambas</em></div><div class="chat chatmessage-herrit"><strong style="color:hsl(308,86%,38%)"><small>☆</small><span class="username" data-name="Herrit">Herrit</span>:</strong> <em>yo no uso unsets</em></div><div class="chat chatmessage-herrit"><strong style="color:hsl(308,86%,38%)"><small>☆</small><span class="username" data-name="Herrit">Herrit</span>:</strong> <em>Toxa band es ultra rated</em></div><div class="chat chatmessage-herrit"><strong style="color:hsl(308,86%,38%)"><small>☆</small><span class="username" data-name="Herrit">Herrit</span>:</strong> <em>y lando cm =</em></div><div class="spacer battle-history"><br></div><div class="battle-history"><small>The opposing Mawile's Mawilite is reacting to the Key Stone!</small><br>The opposing Mawile has Mega Evolved into Mega Mawile!<br></div><div class="spacer battle-history"><br></div><div class="battle-history">Latias used <strong>Thunderbolt</strong>!<br></div><div class="battle-history"><small>(The opposing Mawile lost <abbr title="−181/251">72.1%</abbr> of its health!)</small><br></div><div class="spacer battle-history"><br></div><div class="battle-history">The opposing Mawile used <strong>Play Rough</strong>!<br></div><div class="battle-history"><small>It's super effective!</small><br></div><div class="battle-history"><small>(Latias lost <abbr title="−364/364">100%</abbr> of its health!)</small><br></div><div class="spacer battle-history"><br></div><div class="battle-history">Latias fainted!<br></div><div class="chat chatmessage-grardway"><strong style="color:hsl(23,56%,44%)"><small>☆</small><span class="username" data-name="Gеrard Way">Gеrard Way</span>:</strong> <em>Era miss</em></div><div class="chat chatmessage-grardway"><strong style="color:hsl(23,56%,44%)"><small>☆</small><span class="username" data-name="Gеrard Way">Gеrard Way</span>:</strong> <em>bg</em></div><div class="spacer battle-history"><br></div><div class="battle-history">Go! <strong>Zygarde</strong>!<br></div><div class="battle-history"><small>Pointed stones dug into Zygarde!</small><br></div><div class="battle-history"><small>[Zygarde's Aura Break]</small><br><small>Zygarde reversed all other Pokémon's auras!</small><br></div><div class="spacer battle-history"><br></div><h2 class="battle-history">Turn 4</h2><div class="chat chatmessage-herrit"><strong style="color:hsl(308,86%,38%)"><small>☆</small><span class="username" data-name="Herrit">Herrit</span>:</strong> <em>bgbgbgbgbg</em></div><div class="spacer battle-history"><br></div><div class="battle-history">Gеrard Way withdrew Mawile!<br></div><div class="battle-history">Gеrard Way sent out <strong>Tangrowth</strong>!<br></div><div class="spacer battle-history"><br></div><div class="battle-history">Zygarde used <strong>Thousand Arrows</strong>!<br></div><div class="battle-history"><small>It's not very effective...</small><br></div><div class="battle-history"><small>(The opposing Tangrowth lost <abbr title="−54/404">13.4%</abbr> of its health!)</small><br></div><div class="spacer battle-history"><br></div><h2 class="battle-history">Turn 5</h2><div class="spacer battle-history"><br></div><div class="battle-history">Zygarde used <strong>Dragon Dance</strong>!<br></div><div class="battle-history"><small>Zygarde's Attack rose!</small><br></div><div class="battle-history"><small>Zygarde's Speed rose!</small><br></div><div class="spacer battle-history"><br></div><div class="battle-history">The opposing Tangrowth used <strong>Knock Off</strong>!<br></div><div class="battle-history"><small>(Zygarde lost <abbr title="−43/358">12.0%</abbr> of its health!)</small><br></div><div class="spacer battle-history"><br></div><h2 class="battle-history">Turn 6</h2><div class="chat chatmessage-grardway"><strong style="color:hsl(23,56%,44%)"><small>☆</small><span class="username" data-name="Gеrard Way">Gеrard Way</span>:</strong> <em>Joder</em></div><div class="chat chatmessage-grardway"><strong style="color:hsl(23,56%,44%)"><small>☆</small><span class="username" data-name="Gеrard Way">Gеrard Way</span>:</strong> <em>Es z</em></div><div class="chat chatmessage-grardway"><strong style="color:hsl(23,56%,44%)"><small>☆</small><span class="username" data-name="Gеrard Way">Gеrard Way</span>:</strong> <em>Ya perdí</em></div><div class="chat chatmessage-herrit"><strong style="color:hsl(308,86%,38%)"><small>☆</small><span class="username" data-name="Herrit">Herrit</span>:</strong> <em>eres una desonra</em></div><div class="chat chatmessage-grardway"><strong style="color:hsl(23,56%,44%)"><small>☆</small><span class="username" data-name="Gеrard Way">Gеrard Way</span>:</strong> <em>jajajaja</em></div><div class="chat chatmessage-herrit"><strong style="color:hsl(308,86%,38%)"><small>☆</small><span class="username" data-name="Herrit">Herrit</span>:</strong> <em>para chatot</em></div><div class="spacer battle-history"><br></div><div class="battle-history">Gеrard Way withdrew Tangrowth!<br></div><div class="battle-history">Gеrard Way sent out <strong>Zygarde</strong>!<br></div><div class="battle-history"><small>[The opposing Zygarde's Aura Break]</small><br><small>The opposing Zygarde reversed all other Pokémon's auras!</small><br></div><div class="spacer battle-history"><br></div><div class="battle-history">Zygarde used <strong>Dragon Dance</strong>!<br></div><div class="battle-history"><small>Zygarde's Attack rose!</small><br></div><div class="battle-history"><small>Zygarde's Speed rose!</small><br></div><div class="spacer battle-history"><br></div><h2 class="battle-history">Turn 7</h2><div class="spacer battle-history"><br></div><div class="battle-history">The opposing Zygarde used <strong>Extreme Speed</strong>!<br></div><div class="battle-history"><small>A critical hit!</small><br></div><div class="battle-history"><small>(Zygarde lost <abbr title="−160/358">44.7%</abbr> of its health!)</small><br></div><div class="battle-history"><small>Zygarde surrounded itself with its Z-Power!</small><br></div><div class="spacer battle-history"><br></div><div class="battle-history">Zygarde used <strong>Devastating Drake</strong>!<br></div><div class="battle-history"><small>It's super effective!</small><br></div><div class="battle-history"><small>A critical hit!</small><br></div><div class="battle-history"><small>(The opposing Zygarde lost <abbr title="−358/358">100%</abbr> of its health!)</small><br></div><div class="spacer battle-history"><br></div><div class="battle-history">The opposing Zygarde fainted!<br></div><div class="chat chatmessage-grardway"><strong style="color:hsl(23,56%,44%)"><small>☆</small><span class="username" data-name="Gеrard Way">Gеrard Way</span>:</strong> <em>:0</em></div><div class="spacer battle-history"><br></div><div class="battle-history">Gеrard Way sent out <strong>Tangrowth</strong>!<br></div><div class="spacer battle-history"><br></div><h2 class="battle-history">Turn 8</h2><div class="spacer battle-history"><br></div><div class="battle-history">Zygarde used <strong>Outrage</strong>!<br></div><div class="battle-history"><small>(The opposing Tangrowth lost <abbr title="−292/404">72.3%</abbr> of its health!)</small><br></div><div class="spacer battle-history"><br></div><div class="battle-history">The opposing Tangrowth used <strong>Hidden Power</strong>!<br></div><div class="battle-history"><small>It's super effective!</small><br></div><div class="battle-history"><small>A critical hit!</small><br></div><div class="battle-history"><small>(Zygarde lost <abbr title="−133/358">37.2%</abbr> of its health!)</small><br></div><div class="spacer battle-history"><br></div><div class="battle-history">Zygarde fainted!<br></div><div class="chat chatmessage-herrit"><strong style="color:hsl(308,86%,38%)"><small>☆</small><span class="username" data-name="Herrit">Herrit</span>:</strong> <em>bueno</em></div><div class="chat chatmessage-herrit"><strong style="color:hsl(308,86%,38%)"><small>☆</small><span class="username" data-name="Herrit">Herrit</span>:</strong> <em>ya perdi</em></div><div class="chat chatmessage-herrit"><strong style="color:hsl(308,86%,38%)"><small>☆</small><span class="username" data-name="Herrit">Herrit</span>:</strong> <em>o quieres q te stallee</em></div><div class="chat chatmessage-herrit"><strong style="color:hsl(308,86%,38%)"><small>☆</small><span class="username" data-name="Herrit">Herrit</span>:</strong> <em>50 turnos?</em></div><div class="chat chatmessage-herrit"><strong style="color:hsl(308,86%,38%)"><small>☆</small><span class="username" data-name="Herrit">Herrit</span>:</strong> <em>xdd</em></div><div class="chat chatmessage-grardway"><strong style="color:hsl(23,56%,44%)"><small>☆</small><span class="username" data-name="Gеrard Way">Gеrard Way</span>:</strong> <em>No puedes stallear si tengo un tran</em></div><div class="chat chatmessage-grardway"><strong style="color:hsl(23,56%,44%)"><small>☆</small><span class="username" data-name="Gеrard Way">Gеrard Way</span>:</strong> <em>Lmao</em></div><div class="chat chatmessage-herrit"><strong style="color:hsl(308,86%,38%)"><small>☆</small><span class="username" data-name="Herrit">Herrit</span>:</strong> <em>si puedo</em></div><div class="spacer battle-history"><br></div><div class="battle-history">Go! <strong>Amoonguss</strong>!<br></div><div class="battle-history"><small>Pointed stones dug into Amoonguss!</small><br></div><div class="spacer battle-history"><br></div><h2 class="battle-history">Turn 9</h2><div class="chat chatmessage-herrit"><strong style="color:hsl(308,86%,38%)"><small>☆</small><span class="username" data-name="Herrit">Herrit</span>:</strong> <em>xq soy diosito</em></div><div class="chat chatmessage-grardway"><strong style="color:hsl(23,56%,44%)"><small>☆</small><span class="username" data-name="Gеrard Way">Gеrard Way</span>:</strong> <em>Lo que pasa</em></div><div class="chat chatmessage-grardway"><strong style="color:hsl(23,56%,44%)"><small>☆</small><span class="username" data-name="Gеrard Way">Gеrard Way</span>:</strong> <em>Es que soy muy malo vs stall jajaja</em></div><div class="spacer battle-history"><br></div><div class="battle-history">Gеrard Way withdrew Tangrowth!<br></div><div class="battle-history">Gеrard Way sent out Tornadus (<strong>Tornadus-Therian</strong>)!<br></div><div class="spacer battle-history"><br></div><div class="battle-history">Amoonguss used <strong>Sludge Bomb</strong>!<br></div><div class="battle-history"><small>(The opposing Tornadus lost <abbr title="−93/362">25.7%</abbr> of its health!)</small><br></div><div class="spacer battle-history"><br></div><h2 class="battle-history">Turn 10</h2><div class="spacer battle-history"><br></div><div class="battle-history">Amoonguss, come back!<br></div><div class="battle-history">Go! <strong>Mantine</strong>!<br></div><div class="battle-history"><small>Pointed stones dug into Mantine!</small><br></div><div class="spacer battle-history"><br></div><div class="battle-history">The opposing Tornadus used <strong>Knock Off</strong>!<br></div><div class="battle-history"><small>A critical hit!</small><br></div><div class="battle-history"><small>(Mantine lost <abbr title="−85/374">22.7%</abbr> of its health!)</small><br></div><div class="battle-history"><small>The opposing Tornadus knocked off Mantine's Leftovers!</small><br></div><div class="spacer battle-history"><br></div><h2 class="battle-history">Turn 11</h2><div class="chat chatmessage-herrit"><strong style="color:hsl(308,86%,38%)"><small>☆</small><span class="username" data-name="Herrit">Herrit</span>:</strong> <em>y yo</em></div><div class="chat chatmessage-herrit"><strong style="color:hsl(308,86%,38%)"><small>☆</small><span class="username" data-name="Herrit">Herrit</span>:</strong> <em>soy muy malo</em></div><div class="chat chatmessage-herrit"><strong style="color:hsl(308,86%,38%)"><small>☆</small><span class="username" data-name="Herrit">Herrit</span>:</strong> <em>jugando stall</em></div><div class="spacer battle-history"><br></div><div class="battle-history">The opposing Tornadus used <strong>U-turn</strong>!<br></div><div class="battle-history"><small>It's not very effective...</small><br></div><div class="battle-history"><small>(Mantine lost <abbr title="−22/374">5.9%</abbr> of its health!)</small><br></div><div class="spacer battle-history"><br></div><div class="battle-history">The opposing Tornadus went back to Gеrard Way!<br></div><div class="battle-history">Gеrard Way sent out <strong>Alomomola</strong>!<br></div><div class="spacer battle-history"><br></div><div class="battle-history">Mantine used <strong>Roost</strong>!<br></div><div class="battle-history"><small>Mantine restored its HP.</small><br></div><div class="spacer battle-history"><br></div><h2 class="battle-history">Turn 12</h2><div class="spacer battle-history"><br></div><div class="battle-history">Mantine used <strong>Defog</strong>!<br></div><div class="battle-history"><small>The opposing Alomomola's evasiveness fell!</small><br></div><div class="battle-history"><small>The pointed stones disappeared from around your team!</small><br></div><div class="spacer battle-history"><br></div><div class="battle-history">The opposing Alomomola used <strong>Wish</strong>!<br></div><div class="spacer battle-history"><br></div><h2 class="battle-history">Turn 13</h2><div class="spacer battle-history"><br></div><div class="battle-history">Mantine, come back!<br></div><div class="battle-history">Go! <strong>Clefable</strong>!<br></div><div class="spacer battle-history"><br></div><div class="battle-history">Gеrard Way withdrew Alomomola!<br></div><div class="battle-history">Gеrard Way sent out Mawile (<strong>Mawile-Mega</strong>)!<br></div><div class="spacer battle-history"><br></div><div class="battle-history"><small>Alomomola's wish came true!</small><br></div><div class="spacer battle-history"><br></div><h2 class="battle-history">Turn 14</h2><div class="chat chatmessage-herrit"><strong style="color:hsl(308,86%,38%)"><small>☆</small><span class="username" data-name="Herrit">Herrit</span>:</strong> <em>ono</em></div><div class="spacer battle-history"><br></div><div class="battle-history">The opposing Mawile used <strong>Swords Dance</strong>!<br></div><div class="battle-history"><small>The opposing Mawile's Attack rose sharply!</small><br></div><div class="spacer battle-history"><br></div><div class="battle-history">Clefable used <strong>Thunder Wave</strong>!<br></div><div class="battle-history"><small>The opposing Mawile is paralyzed! It may be unable to move!</small><br></div><div class="spacer battle-history"><br></div><h2 class="battle-history">Turn 15</h2><div class="chat chatmessage-grardway"><strong style="color:hsl(23,56%,44%)"><small>☆</small><span class="username" data-name="Gеrard Way">Gеrard Way</span>:</strong> <em>No jodas</em></div><div class="chat chatmessage-grardway"><strong style="color:hsl(23,56%,44%)"><small>☆</small><span class="username" data-name="Gеrard Way">Gеrard Way</span>:</strong> <em>a.a</em></div><div class="chat chatmessage-herrit"><strong style="color:hsl(308,86%,38%)"><small>☆</small><span class="username" data-name="Herrit">Herrit</span>:</strong> <em>parahax</em></div><div class="spacer battle-history"><br></div><div class="battle-history">Clefable used <strong>Moonblast</strong>!<br></div><div class="battle-history"><small>It's not very effective...</small><br></div><div class="battle-history"><small>(The opposing Mawile lost <abbr title="−58/251">23.1%</abbr> of its health!)</small><br></div><div class="spacer battle-history"><br></div><div class="battle-history">The opposing Mawile used <strong>Play Rough</strong>!<br></div><div class="battle-history"><small>(Clefable lost <abbr title="−394/394">100%</abbr> of its health!)</small><br></div><div class="spacer battle-history"><br></div><div class="battle-history">Clefable fainted!<br></div><div class="chat chatmessage-herrit"><strong style="color:hsl(308,86%,38%)"><small>☆</small><span class="username" data-name="Herrit">Herrit</span>:</strong> <em>5 veces</em></div><div class="spacer battle-history"><br></div><div class="battle-history">Go! <strong>Kartana</strong>!<br></div><div class="spacer battle-history"><br></div><h2 class="battle-history">Turn 16</h2><div class="spacer battle-history"><br></div><div class="battle-history">Gеrard Way withdrew Mawile!<br></div><div class="battle-history">Gеrard Way sent out <strong>Tangrowth</strong>!<br></div><div class="spacer battle-history"><br></div><div class="battle-history">Kartana used <strong>Sacred Sword</strong>!<br></div><div class="battle-history"><small>(The opposing Tangrowth lost <abbr title="−105/404">26.0%</abbr> of its health!)</small><br></div><div class="spacer battle-history"><br></div><h2 class="battle-history">Turn 17</h2><div class="chat chatmessage-herrit"><strong style="color:hsl(308,86%,38%)"><small>☆</small><span class="username" data-name="Herrit">Herrit</span>:</strong> <em>rip the dream</em></div><div class="spacer battle-history"><br></div><div class="battle-history">Kartana used <strong>Sacred Sword</strong>!<br></div><div class="battle-history"><small>(The opposing Tangrowth lost <abbr title="−118/404">29.2%</abbr> of its health!)</small><br></div><div class="spacer battle-history"><br></div><div class="battle-history">The opposing Tangrowth used <strong>Knock Off</strong>!<br></div><div class="battle-history"><small>(Kartana lost <abbr title="−60/260">23.1%</abbr> of its health!)</small><br></div><div class="battle-history"><small>The opposing Tangrowth knocked off Kartana's Choice Scarf!</small><br></div><div class="spacer battle-history"><br></div><h2 class="battle-history">Turn 18</h2><div class="chat chatmessage-herrit"><strong style="color:hsl(308,86%,38%)"><small>☆</small><span class="username" data-name="Herrit">Herrit</span>:</strong> <em>crit</em></div><div class="spacer battle-history"><br></div><div class="battle-history">Gеrard Way withdrew Tangrowth!<br></div><div class="battle-history">Gеrard Way sent out Tornadus (<strong>Tornadus-Therian</strong>)!<br></div><div class="spacer battle-history"><br></div><div class="battle-history">Kartana used <strong>Sacred Sword</strong>!<br></div><div class="battle-history"><small>It's not very effective...</small><br></div><div class="battle-history"><small>(The opposing Tornadus lost <abbr title="−77/362">21.3%</abbr> of its health!)</small><br></div><div class="battle-history"><small>Kartana was hurt by the Rocky Helmet!</small><br></div><div class="spacer battle-history"><br></div><h2 class="battle-history">Turn 19</h2><div class="spacer battle-history"><br></div><div class="battle-history">Kartana, come back!<br></div><div class="battle-history">Go! <strong>Mantine</strong>!<br></div><div class="spacer battle-history"><br></div><div class="battle-history">The opposing Tornadus used <strong>U-turn</strong>!<br></div><div class="battle-history"><small>It's not very effective...</small><br></div><div class="battle-history"><small>(Mantine lost <abbr title="−20/374">5.3%</abbr> of its health!)</small><br></div><div class="spacer battle-history"><br></div><div class="battle-history">The opposing Tornadus went back to Gеrard Way!<br></div><div class="battle-history">Gеrard Way sent out Mawile (<strong>Mawile-Mega</strong>)!<br></div><div class="spacer battle-history"><br></div><h2 class="battle-history">Turn 20</h2><div class="spacer battle-history"><br></div><div class="battle-history">Mantine used <strong>Scald</strong>!<br></div><div class="battle-history"><small>(The opposing Mawile lost <abbr title="−78/251">31.1%</abbr> of its health!)</small><br></div><div class="spacer battle-history"><br></div><div class="battle-history">The opposing Mawile used <strong>Play Rough</strong>!<br></div><div class="battle-history"><small>(Mantine lost <abbr title="−295/374">78.9%</abbr> of its health!)</small><br></div><div class="spacer battle-history"><br></div><h2 class="battle-history">Turn 21</h2><div class="spacer battle-history"><br></div><div class="battle-history">Mantine used <strong>Roost</strong>!<br></div><div class="battle-history"><small>Mantine restored its HP.</small><br></div><div class="spacer battle-history"><br></div><div class="battle-history">The opposing Mawile is paralyzed! It can't move!<br></div><div class="spacer battle-history"><br></div><h2 class="battle-history">Turn 22</h2><div class="chat chatmessage-ricky291"><strong style="color:hsl(61,54%,32%)"><small>+</small><span class="username" data-name="Ricky291">Ricky291</span>:</strong> <em>Yo soy muy malo jugando todo </em></div><div class="chat chatmessage-grardway"><strong style="color:hsl(23,56%,44%)"><small>☆</small><span class="username" data-name="Gеrard Way">Gеrard Way</span>:</strong> <em>aaaaaa</em></div><div class="chat chatmessage-herrit"><strong style="color:hsl(308,86%,38%)"><small>☆</small><span class="username" data-name="Herrit">Herrit</span>:</strong> <em>es miss</em></div><div class="spacer battle-history"><br></div><div class="battle-history">Mantine used <strong>Roost</strong>!<br></div><div class="battle-history"><small>Mantine restored its HP.</small><br></div><div class="spacer battle-history"><br></div><div class="battle-history">The opposing Mawile used <strong>Play Rough</strong>!<br></div><div class="battle-history"><small>(Mantine lost <abbr title="−271/374">72.5%</abbr> of its health!)</small><br></div><div class="spacer battle-history"><br></div><h2 class="battle-history">Turn 23</h2><div class="chat chatmessage-herrit"><strong style="color:hsl(308,86%,38%)"><small>☆</small><span class="username" data-name="Herrit">Herrit</span>:</strong> <em>o otro para</em></div><div class="spacer battle-history"><br></div><div class="battle-history">Mantine used <strong>Roost</strong>!<br></div><div class="battle-history"><small>Mantine restored its HP.</small><br></div><div class="spacer battle-history"><br></div><div class="battle-history">The opposing Mawile used <strong>Play Rough</strong>!<br></div><div class="battle-history"><small>(Mantine lost <abbr title="−256/374">68.4%</abbr> of its health!)</small><br></div><div class="spacer battle-history"><br></div><h2 class="battle-history">Turn 24</h2><div class="spacer battle-history"><br></div><div class="battle-history">Mantine used <strong>Scald</strong>!<br></div><div class="battle-history"><small>(The opposing Mawile lost <abbr title="−78/251">31.1%</abbr> of its health!)</small><br></div><div class="spacer battle-history"><br></div><div class="battle-history">The opposing Mawile is paralyzed! It can't move!<br></div><div class="spacer battle-history"><br></div><h2 class="battle-history">Turn 25</h2><div class="chat chatmessage-grardway"><strong style="color:hsl(23,56%,44%)"><small>☆</small><span class="username" data-name="Gеrard Way">Gеrard Way</span>:</strong> <em>.</em></div><div class="spacer battle-history"><br></div><div class="battle-history">The opposing Mawile is paralyzed! It can't move!<br></div><div class="spacer battle-history"><br></div><div class="battle-history">Mantine used <strong>Scald</strong>!<br></div><div class="battle-history"><small>(The opposing Mawile lost <abbr title="−37/251">14.7%</abbr> of its health!)</small><br></div><div class="spacer battle-history"><br></div><div class="battle-history">The opposing Mawile fainted!<br></div><div class="chat chatmessage-grardway"><strong style="color:hsl(23,56%,44%)"><small>☆</small><span class="username" data-name="Gеrard Way">Gеrard Way</span>:</strong> <em>........</em></div><div class="spacer battle-history"><br></div><div class="battle-history">Gеrard Way sent out <strong>Heatran</strong>!<br></div><div class="spacer battle-history"><br></div><h2 class="battle-history">Turn 26</h2><div class="spacer battle-history"><br></div><div class="battle-history">The opposing Heatran used <strong>Lava Plume</strong>!<br></div><div class="battle-history"><small>It's not very effective...</small><br></div><div class="battle-history"><small>(Mantine lost <abbr title="−34/374">9.1%</abbr> of its health!)</small><br></div><div class="spacer battle-history"><br></div><div class="battle-history">Mantine fainted!<br></div><div class="chat chatmessage-grardway"><strong style="color:hsl(23,56%,44%)"><small>☆</small><span class="username" data-name="Gеrard Way">Gеrard Way</span>:</strong> <em>Al menos gané</em></div><div class="chat chatmessage-herrit"><strong style="color:hsl(308,86%,38%)"><small>☆</small><span class="username" data-name="Herrit">Herrit</span>:</strong> <em>lo agunata</em></div><div class="chat chatmessage-herrit"><strong style="color:hsl(308,86%,38%)"><small>☆</small><span class="username" data-name="Herrit">Herrit</span>:</strong> <em>sadx</em></div><div class="spacer battle-history"><br></div><div class="battle-history">Go! <strong>Amoonguss</strong>!<br></div><div class="spacer battle-history"><br></div><h2 class="battle-history">Turn 27</h2><div class="chat chatmessage-grardway"><strong style="color:hsl(23,56%,44%)"><small>☆</small><span class="username" data-name="Gеrard Way">Gеrard Way</span>:</strong> <em>No importó eso</em></div><div class="chat chatmessage-grardway"><strong style="color:hsl(23,56%,44%)"><small>☆</small><span class="username" data-name="Gеrard Way">Gеrard Way</span>:</strong> <em>Sorry</em></div><div class="chat chatmessage-grardway"><strong style="color:hsl(23,56%,44%)"><small>☆</small><span class="username" data-name="Gеrard Way">Gеrard Way</span>:</strong> <em>jajajajaja</em></div><div class="chat chatmessage-herrit"><strong style="color:hsl(308,86%,38%)"><small>☆</small><span class="username" data-name="Herrit">Herrit</span>:</strong> <em>no lo aguanta*</em></div><div class="chat chatmessage-herrit"><strong style="color:hsl(308,86%,38%)"><small>☆</small><span class="username" data-name="Herrit">Herrit</span>:</strong> <em>xddd</em></div><div class="chat chatmessage-herrit"><strong style="color:hsl(308,86%,38%)"><small>☆</small><span class="username" data-name="Herrit">Herrit</span>:</strong> <em>ik</em></div><div class="chat chatmessage-grardway"><strong style="color:hsl(23,56%,44%)"><small>☆</small><span class="username" data-name="Gеrard Way">Gеrard Way</span>:</strong> <em>Me desespero muy fácil xd</em></div><div class="chat chatmessage-ricky291"><strong style="color:hsl(61,54%,32%)"><small>+</small><span class="username" data-name="Ricky291">Ricky291</span>:</strong> <em>Tran</em></div><div class="chat chatmessage-ricky291"><strong style="color:hsl(61,54%,32%)"><small>+</small><span class="username" data-name="Ricky291">Ricky291</span>:</strong> <em>specs</em></div><div class="spacer battle-history"><br></div><div class="battle-history">The opposing Heatran used <strong>Lava Plume</strong>!<br></div><div class="battle-history"><small>It's super effective!</small><br></div><div class="battle-history"><small>(Amoonguss lost <abbr title="−210/432">48.6%</abbr> of its health!)</small><br></div><div class="spacer battle-history"><br></div><div class="battle-history">Amoonguss used <strong>Stomping Tantrum</strong>!<br></div><div class="battle-history"><small>It's super effective!</small><br></div><div class="battle-history"><small>(The opposing Heatran lost <abbr title="−192/323">59.4%</abbr> of its health!)</small><br></div><div class="spacer battle-history"><br></div><h2 class="battle-history">Turn 28</h2><div class="chat chatmessage-grardway"><strong style="color:hsl(23,56%,44%)"><small>☆</small><span class="username" data-name="Gеrard Way">Gеrard Way</span>:</strong> <em>Ah, true</em></div><div class="chat chatmessage-grardway"><strong style="color:hsl(23,56%,44%)"><small>☆</small><span class="username" data-name="Gеrard Way">Gеrard Way</span>:</strong> <em>Esa cosa</em></div><div class="chat chatmessage-grardway"><strong style="color:hsl(23,56%,44%)"><small>☆</small><span class="username" data-name="Gеrard Way">Gеrard Way</span>:</strong> <em>Se usa av</em></div><div class="chat chatmessage-ricky291"><strong style="color:hsl(61,54%,32%)"><small>+</small><span class="username" data-name="Ricky291">Ricky291</span>:</strong> <em>!dt pataleta</em></div><div class="chat message-error">[outdated code no longer supported]</div><div class="chat"><font size="1"><font color="#585858">Prioridad:</font> 0&nbsp;|  <font color="#585858">Gen:</font> 7&nbsp;|  <font color="#585858"><font color="black">✓ Contacto</font></font>&nbsp;|  <font color="#585858">Poder Z:</font> 140&nbsp;|  <font color="#585858">Objetivo:</font> Pokémon Adyacentes</font></div><div class="spacer battle-history"><br></div><div class="battle-history">The opposing Heatran used <strong>Lava Plume</strong>!<br></div><div class="battle-history"><small>It's super effective!</small><br></div><div class="battle-history"><small>(Amoonguss lost <abbr title="−182/432">42.1%</abbr> of its health!)</small><br></div><div class="battle-history"><small>Amoonguss was burned!</small><br></div><div class="spacer battle-history"><br></div><div class="battle-history">Amoonguss used <strong>Stomping Tantrum</strong>!<br></div><div class="battle-history"><small>It's super effective!</small><br></div><div class="battle-history"><small>(The opposing Heatran lost <abbr title="−90/323">27.9%</abbr> of its health!)</small><br></div><div class="spacer battle-history"><br></div><div class="battle-history"><small>Amoonguss was hurt by its burn!</small><br></div><div class="spacer battle-history"><br></div><h2 class="battle-history">Turn 29</h2><div class="chat chatmessage-ricky291"><strong style="color:hsl(61,54%,32%)"><small>+</small><span class="username" data-name="Ricky291">Ricky291</span>:</strong> <em>JAJAJA</em></div><div class="chat chatmessage-grardway"><strong style="color:hsl(23,56%,44%)"><small>☆</small><span class="username" data-name="Gеrard Way">Gеrard Way</span>:</strong> <em>Ez</em></div><div class="chat chatmessage-ricky291"><strong style="color:hsl(61,54%,32%)"><small>+</small><span class="username" data-name="Ricky291">Ricky291</span>:</strong> <em>rico burn</em></div><div class="chat chatmessage-herrit"><strong style="color:hsl(308,86%,38%)"><small>☆</small><span class="username" data-name="Herrit">Herrit</span>:</strong> <em>cura natural</em></div><div class="chat chatmessage-herrit"><strong style="color:hsl(308,86%,38%)"><small>☆</small><span class="username" data-name="Herrit">Herrit</span>:</strong> <em>ez</em></div><div class="spacer battle-history"><br></div><div class="battle-history">The opposing Heatran used <strong>Lava Plume</strong>!<br></div><div class="battle-history"><small>It's super effective!</small><br></div><div class="battle-history"><small>(Amoonguss lost <abbr title="−13/432">3.0%</abbr> of its health!)</small><br></div><div class="spacer battle-history"><br></div><div class="battle-history">Amoonguss fainted!<br></div><div class="spacer battle-history"><br></div><div class="battle-history">Go! <strong>Kartana</strong>!<br></div><div class="spacer battle-history"><br></div><h2 class="battle-history">Turn 30</h2><div class="spacer battle-history"><br></div><div class="battle-history">Gеrard Way withdrew Heatran!<br></div><div class="battle-history">Gеrard Way sent out Tornadus (<strong>Tornadus-Therian</strong>)!<br></div><div class="spacer battle-history"><br></div><div class="battle-history">Kartana used <strong>Sacred Sword</strong>!<br></div><div class="battle-history"><small>It's not very effective...</small><br></div><div class="battle-history"><small>(The opposing Tornadus lost <abbr title="−87/362">24.0%</abbr> of its health!)</small><br></div><div class="battle-history"><small>Kartana was hurt by the Rocky Helmet!</small><br></div><div class="spacer battle-history"><br></div><h2 class="battle-history">Turn 31</h2><div class="chat chatmessage-herrit"><strong style="color:hsl(308,86%,38%)"><small>☆</small><span class="username" data-name="Herrit">Herrit</span>:</strong> <em>rrveal</em></div><div class="chat chatmessage-herrit"><strong style="color:hsl(308,86%,38%)"><small>☆</small><span class="username" data-name="Herrit">Herrit</span>:</strong> <em>tornadus</em></div><div class="chat chatmessage-herrit"><strong style="color:hsl(308,86%,38%)"><small>☆</small><span class="username" data-name="Herrit">Herrit</span>:</strong> <em>modest</em></div><div class="spacer battle-history"><br></div><div class="battle-history">The opposing Tornadus used <strong>Hurricane</strong>!<br></div><div class="battle-history"><small>(Kartana lost <abbr title="−114/260">43.8%</abbr> of its health!)</small><br></div><div class="spacer battle-history"><br></div><div class="battle-history">Kartana fainted!<br></div><div class="spacer battle-history"><br></div><div class="battle-history"><strong>Gеrard Way</strong> won the battle!<br></div></div><div class="inner-preempt"></div></div></div>
</div>
<script>
let daily = Math.floor(Date.now()/1000/60/60/24);document.write('<script src="https://play.pokemonshowdown.com/js/replay-embed.js?version'+daily+'"></'+'script>');
</script>
