<!DOCTYPE html>
<meta charset="utf-8" />
<!-- version 1 -->
<title>OU replay: ShionG vs. EdwardEllric 🐮</title>
<style>
html,body {font-family:Verdana, sans-serif;font-size:10pt;margin:0;padding:0;}body{padding:12px 0;} .battle-log {font-family:Verdana, sans-serif;font-size:10pt;} .battle-log-inline {border:1px solid #AAAAAA;background:#EEF2F5;color:black;max-width:640px;margin:0 auto 80px;padding-bottom:5px;} .battle-log .inner {padding:4px 8px 0px 8px;} .battle-log .inner-preempt {padding:0 8px 4px 8px;} .battle-log .inner-after {margin-top:0.5em;} .battle-log h2 {margin:0.5em -8px;padding:4px 8px;border:1px solid #AAAAAA;background:#E0E7EA;border-left:0;border-right:0;font-family:Verdana, sans-serif;font-size:13pt;} .battle-log .chat {vertical-align:middle;padding:3px 0 3px 0;font-size:8pt;} .battle-log .chat strong {color:#40576A;} .battle-log .chat em {padding:1px 4px 1px 3px;color:#000000;font-style:normal;} .chat.mine {background:rgba(0,0,0,0.05);margin-left:-8px;margin-right:-8px;padding-left:8px;padding-right:8px;} .spoiler {color:#BBBBBB;background:#BBBBBB;padding:0px 3px;} .spoiler:hover, .spoiler:active, .spoiler-shown {color:#000000;background:#E2E2E2;padding:0px 3px;} .spoiler a {color:#BBBBBB;} .spoiler:hover a, .spoiler:active a, .spoiler-shown a {color:#2288CC;} .chat code, .chat .spoiler:hover code, .chat .spoiler:active code, .chat .spoiler-shown code {border:1px solid #C0C0C0;background:#EEEEEE;color:black;padding:0 2px;} .chat .spoiler code {border:1px solid #CCCCCC;background:#CCCCCC;color:#CCCCCC;} .battle-log .rated {padding:3px 4px;} .battle-log .rated strong {color:white;background:#89A;padding:1px 4px;border-radius:4px;} .spacer {margin-top:0.5em;} .message-announce {background:#6688AA;color:white;padding:1px 4px 2px;} .message-announce a, .broadcast-green a, .broadcast-blue a, .broadcast-red a {color:#DDEEFF;} .broadcast-green {background-color:#559955;color:white;padding:2px 4px;} .broadcast-blue {background-color:#6688AA;color:white;padding:2px 4px;} .infobox {border:1px solid #6688AA;padding:2px 4px;} .infobox-limited {max-height:200px;overflow:auto;overflow-x:hidden;} .broadcast-red {background-color:#AA5544;color:white;padding:2px 4px;} .message-learn-canlearn {font-weight:bold;color:#228822;text-decoration:underline;} .message-learn-cannotlearn {font-weight:bold;color:#CC2222;text-decoration:underline;} .message-effect-weak {font-weight:bold;color:#CC2222;} .message-effect-resist {font-weight:bold;color:#6688AA;} .message-effect-immune {font-weight:bold;color:#666666;} .message-learn-list {margin-top:0;margin-bottom:0;} .message-throttle-notice, .message-error {color:#992222;} .message-overflow, .chat small.message-overflow {font-size:0pt;} .message-overflow::before {font-size:9pt;content:'...';} .subtle {color:#3A4A66;}
</style>
<div class="wrapper replay-wrapper" style="max-width:1180px;margin:0 auto">
<input type="hidden" name="replayid" value="destiny-ou-542072" />
<div class="battle"></div><div class="battle-log"></div><div class="replay-controls"></div><div class="replay-controls-2"></div>
<h1 style="font-weight:normal;text-align:center"><strong>OU</strong><br /><a href="http://pokemonshowdown.com/users/shiong" class="subtle" target="_blank">ShionG</a> vs. <a href="http://pokemonshowdown.com/users/edwardellric" class="subtle" target="_blank">EdwardEllric 🐮</a></h1>
<script type="text/plain" class="battle-log-data">|player|p1|ShionG|shiong.gif?08dbd1cf
|teamsize|p1|6
|player|p2|EdwardEllric 🐮|edwardellric-3.gif?4b107854
|teamsize|p2|6
|teamsize|p1|6
|teamsize|p2|6
|gametype|singles
|gen|7
|tier|OU
|rated
|seed|18228,8939,40382,57692
|rule|Cláusula-Mod de Dormir: solo puedes dormir a uno de tus oponentes a la vez.
|rule|Cláusula de Especie: Hasta un Pokémon de cada especie
|rule|Cláusula de Golpe Fulminante: los movimientos fulminantes (OHKO) estan prohibidos
|rule|Cláusula de Veleta: la habilidad Veleta está prohibida
|rule|Cláusula de Movimientos Evasivos: los movimientos de Evasión están prohibidos.
|rule|Cláusula de Batallas Eternas: forzar batallas eternas está prohibido
|clearpoke
|poke|p1|Sableye, F|item
|poke|p1|Chansey, F|item
|poke|p1|Clefable, F|item
|poke|p1|Landorus-Therian, M|item
|poke|p1|Toxapex, F|item
|poke|p1|Shedinja|item
|poke|p2|Volcarona, M|item
|poke|p2|Tapu Bulu|item
|poke|p2|Tyranitar, M|item
|poke|p2|Greninja, M|item
|poke|p2|Toxapex, M|item
|poke|p2|Latias, F|item
|teampreview|undefined
|choice|*team 123456|*
|c|☆EdwardEllric 🐮| op
|choice|*|*team 123456
|choice|team 1, 2, 3, 4, 5, 6|team 1, 2, 3, 4, 5, 6
|
|start
|switch|p1a: Sableye|Sableye, F|303\/303
|switch|p2a: Volcarona|Volcarona, M|311\/311
|turn|1
|choice|*|*move 1
|choice|*move 4 mega|*
|choice|move knockoff mega|move quiverdance
|
|-mega|p1a: Sableye|Sableye|Sablenite
|detailschange|p1a: Sableye|Sableye-Mega, F
|move|p2a: Volcarona|Quiver Dance|p2a: Volcarona
|-boost|p2a: Volcarona|spa|1
|-boost|p2a: Volcarona|spd|1
|-boost|p2a: Volcarona|spe|1
|move|p1a: Sableye|Knock Off|p2a: Volcarona
|-damage|p2a: Volcarona|220\/311
|-status|p1a: Sableye|brn|[from] ability: Flame Body|[of] p2a: Volcarona
|
|-damage|p1a: Sableye|285\/303 brn|[from] brn
|upkeep
|turn|2
|choice|*|*move 3
|choice|*switch 2|*
|choice|switch 2|move bugbuzz
|
|switch|p1a: Chansey|Chansey, F|703\/703
|move|p2a: Volcarona|Bug Buzz|p1a: Chansey
|-damage|p1a: Chansey|528\/703
|
|upkeep
|turn|3
|choice|*|*switch 5
|choice|*move 3|*
|choice|move softboiled|switch 5
|
|switch|p2a: Toxapex|Toxapex, M|304\/304
|move|p1a: Chansey|Soft-Boiled|p1a: Chansey
|-heal|p1a: Chansey|703\/703
|
|upkeep
|turn|4
|choice|*|*switch 2
|choice|*switch 2|*
|choice|switch 2|switch 2
|
|switch|p1a: Sableye|Sableye-Mega, F|285\/303 brn
|switch|p2a: Tapu Bulu|Tapu Bulu|314\/314
|-fieldstart|move: Grassy Terrain|[from] ability: Grassy Surge|[of] p2a: Tapu Bulu
|
|-heal|p1a: Sableye|303\/303 brn|[from] Grassy Terrain
|-damage|p1a: Sableye|285\/303 brn|[from] brn
|upkeep
|turn|5
|choice|*|*switch 6
|choice|*|*move 1
|choice|*|*switch 6
|choice|*move 1|*
|choice|move willowisp|switch 6
|
|switch|p2a: Latias|Latias, F|364\/364
|move|p1a: Sableye|Will-O-Wisp|p2a: Latias|[miss]
|-miss|p1a: Sableye|p2a: Latias
|
|-heal|p1a: Sableye|303\/303 brn|[from] Grassy Terrain
|-damage|p1a: Sableye|285\/303 brn|[from] brn
|upkeep
|turn|6
|choice|*|*move 1 mega
|choice|*switch 2|*
|choice|switch 2|move psyshock mega
|
|switch|p1a: Chansey|Chansey, F|703\/703
|-mega|p2a: Latias|Latias|Latiasite
|detailschange|p2a: Latias|Latias-Mega, F
|move|p2a: Latias|Psyshock|p1a: Chansey
|-damage|p1a: Chansey|544\/703
|
|-heal|p1a: Chansey|587\/703|[from] Grassy Terrain
|upkeep
|turn|7
|choice|*move 1|*
|choice|*|*switch 3
|choice|move stealthrock|switch 3
|
|switch|p2a: Tyranitar|Tyranitar, M|343\/343
|-weather|Sandstorm|[from] ability: Sand Stream|[of] p2a: Tyranitar
|move|p1a: Chansey|Stealth Rock|p2a: Tyranitar
|-sidestart|p2: EdwardEllric 🐮|move: Stealth Rock
|
|-weather|Sandstorm|[upkeep]
|-damage|p1a: Chansey|544\/703|[from] sandstorm
|-heal|p1a: Chansey|587\/703|[from] Grassy Terrain
|upkeep
|turn|8
|choice|*|*switch 3
|choice|*switch 4|*
|choice|switch 4|switch 3
|
|switch|p2a: Latias|Latias-Mega, F|364\/364
|-damage|p2a: Latias|319\/364|[from] Stealth Rock
|switch|p1a: Landorus|Landorus-Therian, M|319\/319
|-ability|p1a: Landorus|Intimidate|boost
|-unboost|p2a: Latias|atk|1
|
|-weather|Sandstorm|[upkeep]
|-damage|p2a: Latias|297\/364|[from] sandstorm
|-fieldend|move: Grassy Terrain
|upkeep
|turn|9
|choice|*switch 4|*
|choice|*|*move 3
|choice|switch 4|move defog
|
|switch|p1a: Chansey|Chansey, F|587\/703
|move|p2a: Latias|Defog|p1a: Chansey
|-unboost|p1a: Chansey|evasion|1
|-sideend|p2: EdwardEllric 🐮|Stealth Rock|[from] move: Defog|[of] p2a: Latias
|
|-weather|Sandstorm|[upkeep]
|-damage|p2a: Latias|275\/364|[from] sandstorm
|-damage|p1a: Chansey|544\/703|[from] sandstorm
|upkeep
|turn|10
|choice|*|*switch 6
|choice|*move 2|*
|choice|move toxic|switch 6
|
|switch|p2a: Tapu Bulu|Tapu Bulu|314\/314
|-fieldstart|move: Grassy Terrain|[from] ability: Grassy Surge|[of] p2a: Tapu Bulu
|move|p1a: Chansey|Toxic|p2a: Tapu Bulu
|-status|p2a: Tapu Bulu|tox
|
|-weather|Sandstorm|[upkeep]
|-damage|p2a: Tapu Bulu|295\/314 tox|[from] sandstorm
|-damage|p1a: Chansey|501\/703|[from] sandstorm
|-heal|p2a: Tapu Bulu|314\/314 tox|[from] item: Leftovers
|-heal|p1a: Chansey|544\/703|[from] Grassy Terrain
|-damage|p2a: Tapu Bulu|295\/314 tox|[from] psn
|upkeep
|turn|11
|choice|*|*move 1
|choice|*switch 5|*
|choice|switch 5|move swordsdance
|
|switch|p1a: Toxapex|Toxapex, F|241\/241
|move|p2a: Tapu Bulu|Swords Dance|p2a: Tapu Bulu
|-boost|p2a: Tapu Bulu|atk|2
|
|-weather|none
|-heal|p2a: Tapu Bulu|314\/314 tox|[from] item: Leftovers
|-damage|p2a: Tapu Bulu|276\/314 tox|[from] psn
|upkeep
|turn|12
|choice|*|*move 2
|choice|*move 4|*
|choice|move haze|move hornleech
|
|move|p2a: Tapu Bulu|Horn Leech|p1a: Toxapex
|-damage|p1a: Toxapex|0 fnt
|-heal|p2a: Tapu Bulu|314\/314 tox|[from] drain|[of] p1a: Toxapex
|faint|p1a: Toxapex
|
|-damage|p2a: Tapu Bulu|257\/314 tox|[from] psn
|upkeep
|choice|*switch 6|*
|choice|switch 6|
|
|switch|p1a: Shedinja|Shedinja|1\/1
|turn|13
|choice|*move 3|*
|choice|*|*switch 3
|choice|move shadowsneak|switch 3
|
|switch|p2a: Tyranitar|Tyranitar, M|343\/343
|-weather|Sandstorm|[from] ability: Sand Stream|[of] p2a: Tyranitar
|move|p1a: Shedinja|Shadow Sneak|p2a: Tyranitar
|-resisted|p2a: Tyranitar
|-damage|p2a: Tyranitar|316\/343
|
|-weather|Sandstorm|[upkeep]
|-damage|p1a: Shedinja|0 fnt|[from] sandstorm
|-heal|p2a: Tyranitar|337\/343|[from] Grassy Terrain
|upkeep
|faint|p1a: Shedinja
|choice|*switch 4|*
|choice|switch 4|
|
|switch|p1a: Landorus|Landorus-Therian, M|319\/319
|-ability|p1a: Landorus|Intimidate|boost
|-unboost|p2a: Tyranitar|atk|1
|turn|14
|choice|*move 1|*
|choice|*|*move 2
|choice|move swordsdance|move crunch
|
|move|p1a: Landorus|Swords Dance|p1a: Landorus
|-boost|p1a: Landorus|atk|2
|move|p2a: Tyranitar|Crunch|p1a: Landorus
|-damage|p1a: Landorus|156\/319
|
|-weather|Sandstorm|[upkeep]
|-heal|p2a: Tyranitar|343\/343|[from] Grassy Terrain
|-fieldend|move: Grassy Terrain
|upkeep
|turn|15
|choice|*|*switch 6
|choice|*move 2|*
|choice|move earthquake|switch 6
|
|switch|p2a: Latias|Latias-Mega, F|275\/364
|move|p1a: Landorus|Earthquake|p2a: Latias
|-immune|p2a: Latias|[msg]|[from] ability: Levitate
|
|-weather|Sandstorm|[upkeep]
|-damage|p2a: Latias|253\/364|[from] sandstorm
|upkeep
|turn|16
|choice|*switch 5|*
|choice|*|*move 4
|choice|switch 5|move surf
|
|switch|p1a: Chansey|Chansey, F|544\/703
|move|p2a: Latias|Surf|p1a: Chansey
|-damage|p1a: Chansey|483\/703
|
|-weather|Sandstorm|[upkeep]
|-damage|p2a: Latias|231\/364|[from] sandstorm
|-damage|p1a: Chansey|440\/703|[from] sandstorm
|upkeep
|turn|17
|choice|*|*switch 6
|choice|*move 4|*
|choice|move seismictoss|switch 6
|
|switch|p2a: Tyranitar|Tyranitar, M|343\/343
|move|p1a: Chansey|Seismic Toss|p2a: Tyranitar
|-damage|p2a: Tyranitar|243\/343
|
|-weather|none
|upkeep
|turn|18
|choice|*move 3|*
|choice|*|*move 2
|choice|move softboiled|move crunch
|
|move|p2a: Tyranitar|Crunch|p1a: Chansey
|-damage|p1a: Chansey|121\/703
|-unboost|p1a: Chansey|def|1
|move|p1a: Chansey|Soft-Boiled|p1a: Chansey
|-heal|p1a: Chansey|473\/703
|
|upkeep
|turn|19
|choice|*|*move 2
|choice|*switch 3|*
|choice|switch 3|move crunch
|
|switch|p1a: Clefable|Clefable, F|394\/394
|move|p2a: Tyranitar|Crunch|p1a: Clefable
|-resisted|p1a: Clefable
|-damage|p1a: Clefable|229\/394
|
|-heal|p1a: Clefable|253\/394|[from] item: Leftovers
|upkeep
|turn|20
|choice|*move 1|*
|choice|*|*switch 5
|choice|move softboiled|switch 5
|
|switch|p2a: Volcarona|Volcarona, M|220\/311
|move|p1a: Clefable|Soft-Boiled|p1a: Clefable
|-heal|p1a: Clefable|394\/394
|
|upkeep
|turn|21
|choice|*switch 3|*
|choice|*|*switch 5
|choice|switch 3|switch 5
|
|switch|p2a: Tyranitar|Tyranitar, M|243\/343
|-weather|Sandstorm|[from] ability: Sand Stream|[of] p2a: Tyranitar
|switch|p1a: Chansey|Chansey, F|473\/703
|
|-weather|Sandstorm|[upkeep]
|-damage|p1a: Chansey|430\/703|[from] sandstorm
|upkeep
|turn|22
|choice|*|*move 1
|choice|*move 3|*
|choice|move softboiled|move stoneedge
|
|move|p2a: Tyranitar|Stone Edge|p1a: Chansey
|-damage|p1a: Chansey|39\/703
|move|p1a: Chansey|Soft-Boiled|p1a: Chansey
|-heal|p1a: Chansey|391\/703
|
|-weather|Sandstorm|[upkeep]
|-damage|p1a: Chansey|348\/703|[from] sandstorm
|upkeep
|turn|23
|choice|*|*move 1
|choice|*switch 5|*
|choice|switch 5|move stoneedge
|
|switch|p1a: Landorus|Landorus-Therian, M|156\/319
|-ability|p1a: Landorus|Intimidate|boost
|-unboost|p2a: Tyranitar|atk|1
|move|p2a: Tyranitar|Stone Edge|p1a: Landorus
|-damage|p1a: Landorus|0 fnt
|faint|p1a: Landorus
|
|-weather|Sandstorm|[upkeep]
|upkeep
|choice|*switch 3|*
|choice|switch 3|
|
|switch|p1a: Clefable|Clefable, F|394\/394
|turn|24
|choice|*move 4|*
|choice|*|*switch 3
|choice|move calmmind|switch 3
|
|switch|p2a: Tapu Bulu|Tapu Bulu|257\/314 tox
|-fieldstart|move: Grassy Terrain|[from] ability: Grassy Surge|[of] p2a: Tapu Bulu
|move|p1a: Clefable|Calm Mind|p1a: Clefable
|-boost|p1a: Clefable|spa|1
|-boost|p1a: Clefable|spd|1
|
|-weather|Sandstorm|[upkeep]
|-damage|p2a: Tapu Bulu|238\/314 tox|[from] sandstorm
|-heal|p2a: Tapu Bulu|257\/314 tox|[from] item: Leftovers
|-heal|p2a: Tapu Bulu|276\/314 tox|[from] Grassy Terrain
|-damage|p2a: Tapu Bulu|257\/314 tox|[from] psn
|upkeep
|turn|25
|choice|*|*move 1
|choice|*move 2|*
|choice|move moonblast|move swordsdance
|
|move|p2a: Tapu Bulu|Swords Dance|p2a: Tapu Bulu
|-boost|p2a: Tapu Bulu|atk|2
|move|p1a: Clefable|Moonblast|p2a: Tapu Bulu
|-damage|p2a: Tapu Bulu|130\/314 tox
|
|-weather|none
|-heal|p2a: Tapu Bulu|149\/314 tox|[from] item: Leftovers
|-heal|p2a: Tapu Bulu|168\/314 tox|[from] Grassy Terrain
|-damage|p2a: Tapu Bulu|130\/314 tox|[from] psn
|upkeep
|turn|26
|choice|*|*move 2
|choice|*move 2|*
|choice|move moonblast|move hornleech
|
|move|p2a: Tapu Bulu|Horn Leech|p1a: Clefable
|-damage|p1a: Clefable|0 fnt
|-heal|p2a: Tapu Bulu|314\/314 tox|[from] drain|[of] p1a: Clefable
|faint|p1a: Clefable
|
|-damage|p2a: Tapu Bulu|257\/314 tox|[from] psn
|upkeep
|choice|*switch 5|*
|choice|switch 5|
|
|switch|p1a: Chansey|Chansey, F|348\/703
|turn|27
|choice|*move 3|*
|choice|*|*move 2
|choice|move softboiled|move hornleech
|
|move|p2a: Tapu Bulu|Horn Leech|p1a: Chansey
|-damage|p1a: Chansey|0 fnt
|-heal|p2a: Tapu Bulu|314\/314 tox|[from] drain|[of] p1a: Chansey
|faint|p1a: Chansey
|
|-damage|p2a: Tapu Bulu|238\/314 tox|[from] psn
|upkeep
|c|☆EdwardEllric 🐮|Esta Op mi tapu bulu verdad que si?
|choice|*switch 2|*
|choice|switch 2|
|
|switch|p1a: Sableye|Sableye-Mega, F|285\/303 brn
|turn|28
|choice|*|*move 2
|choice|*move 4|*
|choice|move knockoff|move hornleech
|
|move|p2a: Tapu Bulu|Horn Leech|p1a: Sableye
|-damage|p1a: Sableye|0 fnt
|-heal|p2a: Tapu Bulu|314\/314 tox|[from] drain|[of] p1a: Sableye
|faint|p1a: Sableye
|
|win|EdwardEllric 🐮
EdwardEllric 🐮︎ ha ganado 8 PokeDolares.
|raw|Puntaje de ShionG: 1445 &rarr; <strong>1425<\/strong><br \/>(-20 por perder)
|raw|Puntaje de EdwardEllric 🐮: 1454 &rarr; <strong>1473<\/strong><br \/>(+19 por ganar)
</script>
</div>
<div class="battle-log battle-log-inline"><div class="inner"><div class="battle-options"></div><div class="inner"><div class=""><small>Format:</small> <br><strong>OU</strong></div><div class="rated"><strong>Rated battle</strong></div><div class=""><small><em>Cláusula-Mod de Dormir:</em> solo puedes dormir a uno de tus oponentes a la vez.</small></div><div class=""><small><em>Cláusula de Especie:</em> Hasta un Pokémon de cada especie</small></div><div class=""><small><em>Cláusula de Golpe Fulminante:</em> los movimientos fulminantes (OHKO) estan prohibidos</small></div><div class=""><small><em>Cláusula de Veleta:</em> la habilidad Veleta está prohibida</small></div><div class=""><small><em>Cláusula de Movimientos Evasivos:</em> los movimientos de Evasión están prohibidos.</small></div><div class=""><small><em>Cláusula de Batallas Eternas:</em> forzar batallas eternas está prohibido</small></div><div class="chat battle-history"><strong>ShionG's team:</strong> <em style="color:#445566;display:block;">Sableye / Chansey / Clefable / Landorus-Therian / Toxapex / Shedinja</em></div><div class="chat battle-history"><strong>EdwardEllric 🐮's team:</strong> <em style="color:#445566;display:block;">Volcarona / Tapu Bulu / Tyranitar / Greninja / Toxapex / Latias</em></div><div class="chat chatmessage-edwardellric"><strong style="color:hsl(55,45%,33%)"><small>☆</small><span class="username" data-name="EdwardEllric 🐮">EdwardEllric 🐮</span>:</strong> <em> op</em></div><div class="spacer battle-history"><br></div><div class="battle-history">Battle started between ShionG and EdwardEllric 🐮!<br></div><div class="spacer battle-history"><br></div><div class="battle-history">Go! <strong>Sableye</strong>!<br></div><div class="spacer battle-history"><br></div><div class="battle-history">EdwardEllric 🐮 sent out <strong>Volcarona</strong>!<br></div><div class="spacer battle-history"><br></div><h2 class="battle-history">Turn 1</h2><div class="spacer battle-history"><br></div><div class="battle-history"><small>Sableye's Sablenite is reacting to the Key Stone!</small><br>Sableye has Mega Evolved into Mega Sableye!<br></div><div class="spacer battle-history"><br></div><div class="battle-history">The opposing Volcarona used <strong>Quiver Dance</strong>!<br></div><div class="battle-history"><small>The opposing Volcarona's Special Attack rose!</small><br></div><div class="battle-history"><small>The opposing Volcarona's Special Defense rose!</small><br></div><div class="battle-history"><small>The opposing Volcarona's Speed rose!</small><br></div><div class="spacer battle-history"><br></div><div class="battle-history">Sableye used <strong>Knock Off</strong>!<br></div><div class="battle-history"><small>(The opposing Volcarona lost <abbr title="−91/311">29.3%</abbr> of its health!)</small><br></div><div class="battle-history"><small>[The opposing Volcarona's Flame Body]</small><br><small>Sableye was burned!</small><br></div><div class="spacer battle-history"><br></div><div class="battle-history"><small>Sableye was hurt by its burn!</small><br></div><div class="spacer battle-history"><br></div><h2 class="battle-history">Turn 2</h2><div class="spacer battle-history"><br></div><div class="battle-history">Sableye, come back!<br></div><div class="battle-history">Go! <strong>Chansey</strong>!<br></div><div class="spacer battle-history"><br></div><div class="battle-history">The opposing Volcarona used <strong>Bug Buzz</strong>!<br></div><div class="battle-history"><small>(Chansey lost <abbr title="−175/703">24.9%</abbr> of its health!)</small><br></div><div class="spacer battle-history"><br></div><h2 class="battle-history">Turn 3</h2><div class="spacer battle-history"><br></div><div class="battle-history">EdwardEllric 🐮 withdrew Volcarona!<br></div><div class="battle-history">EdwardEllric 🐮 sent out <strong>Toxapex</strong>!<br></div><div class="spacer battle-history"><br></div><div class="battle-history">Chansey used <strong>Soft-Boiled</strong>!<br></div><div class="battle-history"><small>Chansey restored its HP.</small><br></div><div class="spacer battle-history"><br></div><h2 class="battle-history">Turn 4</h2><div class="spacer battle-history"><br></div><div class="battle-history">Chansey, come back!<br></div><div class="battle-history">Go! Sableye (<strong>Sableye-Mega</strong>)!<br></div><div class="spacer battle-history"><br></div><div class="battle-history">EdwardEllric 🐮 withdrew Toxapex!<br></div><div class="battle-history">EdwardEllric 🐮 sent out <strong>Tapu Bulu</strong>!<br></div><div class="battle-history"><small>[The opposing Tapu Bulu's Grassy Surge]</small><br><small>Grass grew to cover the battlefield!</small><br></div><div class="spacer battle-history"><br></div><div class="battle-history"><small>Sableye restored HP using its Grassy Terrain!</small><br></div><div class="battle-history"><small>Sableye was hurt by its burn!</small><br></div><div class="spacer battle-history"><br></div><h2 class="battle-history">Turn 5</h2><div class="spacer battle-history"><br></div><div class="battle-history">EdwardEllric 🐮 withdrew Tapu Bulu!<br></div><div class="battle-history">EdwardEllric 🐮 sent out <strong>Latias</strong>!<br></div><div class="spacer battle-history"><br></div><div class="battle-history">Sableye used <strong>Will-O-Wisp</strong>!<br></div><div class="battle-history"><small>The opposing Latias avoided the attack!</small><br></div><div class="spacer battle-history"><br></div><div class="battle-history"><small>Sableye restored HP using its Grassy Terrain!</small><br></div><div class="battle-history"><small>Sableye was hurt by its burn!</small><br></div><div class="spacer battle-history"><br></div><h2 class="battle-history">Turn 6</h2><div class="spacer battle-history"><br></div><div class="battle-history">Sableye, come back!<br></div><div class="battle-history">Go! <strong>Chansey</strong>!<br></div><div class="spacer battle-history"><br></div><div class="battle-history"><small>The opposing Latias's Latiasite is reacting to the Key Stone!</small><br>The opposing Latias has Mega Evolved into Mega Latias!<br></div><div class="spacer battle-history"><br></div><div class="battle-history">The opposing Latias used <strong>Psyshock</strong>!<br></div><div class="battle-history"><small>(Chansey lost <abbr title="−159/703">22.6%</abbr> of its health!)</small><br></div><div class="spacer battle-history"><br></div><div class="battle-history"><small>Chansey restored HP using its Grassy Terrain!</small><br></div><div class="spacer battle-history"><br></div><h2 class="battle-history">Turn 7</h2><div class="spacer battle-history"><br></div><div class="battle-history">EdwardEllric 🐮 withdrew Latias!<br></div><div class="battle-history">EdwardEllric 🐮 sent out <strong>Tyranitar</strong>!<br></div><div class="battle-history"><small>[The opposing Tyranitar's Sand Stream]</small><br><small>A sandstorm kicked up!</small><br></div><div class="spacer battle-history"><br></div><div class="battle-history">Chansey used <strong>Stealth Rock</strong>!<br></div><div class="battle-history"><small>Pointed stones float in the air around the opposing team!</small><br></div><div class="spacer battle-history"><br></div><div class="battle-history"><small>The sandstorm is raging.</small><br></div><div class="battle-history"><small>Chansey is buffeted by the sandstorm!</small><br></div><div class="battle-history"><small>Chansey restored HP using its Grassy Terrain!</small><br></div><div class="spacer battle-history"><br></div><h2 class="battle-history">Turn 8</h2><div class="spacer battle-history"><br></div><div class="battle-history">EdwardEllric 🐮 withdrew Tyranitar!<br></div><div class="battle-history">EdwardEllric 🐮 sent out Latias (<strong>Latias-Mega</strong>)!<br></div><div class="battle-history"><small>Pointed stones dug into the opposing Latias!</small><br></div><div class="spacer battle-history"><br></div><div class="battle-history">Chansey, come back!<br></div><div class="battle-history">Go! Landorus (<strong>Landorus-Therian</strong>)!<br></div><div class="battle-history"><small>[Landorus's Intimidate]</small><br></div><div class="battle-history"><small>The opposing Latias's Attack fell!</small><br></div><div class="spacer battle-history"><br></div><div class="battle-history"><small>The sandstorm is raging.</small><br></div><div class="battle-history"><small>The opposing Latias is buffeted by the sandstorm!</small><br></div><div class="battle-history"><small>The grass disappeared from the battlefield.</small><br></div><div class="spacer battle-history"><br></div><h2 class="battle-history">Turn 9</h2><div class="spacer battle-history"><br></div><div class="battle-history">Landorus, come back!<br></div><div class="battle-history">Go! <strong>Chansey</strong>!<br></div><div class="spacer battle-history"><br></div><div class="battle-history">The opposing Latias used <strong>Defog</strong>!<br></div><div class="battle-history"><small>Chansey's evasiveness fell!</small><br></div><div class="battle-history"><small>The pointed stones disappeared from around the opposing team!</small><br></div><div class="spacer battle-history"><br></div><div class="battle-history"><small>The sandstorm is raging.</small><br></div><div class="battle-history"><small>The opposing Latias is buffeted by the sandstorm!</small><br></div><div class="battle-history"><small>Chansey is buffeted by the sandstorm!</small><br></div><div class="spacer battle-history"><br></div><h2 class="battle-history">Turn 10</h2><div class="spacer battle-history"><br></div><div class="battle-history">EdwardEllric 🐮 withdrew Latias!<br></div><div class="battle-history">EdwardEllric 🐮 sent out <strong>Tapu Bulu</strong>!<br></div><div class="battle-history"><small>[The opposing Tapu Bulu's Grassy Surge]</small><br><small>Grass grew to cover the battlefield!</small><br></div><div class="spacer battle-history"><br></div><div class="battle-history">Chansey used <strong>Toxic</strong>!<br></div><div class="battle-history"><small>The opposing Tapu Bulu was badly poisoned!</small><br></div><div class="spacer battle-history"><br></div><div class="battle-history"><small>The sandstorm is raging.</small><br></div><div class="battle-history"><small>The opposing Tapu Bulu is buffeted by the sandstorm!</small><br></div><div class="battle-history"><small>Chansey is buffeted by the sandstorm!</small><br></div><div class="battle-history"><small>The opposing Tapu Bulu restored a little HP using its Leftovers!</small><br></div><div class="battle-history"><small>Chansey restored HP using its Grassy Terrain!</small><br></div><div class="battle-history"><small>The opposing Tapu Bulu was hurt by poison!</small><br></div><div class="spacer battle-history"><br></div><h2 class="battle-history">Turn 11</h2><div class="spacer battle-history"><br></div><div class="battle-history">Chansey, come back!<br></div><div class="battle-history">Go! <strong>Toxapex</strong>!<br></div><div class="spacer battle-history"><br></div><div class="battle-history">The opposing Tapu Bulu used <strong>Swords Dance</strong>!<br></div><div class="battle-history"><small>The opposing Tapu Bulu's Attack rose sharply!</small><br></div><div class="spacer battle-history"><br></div><div class="battle-history"><small>The sandstorm subsided.</small><br></div><div class="battle-history"><small>The opposing Tapu Bulu restored a little HP using its Leftovers!</small><br></div><div class="battle-history"><small>The opposing Tapu Bulu was hurt by poison!</small><br></div><div class="spacer battle-history"><br></div><h2 class="battle-history">Turn 12</h2><div class="spacer battle-history"><br></div><div class="battle-history">The opposing Tapu Bulu used <strong>Horn Leech</strong>!<br></div><div class="battle-history"><small>(Toxapex lost <abbr title="−241/241">100%</abbr> of its health!)</small><br></div><div class="battle-history"><small>Toxapex had its energy drained!</small><br></div><div class="spacer battle-history"><br></div><div class="battle-history">Toxapex fainted!<br></div><div class="spacer battle-history"><br></div><div class="battle-history"><small>The opposing Tapu Bulu was hurt by poison!</small><br></div><div class="spacer battle-history"><br></div><div class="battle-history">Go! <strong>Shedinja</strong>!<br></div><div class="spacer battle-history"><br></div><h2 class="battle-history">Turn 13</h2><div class="spacer battle-history"><br></div><div class="battle-history">EdwardEllric 🐮 withdrew Tapu Bulu!<br></div><div class="battle-history">EdwardEllric 🐮 sent out <strong>Tyranitar</strong>!<br></div><div class="battle-history"><small>[The opposing Tyranitar's Sand Stream]</small><br><small>A sandstorm kicked up!</small><br></div><div class="spacer battle-history"><br></div><div class="battle-history">Shedinja used <strong>Shadow Sneak</strong>!<br></div><div class="battle-history"><small>It's not very effective...</small><br></div><div class="battle-history"><small>(The opposing Tyranitar lost <abbr title="−27/343">7.9%</abbr> of its health!)</small><br></div><div class="spacer battle-history"><br></div><div class="battle-history"><small>The sandstorm is raging.</small><br></div><div class="battle-history"><small>Shedinja is buffeted by the sandstorm!</small><br></div><div class="battle-history"><small>The opposing Tyranitar restored HP using its Grassy Terrain!</small><br></div><div class="spacer battle-history"><br></div><div class="battle-history">Shedinja fainted!<br></div><div class="spacer battle-history"><br></div><div class="battle-history">Go! Landorus (<strong>Landorus-Therian</strong>)!<br></div><div class="battle-history"><small>[Landorus's Intimidate]</small><br></div><div class="battle-history"><small>The opposing Tyranitar's Attack fell!</small><br></div><div class="spacer battle-history"><br></div><h2 class="battle-history">Turn 14</h2><div class="spacer battle-history"><br></div><div class="battle-history">Landorus used <strong>Swords Dance</strong>!<br></div><div class="battle-history"><small>Landorus's Attack rose sharply!</small><br></div><div class="spacer battle-history"><br></div><div class="battle-history">The opposing Tyranitar used <strong>Crunch</strong>!<br></div><div class="battle-history"><small>(Landorus lost <abbr title="−163/319">51.1%</abbr> of its health!)</small><br></div><div class="spacer battle-history"><br></div><div class="battle-history"><small>The sandstorm is raging.</small><br></div><div class="battle-history"><small>The opposing Tyranitar restored HP using its Grassy Terrain!</small><br></div><div class="battle-history"><small>The grass disappeared from the battlefield.</small><br></div><div class="spacer battle-history"><br></div><h2 class="battle-history">Turn 15</h2><div class="spacer battle-history"><br></div><div class="battle-history">EdwardEllric 🐮 withdrew Tyranitar!<br></div><div class="battle-history">EdwardEllric 🐮 sent out Latias (<strong>Latias-Mega</strong>)!<br></div><div class="spacer battle-history"><br></div><div class="battle-history">Landorus used <strong>Earthquake</strong>!<br></div><div class="battle-history"><small>[The opposing Latias's Levitate]</small><br><small>It doesn't affect the opposing Latias...</small><br></div><div class="spacer battle-history"><br></div><div class="battle-history"><small>The sandstorm is raging.</small><br></div><div class="battle-history"><small>The opposing Latias is buffeted by the sandstorm!</small><br></div><div class="spacer battle-history"><br></div><h2 class="battle-history">Turn 16</h2><div class="spacer battle-history"><br></div><div class="battle-history">Landorus, come back!<br></div><div class="battle-history">Go! <strong>Chansey</strong>!<br></div><div class="spacer battle-history"><br></div><div class="battle-history">The opposing Latias used <strong>Surf</strong>!<br></div><div class="battle-history"><small>(Chansey lost <abbr title="−61/703">8.7%</abbr> of its health!)</small><br></div><div class="spacer battle-history"><br></div><div class="battle-history"><small>The sandstorm is raging.</small><br></div><div class="battle-history"><small>The opposing Latias is buffeted by the sandstorm!</small><br></div><div class="battle-history"><small>Chansey is buffeted by the sandstorm!</small><br></div><div class="spacer battle-history"><br></div><h2 class="battle-history">Turn 17</h2><div class="spacer battle-history"><br></div><div class="battle-history">EdwardEllric 🐮 withdrew Latias!<br></div><div class="battle-history">EdwardEllric 🐮 sent out <strong>Tyranitar</strong>!<br></div><div class="spacer battle-history"><br></div><div class="battle-history">Chansey used <strong>Seismic Toss</strong>!<br></div><div class="battle-history"><small>(The opposing Tyranitar lost <abbr title="−100/343">29.2%</abbr> of its health!)</small><br></div><div class="spacer battle-history"><br></div><div class="battle-history"><small>The sandstorm subsided.</small><br></div><div class="spacer battle-history"><br></div><h2 class="battle-history">Turn 18</h2><div class="spacer battle-history"><br></div><div class="battle-history">The opposing Tyranitar used <strong>Crunch</strong>!<br></div><div class="battle-history"><small>(Chansey lost <abbr title="−319/703">45.4%</abbr> of its health!)</small><br></div><div class="battle-history"><small>Chansey's Defense fell!</small><br></div><div class="spacer battle-history"><br></div><div class="battle-history">Chansey used <strong>Soft-Boiled</strong>!<br></div><div class="battle-history"><small>Chansey restored its HP.</small><br></div><div class="spacer battle-history"><br></div><h2 class="battle-history">Turn 19</h2><div class="spacer battle-history"><br></div><div class="battle-history">Chansey, come back!<br></div><div class="battle-history">Go! <strong>Clefable</strong>!<br></div><div class="spacer battle-history"><br></div><div class="battle-history">The opposing Tyranitar used <strong>Crunch</strong>!<br></div><div class="battle-history"><small>It's not very effective...</small><br></div><div class="battle-history"><small>(Clefable lost <abbr title="−165/394">41.9%</abbr> of its health!)</small><br></div><div class="spacer battle-history"><br></div><div class="battle-history"><small>Clefable restored a little HP using its Leftovers!</small><br></div><div class="spacer battle-history"><br></div><h2 class="battle-history">Turn 20</h2><div class="spacer battle-history"><br></div><div class="battle-history">EdwardEllric 🐮 withdrew Tyranitar!<br></div><div class="battle-history">EdwardEllric 🐮 sent out <strong>Volcarona</strong>!<br></div><div class="spacer battle-history"><br></div><div class="battle-history">Clefable used <strong>Soft-Boiled</strong>!<br></div><div class="battle-history"><small>Clefable restored its HP.</small><br></div><div class="spacer battle-history"><br></div><h2 class="battle-history">Turn 21</h2><div class="spacer battle-history"><br></div><div class="battle-history">EdwardEllric 🐮 withdrew Volcarona!<br></div><div class="battle-history">EdwardEllric 🐮 sent out <strong>Tyranitar</strong>!<br></div><div class="battle-history"><small>[The opposing Tyranitar's Sand Stream]</small><br><small>A sandstorm kicked up!</small><br></div><div class="spacer battle-history"><br></div><div class="battle-history">Clefable, come back!<br></div><div class="battle-history">Go! <strong>Chansey</strong>!<br></div><div class="spacer battle-history"><br></div><div class="battle-history"><small>The sandstorm is raging.</small><br></div><div class="battle-history"><small>Chansey is buffeted by the sandstorm!</small><br></div><div class="spacer battle-history"><br></div><h2 class="battle-history">Turn 22</h2><div class="spacer battle-history"><br></div><div class="battle-history">The opposing Tyranitar used <strong>Stone Edge</strong>!<br></div><div class="battle-history"><small>(Chansey lost <abbr title="−391/703">55.6%</abbr> of its health!)</small><br></div><div class="spacer battle-history"><br></div><div class="battle-history">Chansey used <strong>Soft-Boiled</strong>!<br></div><div class="battle-history"><small>Chansey restored its HP.</small><br></div><div class="spacer battle-history"><br></div><div class="battle-history"><small>The sandstorm is raging.</small><br></div><div class="battle-history"><small>Chansey is buffeted by the sandstorm!</small><br></div><div class="spacer battle-history"><br></div><h2 class="battle-history">Turn 23</h2><div class="spacer battle-history"><br></div><div class="battle-history">Chansey, come back!<br></div><div class="battle-history">Go! Landorus (<strong>Landorus-Therian</strong>)!<br></div><div class="battle-history"><small>[Landorus's Intimidate]</small><br></div><div class="battle-history"><small>The opposing Tyranitar's Attack fell!</small><br></div><div class="spacer battle-history"><br></div><div class="battle-history">The opposing Tyranitar used <strong>Stone Edge</strong>!<br></div><div class="battle-history"><small>(Landorus lost <abbr title="−156/319">48.9%</abbr> of its health!)</small><br></div><div class="spacer battle-history"><br></div><div class="battle-history">Landorus fainted!<br></div><div class="spacer battle-history"><br></div><div class="battle-history"><small>The sandstorm is raging.</small><br></div><div class="spacer battle-history"><br></div><div class="battle-history">Go! <strong>Clefable</strong>!<br></div><div class="spacer battle-history"><br></div><h2 class="battle-history">Turn 24</h2><div class="spacer battle-history"><br></div><div class="battle-history">EdwardEllric 🐮 withdrew Tyranitar!<br></div><div class="battle-history">EdwardEllric 🐮 sent out <strong>Tapu Bulu</strong>!<br></div><div class="battle-history"><small>[The opposing Tapu Bulu's Grassy Surge]</small><br><small>Grass grew to cover the battlefield!</small><br></div><div class="spacer battle-history"><br></div><div class="battle-history">Clefable used <strong>Calm Mind</strong>!<br></div><div class="battle-history"><small>Clefable's Special Attack rose!</small><br></div><div class="battle-history"><small>Clefable's Special Defense rose!</small><br></div><div class="spacer battle-history"><br></div><div class="battle-history"><small>The sandstorm is raging.</small><br></div><div class="battle-history"><small>The opposing Tapu Bulu is buffeted by the sandstorm!</small><br></div><div class="battle-history"><small>The opposing Tapu Bulu restored a little HP using its Leftovers!</small><br></div><div class="battle-history"><small>The opposing Tapu Bulu restored HP using its Grassy Terrain!</small><br></div><div class="battle-history"><small>The opposing Tapu Bulu was hurt by poison!</small><br></div><div class="spacer battle-history"><br></div><h2 class="battle-history">Turn 25</h2><div class="spacer battle-history"><br></div><div class="battle-history">The opposing Tapu Bulu used <strong>Swords Dance</strong>!<br></div><div class="battle-history"><small>The opposing Tapu Bulu's Attack rose sharply!</small><br></div><div class="spacer battle-history"><br></div><div class="battle-history">Clefable used <strong>Moonblast</strong>!<br></div><div class="battle-history"><small>(The opposing Tapu Bulu lost <abbr title="−127/314">40.4%</abbr> of its health!)</small><br></div><div class="spacer battle-history"><br></div><div class="battle-history"><small>The sandstorm subsided.</small><br></div><div class="battle-history"><small>The opposing Tapu Bulu restored a little HP using its Leftovers!</small><br></div><div class="battle-history"><small>The opposing Tapu Bulu restored HP using its Grassy Terrain!</small><br></div><div class="battle-history"><small>The opposing Tapu Bulu was hurt by poison!</small><br></div><div class="spacer battle-history"><br></div><h2 class="battle-history">Turn 26</h2><div class="spacer battle-history"><br></div><div class="battle-history">The opposing Tapu Bulu used <strong>Horn Leech</strong>!<br></div><div class="battle-history"><small>(Clefable lost <abbr title="−394/394">100%</abbr> of its health!)</small><br></div><div class="battle-history"><small>Clefable had its energy drained!</small><br></div><div class="spacer battle-history"><br></div><div class="battle-history">Clefable fainted!<br></div><div class="spacer battle-history"><br></div><div class="battle-history"><small>The opposing Tapu Bulu was hurt by poison!</small><br></div><div class="spacer battle-history"><br></div><div class="battle-history">Go! <strong>Chansey</strong>!<br></div><div class="spacer battle-history"><br></div><h2 class="battle-history">Turn 27</h2><div class="spacer battle-history"><br></div><div class="battle-history">The opposing Tapu Bulu used <strong>Horn Leech</strong>!<br></div><div class="battle-history"><small>(Chansey lost <abbr title="−348/703">49.5%</abbr> of its health!)</small><br></div><div class="battle-history"><small>Chansey had its energy drained!</small><br></div><div class="spacer battle-history"><br></div><div class="battle-history">Chansey fainted!<br></div><div class="spacer battle-history"><br></div><div class="battle-history"><small>The opposing Tapu Bulu was hurt by poison!</small><br></div><div class="chat chatmessage-edwardellric"><strong style="color:hsl(55,45%,33%)"><small>☆</small><span class="username" data-name="EdwardEllric 🐮">EdwardEllric 🐮</span>:</strong> <em>Esta Op mi tapu bulu verdad que si?</em></div><div class="spacer battle-history"><br></div><div class="battle-history">Go! Sableye (<strong>Sableye-Mega</strong>)!<br></div><div class="spacer battle-history"><br></div><h2 class="battle-history">Turn 28</h2><div class="spacer battle-history"><br></div><div class="battle-history">The opposing Tapu Bulu used <strong>Horn Leech</strong>!<br></div><div class="battle-history"><small>(Sableye lost <abbr title="−285/303">94.1%</abbr> of its health!)</small><br></div><div class="battle-history"><small>Sableye had its energy drained!</small><br></div><div class="spacer battle-history"><br></div><div class="battle-history">Sableye fainted!<br></div><div class="spacer battle-history"><br></div><div class="battle-history"><strong>EdwardEllric 🐮</strong> won the battle!<br></div><div class="chat">EdwardEllric 🐮︎ ha ganado 8 PokeDolares.</div><div class="chat">Puntaje de ShionG: 1445 → <strong>1425</strong><br>(-20 por perder)</div><div class="chat">Puntaje de EdwardEllric 🐮: 1454 → <strong>1473</strong><br>(+19 por ganar)</div></div><div class="inner-preempt"></div></div></div>
</div>
<script>
let daily = Math.floor(Date.now()/1000/60/60/24);document.write('<script src="https://play.pokemonshowdown.com/js/replay-embed.js?version'+daily+'"></'+'script>');
</script>
