<!DOCTYPE html>
<meta charset="utf-8" />
<!-- version 1 -->
<title>OU replay: Reshindark vs. AdderJo</title>
<style>
html,body {font-family:Verdana, sans-serif;font-size:10pt;margin:0;padding:0;}body{padding:12px 0;} .battle-log {font-family:Verdana, sans-serif;font-size:10pt;} .battle-log-inline {border:1px solid #AAAAAA;background:#EEF2F5;color:black;max-width:640px;margin:0 auto 80px;padding-bottom:5px;} .battle-log .inner {padding:4px 8px 0px 8px;} .battle-log .inner-preempt {padding:0 8px 4px 8px;} .battle-log .inner-after {margin-top:0.5em;} .battle-log h2 {margin:0.5em -8px;padding:4px 8px;border:1px solid #AAAAAA;background:#E0E7EA;border-left:0;border-right:0;font-family:Verdana, sans-serif;font-size:13pt;} .battle-log .chat {vertical-align:middle;padding:3px 0 3px 0;font-size:8pt;} .battle-log .chat strong {color:#40576A;} .battle-log .chat em {padding:1px 4px 1px 3px;color:#000000;font-style:normal;} .chat.mine {background:rgba(0,0,0,0.05);margin-left:-8px;margin-right:-8px;padding-left:8px;padding-right:8px;} .spoiler {color:#BBBBBB;background:#BBBBBB;padding:0px 3px;} .spoiler:hover, .spoiler:active, .spoiler-shown {color:#000000;background:#E2E2E2;padding:0px 3px;} .spoiler a {color:#BBBBBB;} .spoiler:hover a, .spoiler:active a, .spoiler-shown a {color:#2288CC;} .chat code, .chat .spoiler:hover code, .chat .spoiler:active code, .chat .spoiler-shown code {border:1px solid #C0C0C0;background:#EEEEEE;color:black;padding:0 2px;} .chat .spoiler code {border:1px solid #CCCCCC;background:#CCCCCC;color:#CCCCCC;} .battle-log .rated {padding:3px 4px;} .battle-log .rated strong {color:white;background:#89A;padding:1px 4px;border-radius:4px;} .spacer {margin-top:0.5em;} .message-announce {background:#6688AA;color:white;padding:1px 4px 2px;} .message-announce a, .broadcast-green a, .broadcast-blue a, .broadcast-red a {color:#DDEEFF;} .broadcast-green {background-color:#559955;color:white;padding:2px 4px;} .broadcast-blue {background-color:#6688AA;color:white;padding:2px 4px;} .infobox {border:1px solid #6688AA;padding:2px 4px;} .infobox-limited {max-height:200px;overflow:auto;overflow-x:hidden;} .broadcast-red {background-color:#AA5544;color:white;padding:2px 4px;} .message-learn-canlearn {font-weight:bold;color:#228822;text-decoration:underline;} .message-learn-cannotlearn {font-weight:bold;color:#CC2222;text-decoration:underline;} .message-effect-weak {font-weight:bold;color:#CC2222;} .message-effect-resist {font-weight:bold;color:#6688AA;} .message-effect-immune {font-weight:bold;color:#666666;} .message-learn-list {margin-top:0;margin-bottom:0;} .message-throttle-notice, .message-error {color:#992222;} .message-overflow, .chat small.message-overflow {font-size:0pt;} .message-overflow::before {font-size:9pt;content:'...';} .subtle {color:#3A4A66;}
</style>
<div class="wrapper replay-wrapper" style="max-width:1180px;margin:0 auto">
<input type="hidden" name="replayid" value="destiny-ou-468661" />
<div class="battle"></div><div class="battle-log"></div><div class="replay-controls"></div><div class="replay-controls-2"></div>
<h1 style="font-weight:normal;text-align:center"><strong>OU</strong><br /><a href="http://pokemonshowdown.com/users/reshindark" class="subtle" target="_blank">Reshindark</a> vs. <a href="http://pokemonshowdown.com/users/adderjo" class="subtle" target="_blank">AdderJo</a></h1>
<script type="text/plain" class="battle-log-data">|player|p1|Reshindark|266
|teamsize|p1|6
|player|p2|AdderJo|1
|teamsize|p2|6
|teamsize|p1|6
|teamsize|p2|6
|gametype|singles
|gen|7
|tier|OU
|rated
|seed|22784,48808,35925,61200
|rule|Cláusula-Mod de Dormir: solo puedes dormir a uno de tus oponentes a la vez.
|rule|Cláusula de Especie: Hasta un Pokémon de cada especie
|rule|Cláusula de Golpe Fulminante: los movimientos fulminantes (OHKO) estan prohibidos
|rule|Cláusula de Veleta: la habilidad Veleta está prohibida
|rule|Cláusula de Movimientos Evasivos: los movimientos de Evasión están prohibidos.
|rule|Cláusula de Batallas Eternas: forzar batallas eternas está prohibido
|clearpoke
|poke|p1|Mienshao, F, shiny|item
|poke|p1|Leafeon, F, shiny|item
|poke|p1|Sableye, M|item
|poke|p1|Weavile, F|item
|poke|p1|Haxorus, M|item
|poke|p1|Ninetales, F|item
|poke|p2|Cresselia, F|item
|poke|p2|Whimsicott, M|item
|poke|p2|Stakataka|item
|poke|p2|Ampharos, M|item
|poke|p2|Marowak-Alola, F|item
|poke|p2|Wishiwashi, M|item
|teampreview|undefined
|choice|*|*team 213456
|choice|*team 321456|*
|choice|team 3, 2, 1, 4, 5, 6|team 2, 1, 3, 4, 5, 6
|
|start
|switch|p1a: Sableye|Sableye, M|273\/273
|switch|p2a: Whimsicott|Whimsicott, M|324\/324
|turn|1
|choice|*|*move 4
|choice|*switch 6|*
|choice|switch 6|move moonblast
|
|switch|p1a: Ninetales|Ninetales, F|312\/312
|-item|p1a: Ninetales|Air Balloon
|move|p2a: Whimsicott|Moonblast|p1a: Ninetales
|-resisted|p1a: Ninetales
|-damage|p1a: Ninetales|259\/312
|-enditem|p1a: Ninetales|Air Balloon
|
|upkeep
|turn|2
|choice|*|*move 1
|choice|*move 2|*
|choice|move heatwave|move trickroom
|
|move|p1a: Ninetales|Heat Wave|p2a: Whimsicott
|-supereffective|p2a: Whimsicott
|-damage|p2a: Whimsicott|82\/324
|move|p2a: Whimsicott|Trick Room|p2a: Whimsicott
|-fieldstart|move: Trick Room|[of] p2a: Whimsicott
|
|upkeep
|turn|3
|choice|*|*move 2
|choice|*move 2|*
|choice|move heatwave|move memento
|
|move|p2a: Whimsicott|Memento|p1a: Ninetales
|-unboost|p1a: Ninetales|atk|2
|-unboost|p1a: Ninetales|spa|2
|faint|p2a: Whimsicott
|move|p1a: Ninetales|Heat Wave|p2: Whimsicott|[notarget]
|-notarget
|
|upkeep
|choice|*|*switch 5
|choice||switch 5
|
|switch|p2a: Marowak|Marowak-Alola, F|323\/323
|turn|4
|choice|*|*move 1
|choice|*switch 5|*
|choice|switch 5|move swordsdance
|
|switch|p1a: Haxorus|Haxorus, M|315\/315
|-ability|p1a: Haxorus|Mold Breaker
|move|p2a: Marowak|Swords Dance|p2a: Marowak
|-boost|p2a: Marowak|atk|2
|
|upkeep
|turn|5
|choice|*|*move 3
|choice|*|*move 4
|choice|*move 4|*
|choice|move rockslide|move bonemerang
|
|move|p2a: Marowak|Bonemerang|p1a: Haxorus
|-damage|p1a: Haxorus|109\/315
|-damage|p1a: Haxorus|0 fnt
|-hitcount|p1a: Haxorus|2
|faint|p1a: Haxorus
|
|upkeep
|choice|*switch 6|*
|choice|switch 6|
|
|switch|p1a: Sableye|Sableye, M|273\/273
|turn|6
|choice|*move 3 mega|*
|choice|*|*move 2
|choice|move toxic mega|move flareblitz
|
|-mega|p1a: Sableye|Sableye|Sablenite
|detailschange|p1a: Sableye|Sableye-Mega, M
|move|p1a: Sableye|Toxic|p2a: Marowak
|-status|p2a: Marowak|tox
|move|p2a: Marowak|Flare Blitz|p1a: Sableye
|-damage|p1a: Sableye|0 fnt
|faint|p1a: Sableye
|
|-damage|p2a: Marowak|303\/323 tox|[from] psn
|-fieldend|move: Trick Room
|upkeep
|inactive|Reloj de batalla ENCENDIDO. El jugador inactivo será descalificado (solicitado por AdderJo).
|choice|*switch 3|*
|choice|switch 3|
|
|switch|p1a: Mienshao|Mienshao, F, shiny|289\/289
|turn|7
|choice|*|*move 3
|choice|*move 1|*
|choice|move rockslide|move shadowbone
|
|move|p1a: Mienshao|Rock Slide|p2a: Marowak
|-supereffective|p2a: Marowak
|-damage|p2a: Marowak|105\/323 tox
|-damage|p1a: Mienshao|261\/289|[from] item: Life Orb
|move|p2a: Marowak|Shadow Bone|p1a: Mienshao
|-damage|p1a: Mienshao|0 fnt
|faint|p1a: Mienshao
|
|-damage|p2a: Marowak|65\/323 tox|[from] psn
|upkeep
|inactive|Reshindark tiene 135 segundos restantes.
|choice|*switch 4|*
|choice|switch 4|
|
|switch|p1a: Weavile|Weavile, F|299\/299
|-ability|p1a: Weavile|Pressure
|turn|8
|choice|*|*move 2
|choice|*move 1|*
|choice|move nightslash|move flareblitz
|
|move|p1a: Weavile|Night Slash|p2a: Marowak
|-supereffective|p2a: Marowak
|-damage|p2a: Marowak|0 fnt
|faint|p2a: Marowak
|
|upkeep
|choice|*|*switch 2
|choice||switch 2
|
|switch|p2a: Cresselia|Cresselia, F|444\/444
|turn|9
|choice|*|*move 1
|choice|*move 1|*
|choice|move nightslash|move trickroom
|
|move|p1a: Weavile|Night Slash|p2a: Cresselia
|-supereffective|p2a: Cresselia
|-damage|p2a: Cresselia|250\/444
|move|p2a: Cresselia|Trick Room|p2a: Cresselia
|-fieldstart|move: Trick Room|[of] p2a: Cresselia
|
|-heal|p2a: Cresselia|277\/444|[from] item: Leftovers
|upkeep
|turn|10
|choice|*|*switch 3
|choice|*move 1|*
|choice|*|*move 3
|choice|move nightslash|move icebeam
|
|move|p2a: Cresselia|Ice Beam|p1a: Weavile
|-resisted|p1a: Weavile
|-damage|p1a: Weavile|270\/299
|move|p1a: Weavile|Night Slash|p2a: Cresselia
|-supereffective|p2a: Cresselia
|-damage|p2a: Cresselia|83\/444
|
|-heal|p2a: Cresselia|110\/444|[from] item: Leftovers
|upkeep
|turn|11
|choice|*move 1|*
|choice|*|*move 4
|choice|move nightslash|move toxic
|
|move|p2a: Cresselia|Toxic|p1a: Weavile
|-status|p1a: Weavile|tox
|move|p1a: Weavile|Night Slash|p2a: Cresselia
|-supereffective|p2a: Cresselia
|-crit|p2a: Cresselia
|-damage|p2a: Cresselia|0 fnt
|faint|p2a: Cresselia
|
|-damage|p1a: Weavile|252\/299 tox|[from] psn
|upkeep
|choice|*|*switch 3
|choice||switch 3
|
|switch|p2a: Stakataka|Stakataka|326\/326
|turn|12
|choice|*|*move 2 zmove
|choice|*switch 2|*
|choice|switch 2|move stoneedge zmove
|
|switch|p1a: Leafeon|Leafeon, F, shiny|296\/296
|-zpower|p2a: Stakataka
|move|p2a: Stakataka|Continental Crush|p1a: Leafeon|[zeffect]
|-damage|p1a: Leafeon|40\/296
|
|upkeep
|turn|13
|choice|*|*move 1
|choice|*move 4|*
|choice|move quickattack|move gyroball
|
|move|p1a: Leafeon|Quick Attack|p2a: Stakataka
|-resisted|p2a: Stakataka
|-damage|p2a: Stakataka|320\/326
|move|p2a: Stakataka|Gyro Ball|p1a: Leafeon
|-damage|p1a: Leafeon|0 fnt
|faint|p1a: Leafeon
|-ability|p2a: Stakataka|Beast Boost|boost
|-boost|p2a: Stakataka|atk|1
|
|-fieldend|move: Trick Room
|upkeep
|choice|*switch 2|*
|choice|switch 2|
|
|switch|p1a: Weavile|Weavile, F|252\/299 tox
|-ability|p1a: Weavile|Pressure
|turn|14
|choice|*|*move 3
|choice|*move 4|*
|choice|move brickbreak|move trickroom
|
|move|p1a: Weavile|Brick Break|p2a: Stakataka
|-supereffective|p2a: Stakataka
|-crit|p2a: Stakataka
|-damage|p2a: Stakataka|28\/326
|move|p2a: Stakataka|Trick Room|p2a: Stakataka
|-fieldstart|move: Trick Room|[of] p2a: Stakataka
|
|-damage|p1a: Weavile|234\/299 tox|[from] psn
|upkeep
|turn|15
|choice|*|*move 1
|choice|*move 4|*
|choice|move brickbreak|move gyroball
|
|move|p2a: Stakataka|Gyro Ball|p1a: Weavile
|-supereffective|p1a: Weavile
|-crit|p1a: Weavile
|-damage|p1a: Weavile|0 fnt
|faint|p1a: Weavile
|-ability|p2a: Stakataka|Beast Boost|boost
|-boost|p2a: Stakataka|atk|1
|
|upkeep
|choice|*switch 5|*
|choice|switch 5|
|
|switch|p1a: Ninetales|Ninetales, F|259\/312
|turn|16
|choice|*|*move 4
|choice|*move 2|*
|choice|move heatwave|move earthquake
|
|move|p2a: Stakataka|Earthquake|p1a: Ninetales
|-supereffective|p1a: Ninetales
|-crit|p1a: Ninetales
|-damage|p1a: Ninetales|0 fnt
|faint|p1a: Ninetales
|
|win|AdderJo
AdderJo ha ganado 8 PokeDolares.
|raw|Puntaje de Reshindark: 1127 &rarr; <strong>1117<\/strong><br \/>(-10 por perder)
|raw|Puntaje de AdderJo: 1284 &rarr; <strong>1298<\/strong><br \/>(+14 por ganar)
</script>
</div>
<div class="battle-log battle-log-inline"><div class="inner"><div class="battle-options"></div><div class="inner"><div class=""><small>Format:</small> <br><strong>OU</strong></div><div class="rated"><strong>Rated battle</strong></div><div class=""><small><em>Cláusula-Mod de Dormir:</em> solo puedes dormir a uno de tus oponentes a la vez.</small></div><div class=""><small><em>Cláusula de Especie:</em> Hasta un Pokémon de cada especie</small></div><div class=""><small><em>Cláusula de Golpe Fulminante:</em> los movimientos fulminantes (OHKO) estan prohibidos</small></div><div class=""><small><em>Cláusula de Veleta:</em> la habilidad Veleta está prohibida</small></div><div class=""><small><em>Cláusula de Movimientos Evasivos:</em> los movimientos de Evasión están prohibidos.</small></div><div class=""><small><em>Cláusula de Batallas Eternas:</em> forzar batallas eternas está prohibido</small></div><div class="chat battle-history"><strong>Reshindark's team:</strong> <em style="color:#445566;display:block;">Mienshao / Leafeon / Sableye / Weavile / Haxorus / Ninetales</em></div><div class="chat battle-history"><strong>AdderJo's team:</strong> <em style="color:#445566;display:block;">Cresselia / Whimsicott / Stakataka / Ampharos / Marowak-Alola / Wishiwashi</em></div><div class="spacer battle-history"><br></div><div class="battle-history">Battle started between Reshindark and AdderJo!<br></div><div class="spacer battle-history"><br></div><div class="battle-history">Go! <strong>Sableye</strong>!<br></div><div class="spacer battle-history"><br></div><div class="battle-history">AdderJo sent out <strong>Whimsicott</strong>!<br></div><div class="spacer battle-history"><br></div><h2 class="battle-history">Turn 1</h2><div class="spacer battle-history"><br></div><div class="battle-history">Sableye, come back!<br></div><div class="battle-history">Go! <strong>Ninetales</strong>!<br></div><div class="battle-history"><small>Ninetales floats in the air with its Air Balloon!</small><br></div><div class="spacer battle-history"><br></div><div class="battle-history">The opposing Whimsicott used <strong>Moonblast</strong>!<br></div><div class="battle-history"><small>It's not very effective...</small><br></div><div class="battle-history"><small>(Ninetales lost <abbr title="−53/312">17.0%</abbr> of its health!)</small><br></div><div class="battle-history"><small>Ninetales's Air Balloon popped!</small><br></div><div class="spacer battle-history"><br></div><h2 class="battle-history">Turn 2</h2><div class="spacer battle-history"><br></div><div class="battle-history">Ninetales used <strong>Heat Wave</strong>!<br></div><div class="battle-history"><small>It's super effective!</small><br></div><div class="battle-history"><small>(The opposing Whimsicott lost <abbr title="−242/324">74.7%</abbr> of its health!)</small><br></div><div class="spacer battle-history"><br></div><div class="battle-history">The opposing Whimsicott used <strong>Trick Room</strong>!<br></div><div class="battle-history"><small>The opposing Whimsicott twisted the dimensions!</small><br></div><div class="spacer battle-history"><br></div><h2 class="battle-history">Turn 3</h2><div class="spacer battle-history"><br></div><div class="battle-history">The opposing Whimsicott used <strong>Memento</strong>!<br></div><div class="battle-history"><small>Ninetales's Attack fell harshly!</small><br></div><div class="battle-history"><small>Ninetales's Special Attack fell harshly!</small><br></div><div class="spacer battle-history"><br></div><div class="battle-history">The opposing Whimsicott fainted!<br></div><div class="battle-history">Ninetales used <strong>Heat Wave</strong>!<br></div><div class="battle-history"><small>But there was no target...</small><br></div><div class="spacer battle-history"><br></div><div class="battle-history">AdderJo sent out Marowak (<strong>Marowak-Alola</strong>)!<br></div><div class="spacer battle-history"><br></div><h2 class="battle-history">Turn 4</h2><div class="spacer battle-history"><br></div><div class="battle-history">Ninetales, come back!<br></div><div class="battle-history">Go! <strong>Haxorus</strong>!<br></div><div class="battle-history"><small>[Haxorus's Mold Breaker]</small><br><small>Haxorus breaks the mold!</small><br></div><div class="spacer battle-history"><br></div><div class="battle-history">The opposing Marowak used <strong>Swords Dance</strong>!<br></div><div class="battle-history"><small>The opposing Marowak's Attack rose sharply!</small><br></div><div class="spacer battle-history"><br></div><h2 class="battle-history">Turn 5</h2><div class="spacer battle-history"><br></div><div class="battle-history">The opposing Marowak used <strong>Bonemerang</strong>!<br></div><div class="battle-history"><small>(Haxorus lost <abbr title="−206/315">65.4%</abbr> of its health!)</small><br></div><div class="battle-history"><small>(Haxorus lost <abbr title="−109/315">34.6%</abbr> of its health!)</small><br></div><div class="battle-history"><small>Hit 2 times!</small><br></div><div class="spacer battle-history"><br></div><div class="battle-history">Haxorus fainted!<br></div><div class="spacer battle-history"><br></div><div class="battle-history">Go! <strong>Sableye</strong>!<br></div><div class="spacer battle-history"><br></div><h2 class="battle-history">Turn 6</h2><div class="spacer battle-history"><br></div><div class="battle-history"><small>Sableye's Sablenite is reacting to the Key Stone!</small><br>Sableye has Mega Evolved into Mega Sableye!<br></div><div class="spacer battle-history"><br></div><div class="battle-history">Sableye used <strong>Toxic</strong>!<br></div><div class="battle-history"><small>The opposing Marowak was badly poisoned!</small><br></div><div class="spacer battle-history"><br></div><div class="battle-history">The opposing Marowak used <strong>Flare Blitz</strong>!<br></div><div class="battle-history"><small>(Sableye lost <abbr title="−273/273">100%</abbr> of its health!)</small><br></div><div class="spacer battle-history"><br></div><div class="battle-history">Sableye fainted!<br></div><div class="spacer battle-history"><br></div><div class="battle-history"><small>The opposing Marowak was hurt by poison!</small><br></div><div class="battle-history"><small>The twisted dimensions returned to normal!</small><br></div><div class="chat message-error">Reloj de batalla ENCENDIDO. El jugador inactivo será descalificado (solicitado por AdderJo).</div><div class="spacer battle-history"><br></div><div class="battle-history">Go! <strong>Mienshao</strong>!<br></div><div class="spacer battle-history"><br></div><h2 class="battle-history">Turn 7</h2><div class="spacer battle-history"><br></div><div class="battle-history">Mienshao used <strong>Rock Slide</strong>!<br></div><div class="battle-history"><small>It's super effective!</small><br></div><div class="battle-history"><small>(The opposing Marowak lost <abbr title="−198/323">61.3%</abbr> of its health!)</small><br></div><div class="battle-history"><small>Mienshao lost some of its HP!</small><br></div><div class="spacer battle-history"><br></div><div class="battle-history">The opposing Marowak used <strong>Shadow Bone</strong>!<br></div><div class="battle-history"><small>(Mienshao lost <abbr title="−261/289">90.3%</abbr> of its health!)</small><br></div><div class="spacer battle-history"><br></div><div class="battle-history">Mienshao fainted!<br></div><div class="spacer battle-history"><br></div><div class="battle-history"><small>The opposing Marowak was hurt by poison!</small><br></div><div class="chat message-error">Reshindark tiene 135 segundos restantes.</div><div class="spacer battle-history"><br></div><div class="battle-history">Go! <strong>Weavile</strong>!<br></div><div class="battle-history"><small>[Weavile's Pressure]</small><br><small>Weavile is exerting its pressure!</small><br></div><div class="spacer battle-history"><br></div><h2 class="battle-history">Turn 8</h2><div class="spacer battle-history"><br></div><div class="battle-history">Weavile used <strong>Night Slash</strong>!<br></div><div class="battle-history"><small>It's super effective!</small><br></div><div class="battle-history"><small>(The opposing Marowak lost <abbr title="−65/323">20.1%</abbr> of its health!)</small><br></div><div class="spacer battle-history"><br></div><div class="battle-history">The opposing Marowak fainted!<br></div><div class="spacer battle-history"><br></div><div class="battle-history">AdderJo sent out <strong>Cresselia</strong>!<br></div><div class="spacer battle-history"><br></div><h2 class="battle-history">Turn 9</h2><div class="spacer battle-history"><br></div><div class="battle-history">Weavile used <strong>Night Slash</strong>!<br></div><div class="battle-history"><small>It's super effective!</small><br></div><div class="battle-history"><small>(The opposing Cresselia lost <abbr title="−194/444">43.7%</abbr> of its health!)</small><br></div><div class="spacer battle-history"><br></div><div class="battle-history">The opposing Cresselia used <strong>Trick Room</strong>!<br></div><div class="battle-history"><small>The opposing Cresselia twisted the dimensions!</small><br></div><div class="spacer battle-history"><br></div><div class="battle-history"><small>The opposing Cresselia restored a little HP using its Leftovers!</small><br></div><div class="spacer battle-history"><br></div><h2 class="battle-history">Turn 10</h2><div class="spacer battle-history"><br></div><div class="battle-history">The opposing Cresselia used <strong>Ice Beam</strong>!<br></div><div class="battle-history"><small>It's not very effective...</small><br></div><div class="battle-history"><small>(Weavile lost <abbr title="−29/299">9.7%</abbr> of its health!)</small><br></div><div class="spacer battle-history"><br></div><div class="battle-history">Weavile used <strong>Night Slash</strong>!<br></div><div class="battle-history"><small>It's super effective!</small><br></div><div class="battle-history"><small>(The opposing Cresselia lost <abbr title="−194/444">43.7%</abbr> of its health!)</small><br></div><div class="spacer battle-history"><br></div><div class="battle-history"><small>The opposing Cresselia restored a little HP using its Leftovers!</small><br></div><div class="spacer battle-history"><br></div><h2 class="battle-history">Turn 11</h2><div class="spacer battle-history"><br></div><div class="battle-history">The opposing Cresselia used <strong>Toxic</strong>!<br></div><div class="battle-history"><small>Weavile was badly poisoned!</small><br></div><div class="spacer battle-history"><br></div><div class="battle-history">Weavile used <strong>Night Slash</strong>!<br></div><div class="battle-history"><small>It's super effective!</small><br></div><div class="battle-history"><small>A critical hit!</small><br></div><div class="battle-history"><small>(The opposing Cresselia lost <abbr title="−110/444">24.8%</abbr> of its health!)</small><br></div><div class="spacer battle-history"><br></div><div class="battle-history">The opposing Cresselia fainted!<br></div><div class="spacer battle-history"><br></div><div class="battle-history"><small>Weavile was hurt by poison!</small><br></div><div class="spacer battle-history"><br></div><div class="battle-history">AdderJo sent out <strong>Stakataka</strong>!<br></div><div class="spacer battle-history"><br></div><h2 class="battle-history">Turn 12</h2><div class="spacer battle-history"><br></div><div class="battle-history">Weavile, come back!<br></div><div class="battle-history">Go! <strong>Leafeon</strong>!<br></div><div class="battle-history"><small>The opposing Stakataka surrounded itself with its Z-Power!</small><br></div><div class="spacer battle-history"><br></div><div class="battle-history">The opposing Stakataka used <strong>Continental Crush</strong>!<br></div><div class="battle-history"><small>(Leafeon lost <abbr title="−256/296">86.5%</abbr> of its health!)</small><br></div><div class="spacer battle-history"><br></div><h2 class="battle-history">Turn 13</h2><div class="spacer battle-history"><br></div><div class="battle-history">Leafeon used <strong>Quick Attack</strong>!<br></div><div class="battle-history"><small>It's not very effective...</small><br></div><div class="battle-history"><small>(The opposing Stakataka lost <abbr title="−6/326">1.8%</abbr> of its health!)</small><br></div><div class="spacer battle-history"><br></div><div class="battle-history">The opposing Stakataka used <strong>Gyro Ball</strong>!<br></div><div class="battle-history"><small>(Leafeon lost <abbr title="−40/296">13.5%</abbr> of its health!)</small><br></div><div class="spacer battle-history"><br></div><div class="battle-history">Leafeon fainted!<br></div><div class="battle-history"><small>[The opposing Stakataka's Beast Boost]</small><br></div><div class="battle-history"><small>The opposing Stakataka's Attack rose!</small><br></div><div class="spacer battle-history"><br></div><div class="battle-history"><small>The twisted dimensions returned to normal!</small><br></div><div class="spacer battle-history"><br></div><div class="battle-history">Go! <strong>Weavile</strong>!<br></div><div class="battle-history"><small>[Weavile's Pressure]</small><br><small>Weavile is exerting its pressure!</small><br></div><div class="spacer battle-history"><br></div><h2 class="battle-history">Turn 14</h2><div class="spacer battle-history"><br></div><div class="battle-history">Weavile used <strong>Brick Break</strong>!<br></div><div class="battle-history"><small>It's super effective!</small><br></div><div class="battle-history"><small>A critical hit!</small><br></div><div class="battle-history"><small>(The opposing Stakataka lost <abbr title="−292/326">89.6%</abbr> of its health!)</small><br></div><div class="spacer battle-history"><br></div><div class="battle-history">The opposing Stakataka used <strong>Trick Room</strong>!<br></div><div class="battle-history"><small>The opposing Stakataka twisted the dimensions!</small><br></div><div class="spacer battle-history"><br></div><div class="battle-history"><small>Weavile was hurt by poison!</small><br></div><div class="spacer battle-history"><br></div><h2 class="battle-history">Turn 15</h2><div class="spacer battle-history"><br></div><div class="battle-history">The opposing Stakataka used <strong>Gyro Ball</strong>!<br></div><div class="battle-history"><small>It's super effective!</small><br></div><div class="battle-history"><small>A critical hit!</small><br></div><div class="battle-history"><small>(Weavile lost <abbr title="−234/299">78.3%</abbr> of its health!)</small><br></div><div class="spacer battle-history"><br></div><div class="battle-history">Weavile fainted!<br></div><div class="battle-history"><small>[The opposing Stakataka's Beast Boost]</small><br></div><div class="battle-history"><small>The opposing Stakataka's Attack rose!</small><br></div><div class="spacer battle-history"><br></div><div class="battle-history">Go! <strong>Ninetales</strong>!<br></div><div class="spacer battle-history"><br></div><h2 class="battle-history">Turn 16</h2><div class="spacer battle-history"><br></div><div class="battle-history">The opposing Stakataka used <strong>Earthquake</strong>!<br></div><div class="battle-history"><small>It's super effective!</small><br></div><div class="battle-history"><small>A critical hit!</small><br></div><div class="battle-history"><small>(Ninetales lost <abbr title="−259/312">83.0%</abbr> of its health!)</small><br></div><div class="spacer battle-history"><br></div><div class="battle-history">Ninetales fainted!<br></div><div class="spacer battle-history"><br></div><div class="battle-history"><strong>AdderJo</strong> won the battle!<br></div><div class="chat">AdderJo ha ganado 8 PokeDolares.</div><div class="chat">Puntaje de Reshindark: 1127 → <strong>1117</strong><br>(-10 por perder)</div><div class="chat">Puntaje de AdderJo: 1284 → <strong>1298</strong><br>(+14 por ganar)</div></div><div class="inner-preempt"></div></div></div>
</div>
<script>
let daily = Math.floor(Date.now()/1000/60/60/24);document.write('<script src="https://play.pokemonshowdown.com/js/replay-embed.js?version'+daily+'"></'+'script>');
</script>
