<!DOCTYPE html>
<meta charset="utf-8" />
<!-- version 1 -->
<title>OU replay: jeidel vs. Pepinoxo</title>
<style>
html,body {font-family:Verdana, sans-serif;font-size:10pt;margin:0;padding:0;}body{padding:12px 0;} .battle-log {font-family:Verdana, sans-serif;font-size:10pt;} .battle-log-inline {border:1px solid #AAAAAA;background:#EEF2F5;color:black;max-width:640px;margin:0 auto 80px;padding-bottom:5px;} .battle-log .inner {padding:4px 8px 0px 8px;} .battle-log .inner-preempt {padding:0 8px 4px 8px;} .battle-log .inner-after {margin-top:0.5em;} .battle-log h2 {margin:0.5em -8px;padding:4px 8px;border:1px solid #AAAAAA;background:#E0E7EA;border-left:0;border-right:0;font-family:Verdana, sans-serif;font-size:13pt;} .battle-log .chat {vertical-align:middle;padding:3px 0 3px 0;font-size:8pt;} .battle-log .chat strong {color:#40576A;} .battle-log .chat em {padding:1px 4px 1px 3px;color:#000000;font-style:normal;} .chat.mine {background:rgba(0,0,0,0.05);margin-left:-8px;margin-right:-8px;padding-left:8px;padding-right:8px;} .spoiler {color:#BBBBBB;background:#BBBBBB;padding:0px 3px;} .spoiler:hover, .spoiler:active, .spoiler-shown {color:#000000;background:#E2E2E2;padding:0px 3px;} .spoiler a {color:#BBBBBB;} .spoiler:hover a, .spoiler:active a, .spoiler-shown a {color:#2288CC;} .chat code, .chat .spoiler:hover code, .chat .spoiler:active code, .chat .spoiler-shown code {border:1px solid #C0C0C0;background:#EEEEEE;color:black;padding:0 2px;} .chat .spoiler code {border:1px solid #CCCCCC;background:#CCCCCC;color:#CCCCCC;} .battle-log .rated {padding:3px 4px;} .battle-log .rated strong {color:white;background:#89A;padding:1px 4px;border-radius:4px;} .spacer {margin-top:0.5em;} .message-announce {background:#6688AA;color:white;padding:1px 4px 2px;} .message-announce a, .broadcast-green a, .broadcast-blue a, .broadcast-red a {color:#DDEEFF;} .broadcast-green {background-color:#559955;color:white;padding:2px 4px;} .broadcast-blue {background-color:#6688AA;color:white;padding:2px 4px;} .infobox {border:1px solid #6688AA;padding:2px 4px;} .infobox-limited {max-height:200px;overflow:auto;overflow-x:hidden;} .broadcast-red {background-color:#AA5544;color:white;padding:2px 4px;} .message-learn-canlearn {font-weight:bold;color:#228822;text-decoration:underline;} .message-learn-cannotlearn {font-weight:bold;color:#CC2222;text-decoration:underline;} .message-effect-weak {font-weight:bold;color:#CC2222;} .message-effect-resist {font-weight:bold;color:#6688AA;} .message-effect-immune {font-weight:bold;color:#666666;} .message-learn-list {margin-top:0;margin-bottom:0;} .message-throttle-notice, .message-error {color:#992222;} .message-overflow, .chat small.message-overflow {font-size:0pt;} .message-overflow::before {font-size:9pt;content:'...';} .subtle {color:#3A4A66;}
</style>
<div class="wrapper replay-wrapper" style="max-width:1180px;margin:0 auto">
<input type="hidden" name="replayid" value="destiny-ou-477684" />
<div class="battle"></div><div class="battle-log"></div><div class="replay-controls"></div><div class="replay-controls-2"></div>
<h1 style="font-weight:normal;text-align:center"><strong>OU</strong><br /><a href="http://pokemonshowdown.com/users/jeidel" class="subtle" target="_blank">jeidel</a> vs. <a href="http://pokemonshowdown.com/users/pepinoxo" class="subtle" target="_blank">Pepinoxo</a></h1>
<script type="text/plain" class="battle-log-data">|player|p1|jeidel|https...imgur.com.a.ioujz?d072c3b2
|teamsize|p1|6
|player|p2|Pepinoxo|pepinoxo.gif?f78def04
|teamsize|p2|6
|teamsize|p1|6
|teamsize|p2|6
|gametype|singles
|gen|7
|tier|OU
|seed|39577,59286,50368,7641
|rule|Cláusula-Mod de Dormir: solo puedes dormir a uno de tus oponentes a la vez.
|rule|Cláusula de Especie: Hasta un Pokémon de cada especie
|rule|Cláusula de Golpe Fulminante: los movimientos fulminantes (OHKO) estan prohibidos
|rule|Cláusula de Veleta: la habilidad Veleta está prohibida
|rule|Cláusula de Movimientos Evasivos: los movimientos de Evasión están prohibidos.
|rule|Cláusula de Batallas Eternas: forzar batallas eternas está prohibido
|clearpoke
|poke|p1|Blissey, F|item
|poke|p1|Muk-Alola, M|item
|poke|p1|Steelix, F|item
|poke|p1|Skarmory, F|item
|poke|p1|Buzzwole|item
|poke|p1|Slowbro, F|item
|poke|p2|Blacephalon|item
|poke|p2|Kartana|item
|poke|p2|Tapu Bulu|item
|poke|p2|Magearna|item
|poke|p2|Nihilego|item
|poke|p2|Celesteela|item
|teampreview|undefined
|c|☆Pepinoxo|nmms
|c|☆jeidel|ez
|c|☆Pepinoxo|ese Tim cagado que te pasaron que
|c|☆Pepinoxo|pensé que habías buildeado
|choice|*team 321456|*
|c|☆Pepinoxo|pero no sabes ya recordé
|c|☆Pepinoxo|sea
|c|☆Pepinoxo|awa*
|choice|*|*team 321456
|choice|team 3, 2, 1, 4, 5, 6|team 3, 2, 1, 4, 5, 6
|
|start
|switch|p1a: Steelix|Steelix, F|354\/354
|switch|p2a: Tapu Bulu|Tapu Bulu|344\/344
|-fieldstart|move: Grassy Terrain|[from] ability: Grassy Surge|[of] p2a: Tapu Bulu
|turn|1
|choice|*|*switch 2
|choice|*|*switch 3
|choice|*move 3 mega|*
|choice|move stealthrock mega|switch 3
|
|switch|p2a: Blacephalon|Blacephalon|306\/306
|-mega|p1a: Steelix|Steelix|Steelixite
|detailschange|p1a: Steelix|Steelix-Mega, F
|move|p1a: Steelix|Stealth Rock|p2a: Blacephalon
|-sidestart|p2: Pepinoxo|move: Stealth Rock
|
|upkeep
|turn|2
|choice|*|*move 2
|choice|*|*switch 6
|choice|*move 4|*
|choice|move roar|switch 6
|
|switch|p2a: Celesteela|Celesteela|398\/398
|-damage|p2a: Celesteela|349\/398|[from] Stealth Rock
|move|p1a: Steelix|Roar|p2a: Celesteela
|drag|p2a: Tapu Bulu|Tapu Bulu|344\/344
|-damage|p2a: Tapu Bulu|301\/344|[from] Stealth Rock
|
|-heal|p2a: Tapu Bulu|322\/344|[from] Grassy Terrain
|upkeep
|turn|3
|c|☆Pepinoxo|k
|c|☆Pepinoxo|qué haces mank
|c|☆jeidel|de q
|c|☆Pepinoxo|te iba a matar a stelix
|c|☆jeidel|q haces tu
|c|☆jeidel|mmg
|c|☆Pepinoxo|aquí el Swich era a mil
|c|☆jeidel| se nota
|c|☆Pepinoxo|mank
|c|☆jeidel|que no usas a mega steelix
|choice|*|*move 1
|c|☆jeidel|mmgvo
|choice|*move 4|*
|choice|move roar|move leechseed
|
|move|p2a: Tapu Bulu|Leech Seed|p1a: Steelix
|-start|p1a: Steelix|move: Leech Seed
|move|p1a: Steelix|Roar|p2a: Tapu Bulu
|drag|p2a: Celesteela|Celesteela|349\/398
|-damage|p2a: Celesteela|300\/398|[from] Stealth Rock
|
|-heal|p2a: Celesteela|324\/398|[from] item: Leftovers
|-damage|p1a: Steelix|310\/354|[from] Leech Seed|[of] p2a: Celesteela
|-heal|p2a: Celesteela|368\/398|[silent]
|upkeep
|turn|4
|c|☆Pepinoxo|tú crees que un blace gafas
|c|☆Pepinoxo|no lo mata? genio
|choice|*|*move 1
|choice|*switch 6|*
|choice|switch 6|move leechseed
|
|switch|p1a: Slowbro|Slowbro, F|394\/394
|move|p2a: Celesteela|Leech Seed|p1a: Slowbro
|-start|p1a: Slowbro|move: Leech Seed
|
|-heal|p2a: Celesteela|392\/398|[from] item: Leftovers
|-damage|p1a: Slowbro|345\/394|[from] Leech Seed|[of] p2a: Celesteela
|-heal|p2a: Celesteela|398\/398|[silent]
|upkeep
|turn|5
|choice|*|*move 4
|choice|*move 2|*
|choice|move scald|move protect
|
|move|p2a: Celesteela|Protect|p2a: Celesteela
|-singleturn|p2a: Celesteela|Protect
|move|p1a: Slowbro|Scald|p2a: Celesteela
|-activate|p2a: Celesteela|move: Protect
|
|-heal|p1a: Slowbro|369\/394|[from] item: Leftovers
|-heal|p1a: Slowbro|393\/394|[from] Grassy Terrain
|-damage|p1a: Slowbro|344\/394|[from] Leech Seed|[of] p2a: Celesteela
|upkeep
|turn|6
|choice|*move 2|*
|choice|*|*switch 3
|choice|move scald|switch 3
|
|switch|p2a: Tapu Bulu|Tapu Bulu|322\/344
|-damage|p2a: Tapu Bulu|279\/344|[from] Stealth Rock
|move|p1a: Slowbro|Scald|p2a: Tapu Bulu
|-resisted|p2a: Tapu Bulu
|-damage|p2a: Tapu Bulu|234\/344
|
|-heal|p2a: Tapu Bulu|255\/344|[from] Grassy Terrain
|-heal|p1a: Slowbro|368\/394|[from] item: Leftovers
|-heal|p1a: Slowbro|392\/394|[from] Grassy Terrain
|-damage|p1a: Slowbro|343\/394|[from] Leech Seed|[of] p2a: Tapu Bulu
|-heal|p2a: Tapu Bulu|304\/344|[silent]
|upkeep
|turn|7
|choice|*|*switch 4
|choice|*switch 5|*
|choice|switch 5|switch 4
|
|switch|p2a: Magearna|Magearna|302\/302
|-damage|p2a: Magearna|284\/302|[from] Stealth Rock
|switch|p1a: Buzzwole|Buzzwole|418\/418
|
|-heal|p2a: Magearna|302\/302|[from] Grassy Terrain
|upkeep
|turn|8
|choice|*|*move 2
|choice|*switch 3|*
|choice|switch 3|move shiftgear
|
|switch|p1a: Blissey|Blissey, F|714\/714
|move|p2a: Magearna|Shift Gear|p2a: Magearna
|-boost|p2a: Magearna|spe|2
|-boost|p2a: Magearna|atk|1
|
|-fieldend|move: Grassy Terrain
|upkeep
|turn|9
|choice|*|*move 1
|choice|*move 2|*
|choice|*|*switch 4
|choice|move wish|switch 4
|
|switch|p2a: Tapu Bulu|Tapu Bulu|304\/344
|-damage|p2a: Tapu Bulu|261\/344|[from] Stealth Rock
|-fieldstart|move: Grassy Terrain|[from] ability: Grassy Surge|[of] p2a: Tapu Bulu
|move|p1a: Blissey|Wish|p1a: Blissey
|
|-heal|p2a: Tapu Bulu|282\/344|[from] Grassy Terrain
|upkeep
|turn|10
|choice|*|*move 1
|c|☆jeidel|un momkento
|choice|*|*move 2
|choice|*switch 3|*
|choice|switch 3|move substitute
|
|switch|p1a: Buzzwole|Buzzwole|418\/418
|move|p2a: Tapu Bulu|Substitute|p2a: Tapu Bulu
|-start|p2a: Tapu Bulu|Substitute
|-damage|p2a: Tapu Bulu|196\/344
|
|-heal|p2a: Tapu Bulu|217\/344|[from] Grassy Terrain
|upkeep
|turn|11
|choice|*|*move 1
|choice|*move 3|*
|choice|move icepunch|move leechseed
|
|move|p2a: Tapu Bulu|Leech Seed|p1a: Buzzwole
|-start|p1a: Buzzwole|move: Leech Seed
|move|p1a: Buzzwole|Ice Punch|p2a: Tapu Bulu
|-supereffective|p2a: Tapu Bulu
|-end|p2a: Tapu Bulu|Substitute
|
|-heal|p2a: Tapu Bulu|238\/344|[from] Grassy Terrain
|-damage|p1a: Buzzwole|366\/418|[from] Leech Seed|[of] p2a: Tapu Bulu
|-heal|p2a: Tapu Bulu|290\/344|[silent]
|upkeep
|turn|12
|choice|*move 3|*
|choice|*|*move 4
|choice|move icepunch|move hornleech
|
|move|p2a: Tapu Bulu|Horn Leech|p1a: Buzzwole
|-resisted|p1a: Buzzwole
|-damage|p1a: Buzzwole|318\/418
|-heal|p2a: Tapu Bulu|314\/344|[from] drain|[of] p1a: Buzzwole
|-damage|p2a: Tapu Bulu|257\/344|[from] item: Rocky Helmet|[of] p1a: Buzzwole
|move|p1a: Buzzwole|Ice Punch|p2a: Tapu Bulu
|-supereffective|p2a: Tapu Bulu
|-damage|p2a: Tapu Bulu|133\/344
|
|-heal|p1a: Buzzwole|344\/418|[from] Grassy Terrain
|-heal|p2a: Tapu Bulu|154\/344|[from] Grassy Terrain
|-damage|p1a: Buzzwole|292\/418|[from] Leech Seed|[of] p2a: Tapu Bulu
|-heal|p2a: Tapu Bulu|206\/344|[silent]
|upkeep
|turn|13
|choice|*|*switch 2
|choice|*move 4|*
|choice|move roost|switch 2
|
|switch|p2a: Kartana|Kartana|322\/322
|-damage|p2a: Kartana|302\/322|[from] Stealth Rock
|move|p1a: Buzzwole|Roost|p1a: Buzzwole
|-heal|p1a: Buzzwole|418\/418
|
|-heal|p2a: Kartana|322\/322|[from] Grassy Terrain
|-damage|p1a: Buzzwole|366\/418|[from] Leech Seed|[of] p2a: Kartana
|upkeep
|turn|14
|choice|*|*move 1
|choice|*switch 4|*
|choice|switch 4|move swordsdance
|
|switch|p1a: Skarmory|Skarmory, F|334\/334
|move|p2a: Kartana|Swords Dance|p2a: Kartana
|-boost|p2a: Kartana|atk|2
|
|upkeep
|turn|15
|choice|*|*move 3
|choice|*move 1|*
|choice|move counter|move knockoff
|
|move|p2a: Kartana|Knock Off|p1a: Skarmory
|-damage|p1a: Skarmory|215\/334
|-damage|p2a: Kartana|269\/322|[from] item: Rocky Helmet|[of] p1a: Skarmory
|-enditem|p1a: Skarmory|Rocky Helmet|[from] move: Knock Off|[of] p2a: Kartana
|move|p1a: Skarmory|Counter|p2a: Kartana
|-damage|p2a: Kartana|31\/322
|
|-heal|p2a: Kartana|51\/322|[from] Grassy Terrain
|upkeep
|turn|16
|choice|*|*move 1
|choice|*switch 4|*
|choice|switch 4|move swordsdance
|
|switch|p1a: Buzzwole|Buzzwole|366\/418
|move|p2a: Kartana|Swords Dance|p2a: Kartana
|-boost|p2a: Kartana|atk|2
|
|-heal|p2a: Kartana|71\/322|[from] Grassy Terrain
|-heal|p1a: Buzzwole|392\/418|[from] Grassy Terrain
|-fieldend|move: Grassy Terrain
|upkeep
|turn|17
|choice|*|*move 4 zmove
|choice|*move 4|*
|choice|move roost|move sacredsword zmove
|
|-zpower|p2a: Kartana
|move|p2a: Kartana|All-Out Pummeling|p1a: Buzzwole|[zeffect]
|-resisted|p1a: Buzzwole
|-damage|p1a: Buzzwole|221\/418
|move|p1a: Buzzwole|Roost|p1a: Buzzwole
|-heal|p1a: Buzzwole|418\/418
|
|upkeep
|turn|18
|choice|*|*move 3
|c|☆Pepinoxo|0
|choice|*move 2|*
|choice|move drainpunch|move knockoff
|
|move|p2a: Kartana|Knock Off|p1a: Buzzwole
|-resisted|p1a: Buzzwole
|-damage|p1a: Buzzwole|315\/418
|-damage|p2a: Kartana|18\/322|[from] item: Rocky Helmet|[of] p1a: Buzzwole
|-enditem|p1a: Buzzwole|Rocky Helmet|[from] move: Knock Off|[of] p2a: Kartana
|move|p1a: Buzzwole|Drain Punch|p2a: Kartana
|-supereffective|p2a: Kartana
|-damage|p2a: Kartana|0 fnt
|-heal|p1a: Buzzwole|324\/418|[from] drain|[of] p2a: Kartana
|faint|p2a: Kartana
|-ability|p1a: Buzzwole|Beast Boost|boost
|-boost|p1a: Buzzwole|def|1
|
|upkeep
|choice|*|*switch 6
|choice||switch 6
|
|switch|p2a: Blacephalon|Blacephalon|306\/306
|-damage|p2a: Blacephalon|230\/306|[from] Stealth Rock
|turn|19
|choice|*|*move 4
|choice|*switch 2|*
|choice|switch 2|move fireblast
|
|switch|p1a: Muk|Muk-Alola, M|352\/352
|move|p2a: Blacephalon|Fire Blast|p1a: Muk
|-damage|p1a: Muk|256\/352
|-status|p1a: Muk|brn
|
|-damage|p1a: Muk|234\/352 brn|[from] brn
|upkeep
|turn|20
|choice|*|*switch 3
|c|☆jeidel|asqueroso
|c|☆jeidel|a.a
|choice|*move 3|*
|choice|move pursuit|switch 3
|
|-activate|p2a: Blacephalon|move: Pursuit
|move|p1a: Muk|Pursuit|p2a: Blacephalon|[from]Pursuit
|-supereffective|p2a: Blacephalon
|-damage|p2a: Blacephalon|17\/306
|switch|p2a: Celesteela|Celesteela|398\/398
|-damage|p2a: Celesteela|349\/398|[from] Stealth Rock
|
|-heal|p2a: Celesteela|373\/398|[from] item: Leftovers
|-damage|p1a: Muk|212\/352 brn|[from] brn
|upkeep
|turn|21
|c|☆Pepinoxo|re ez
|c|☆Pepinoxo|sed
|choice|*|*move 1
|choice|*move 1|*
|choice|move knockoff|move leechseed
|
|move|p2a: Celesteela|Leech Seed|p1a: Muk
|-start|p1a: Muk|move: Leech Seed
|move|p1a: Muk|Knock Off|p2a: Celesteela
|-damage|p2a: Celesteela|312\/398
|-enditem|p2a: Celesteela|Leftovers|[from] move: Knock Off|[of] p1a: Muk
|
|-damage|p1a: Muk|168\/352 brn|[from] Leech Seed|[of] p2a: Celesteela
|-heal|p2a: Celesteela|356\/398|[silent]
|-damage|p1a: Muk|146\/352 brn|[from] brn
|upkeep
|turn|22
|choice|*|*move 1
|choice|*switch 5|*
|choice|switch 5|move leechseed
|
|switch|p1a: Slowbro|Slowbro, F|394\/394
|move|p2a: Celesteela|Leech Seed|p1a: Slowbro|[miss]
|-miss|p2a: Celesteela|p1a: Slowbro
|
|upkeep
|turn|23
|choice|*|*move 1
|choice|*move 4|*
|choice|*|*switch 2
|choice|move futuresight|switch 2
|
|switch|p2a: Tapu Bulu|Tapu Bulu|206\/344
|-damage|p2a: Tapu Bulu|163\/344|[from] Stealth Rock
|-fieldstart|move: Grassy Terrain|[from] ability: Grassy Surge|[of] p2a: Tapu Bulu
|move|p1a: Slowbro|Future Sight|p2a: Tapu Bulu
|-start|p1a: Slowbro|move: Future Sight
|
|-heal|p2a: Tapu Bulu|184\/344|[from] Grassy Terrain
|upkeep
|turn|24
|choice|*|*switch 3
|choice|*|*move 1
|choice|*switch 4|*
|choice|switch 4|move leechseed
|
|switch|p1a: Skarmory|Skarmory, F|215\/334
|move|p2a: Tapu Bulu|Leech Seed|p1a: Skarmory
|-start|p1a: Skarmory|move: Leech Seed
|
|-heal|p2a: Tapu Bulu|205\/344|[from] Grassy Terrain
|-damage|p1a: Skarmory|174\/334|[from] Leech Seed|[of] p2a: Tapu Bulu
|-heal|p2a: Tapu Bulu|246\/344|[silent]
|upkeep
|turn|25
|choice|*|*switch 4
|choice|*move 2|*
|choice|move spikes|switch 4
|
|switch|p2a: Magearna|Magearna|302\/302
|-damage|p2a: Magearna|284\/302|[from] Stealth Rock
|move|p1a: Skarmory|Spikes|p2a: Magearna
|-sidestart|p2: Pepinoxo|Spikes
|
|-end|p2a: Magearna|move: Future Sight
|-resisted|p2a: Magearna
|-damage|p2a: Magearna|208\/302
|-heal|p2a: Magearna|226\/302|[from] Grassy Terrain
|-damage|p1a: Skarmory|133\/334|[from] Leech Seed|[of] p2a: Magearna
|-heal|p2a: Magearna|267\/302|[silent]
|upkeep
|turn|26
|choice|*switch 6|*
|choice|*|*move 1
|choice|switch 6|move calmmind
|
|switch|p1a: Steelix|Steelix-Mega, F|310\/354
|move|p2a: Magearna|Calm Mind|p2a: Magearna
|-boost|p2a: Magearna|spa|1
|-boost|p2a: Magearna|spd|1
|
|-heal|p2a: Magearna|285\/302|[from] Grassy Terrain
|-heal|p1a: Steelix|332\/354|[from] Grassy Terrain
|upkeep
|turn|27
|choice|*|*move 4
|choice|*move 2|*
|choice|move heavyslam|move icebeam
|
|move|p2a: Magearna|Ice Beam|p1a: Steelix
|-damage|p1a: Steelix|151\/354
|move|p1a: Steelix|Heavy Slam|p2a: Magearna
|-damage|p2a: Magearna|87\/302
|
|-heal|p2a: Magearna|105\/302|[from] Grassy Terrain
|-heal|p1a: Steelix|173\/354|[from] Grassy Terrain
|upkeep
|turn|28
|choice|*|*move 4
|choice|*switch 3|*
|choice|switch 3|move icebeam
|
|switch|p1a: Blissey|Blissey, F|714\/714
|move|p2a: Magearna|Ice Beam|p1a: Blissey
|-damage|p1a: Blissey|599\/714
|
|-heal|p2a: Magearna|123\/302|[from] Grassy Terrain
|-heal|p1a: Blissey|643\/714|[from] item: Leftovers
|-heal|p1a: Blissey|687\/714|[from] Grassy Terrain
|upkeep
|turn|29
|choice|*|*move 1
|choice|*move 1|*
|choice|move seismictoss|move calmmind
|
|move|p2a: Magearna|Calm Mind|p2a: Magearna
|-boost|p2a: Magearna|spa|1
|-boost|p2a: Magearna|spd|1
|move|p1a: Blissey|Seismic Toss|p2a: Magearna
|-damage|p2a: Magearna|23\/302
|-enditem|p2a: Magearna|Wiki Berry|[eat]
|-heal|p2a: Magearna|174\/302|[from] item: Wiki Berry
|
|-heal|p2a: Magearna|192\/302|[from] Grassy Terrain
|-heal|p1a: Blissey|714\/714|[from] item: Leftovers
|upkeep
|turn|30
|choice|*move 1|*
|choice|*|*move 4
|choice|move seismictoss|move icebeam
|
|move|p2a: Magearna|Ice Beam|p1a: Blissey
|-damage|p1a: Blissey|547\/714
|move|p1a: Blissey|Seismic Toss|p2a: Magearna
|-damage|p2a: Magearna|92\/302
|
|-heal|p2a: Magearna|110\/302|[from] Grassy Terrain
|-heal|p1a: Blissey|591\/714|[from] item: Leftovers
|-heal|p1a: Blissey|635\/714|[from] Grassy Terrain
|-fieldend|move: Grassy Terrain
|upkeep
|turn|31
|choice|*|*move 4
|choice|*move 1|*
|choice|move seismictoss|move icebeam
|
|move|p2a: Magearna|Ice Beam|p1a: Blissey
|-damage|p1a: Blissey|461\/714
|-status|p1a: Blissey|frz
|cant|p1a: Blissey|frz
|
|-heal|p1a: Blissey|505\/714 frz|[from] item: Leftovers
|upkeep
|turn|32
|choice|*|*move 1
|c|☆jeidel|asquerosa pepe
|choice|*switch 5|*
|choice|switch 5|move calmmind
|
|-curestatus|p1a: Blissey|frz|[from] ability: Natural Cure
|switch|p1a: Muk|Muk-Alola, M|146\/352 brn
|move|p2a: Magearna|Calm Mind|p2a: Magearna
|-boost|p2a: Magearna|spa|1
|-boost|p2a: Magearna|spd|1
|
|-damage|p1a: Muk|124\/352 brn|[from] brn
|upkeep
|turn|33
|choice|*move 4|*
|player|p2|
|player|p2|Pepinoxo|pepinoxo.gif?f78def04
|choice|*|*move 4
|choice|move shadowsneak|move icebeam
|
|move|p1a: Muk|Shadow Sneak|p2a: Magearna
|-damage|p2a: Magearna|91\/302
|move|p2a: Magearna|Ice Beam|p1a: Muk
|-damage|p1a: Muk|0 fnt
|faint|p1a: Muk
|-ability|p2a: Magearna|Soul-Heart|boost
|-boost|p2a: Magearna|spa|1
|
|upkeep
|c|☆Pepinoxo|re ez
|choice|*switch 5|*
|choice|switch 5|
|
|switch|p1a: Blissey|Blissey, F|505\/714
|turn|34
|choice|*|*move 4
|choice|*move 2|*
|choice|move wish|move icebeam
|
|move|p2a: Magearna|Ice Beam|p1a: Blissey
|-damage|p1a: Blissey|244\/714
|move|p1a: Blissey|Wish|p1a: Blissey
|
|-heal|p1a: Blissey|288\/714|[from] item: Leftovers
|upkeep
|turn|35
|choice|*move 1|*
|choice|*|*move 4
|choice|move seismictoss|move icebeam
|
|move|p2a: Magearna|Ice Beam|p1a: Blissey
|-damage|p1a: Blissey|32\/714
|move|p1a: Blissey|Seismic Toss|p2a: Magearna
|-damage|p2a: Magearna|0 fnt
|faint|p2a: Magearna
|
|-heal|p1a: Blissey|389\/714|[from] move: Wish|[wisher] Blissey
|-heal|p1a: Blissey|433\/714|[from] item: Leftovers
|upkeep
|choice|*|*switch 2
|choice||switch 2
|
|switch|p2a: Celesteela|Celesteela|356\/398
|-damage|p2a: Celesteela|307\/398|[from] Stealth Rock
|turn|36
|choice|*|*move 1
|choice|*switch 4|*
|choice|switch 4|move leechseed
|
|switch|p1a: Slowbro|Slowbro, F|394\/394
|move|p2a: Celesteela|Leech Seed|p1a: Slowbro
|-start|p1a: Slowbro|move: Leech Seed
|
|-damage|p1a: Slowbro|345\/394|[from] Leech Seed|[of] p2a: Celesteela
|-heal|p2a: Celesteela|356\/398|[silent]
|upkeep
|turn|37
|choice|*move 2|*
|c|☆Pepinoxo|lo malo aquí es que no tienes como matarme a celeetela y esto durará mil años
|choice|*|*switch 3
|choice|move scald|switch 3
|
|switch|p2a: Blacephalon|Blacephalon|17\/306
|-damage|p2a: Blacephalon|0 fnt|[from] Stealth Rock
|faint|p2a: Blacephalon
|move|p1a: Slowbro|Scald|p2: Blacephalon|[notarget]
|-notarget
|
|-heal|p1a: Slowbro|369\/394|[from] item: Leftovers
|upkeep
|choice|*|*switch 4
|choice||switch 4
|
|switch|p2a: Tapu Bulu|Tapu Bulu|246\/344
|-damage|p2a: Tapu Bulu|203\/344|[from] Spikes
|-damage|p2a: Tapu Bulu|160\/344|[from] Stealth Rock
|-fieldstart|move: Grassy Terrain|[from] ability: Grassy Surge|[of] p2a: Tapu Bulu
|turn|38
|choice|*|*move 1
|c|☆jeidel|claro que tengo lol
|c|☆jeidel|soy cm slowbro
|c|☆jeidel|mmgvo
|c|☆Pepinoxo|bueno así si :v
|choice|*switch 2|*
|choice|switch 2|move leechseed
|
|switch|p1a: Buzzwole|Buzzwole|324\/418
|move|p2a: Tapu Bulu|Leech Seed|p1a: Buzzwole
|-start|p1a: Buzzwole|move: Leech Seed
|
|-heal|p1a: Buzzwole|350\/418|[from] Grassy Terrain
|-heal|p2a: Tapu Bulu|181\/344|[from] Grassy Terrain
|-damage|p1a: Buzzwole|298\/418|[from] Leech Seed|[of] p2a: Tapu Bulu
|-heal|p2a: Tapu Bulu|233\/344|[silent]
|upkeep
|turn|39
|choice|*|*move 2
|choice|*move 3|*
|choice|move icepunch|move substitute
|
|move|p2a: Tapu Bulu|Substitute|p2a: Tapu Bulu
|-start|p2a: Tapu Bulu|Substitute
|-damage|p2a: Tapu Bulu|147\/344
|move|p1a: Buzzwole|Ice Punch|p2a: Tapu Bulu
|-supereffective|p2a: Tapu Bulu
|-end|p2a: Tapu Bulu|Substitute
|
|-heal|p2a: Tapu Bulu|168\/344|[from] Grassy Terrain
|-heal|p1a: Buzzwole|324\/418|[from] Grassy Terrain
|-damage|p1a: Buzzwole|272\/418|[from] Leech Seed|[of] p2a: Tapu Bulu
|-heal|p2a: Tapu Bulu|220\/344|[silent]
|upkeep
|turn|40
|choice|*|*switch 5
|choice|*move 3|*
|choice|move icepunch|switch 5
|
|switch|p2a: Nihilego|Nihilego|360\/360
|-damage|p2a: Nihilego|315\/360|[from] Spikes
|-damage|p2a: Nihilego|270\/360|[from] Stealth Rock
|move|p1a: Buzzwole|Ice Punch|p2a: Nihilego
|-damage|p2a: Nihilego|124\/360
|
|-heal|p2a: Nihilego|146\/360|[from] Grassy Terrain
|-heal|p1a: Buzzwole|298\/418|[from] Grassy Terrain
|-damage|p1a: Buzzwole|246\/418|[from] Leech Seed|[of] p2a: Nihilego
|-heal|p2a: Nihilego|198\/360|[silent]
|upkeep
|turn|41
|choice|*|*move 3
|choice|*switch 4|*
|choice|switch 4|move sludgewave
|
|switch|p1a: Blissey|Blissey, F|433\/714
|move|p2a: Nihilego|Sludge Wave|p1a: Blissey
|-damage|p1a: Blissey|295\/714
|
|-heal|p2a: Nihilego|220\/360|[from] Grassy Terrain
|-heal|p1a: Blissey|339\/714|[from] item: Leftovers
|-heal|p1a: Blissey|383\/714|[from] Grassy Terrain
|upkeep
|turn|42
|choice|*|*move 3
|choice|*move 2|*
|choice|move wish|move sludgewave
|
|move|p2a: Nihilego|Sludge Wave|p1a: Blissey
|-damage|p1a: Blissey|260\/714
|move|p1a: Blissey|Wish|p1a: Blissey
|
|-heal|p2a: Nihilego|242\/360|[from] Grassy Terrain
|-heal|p1a: Blissey|304\/714|[from] item: Leftovers
|-heal|p1a: Blissey|348\/714|[from] Grassy Terrain
|upkeep
|turn|43
|c|☆Pepinoxo|gg we
|choice|*move 1|*
|c|☆Pepinoxo|ya no tengo como bajar eso
|choice|*|*move 3
|choice|move seismictoss|move sludgewave
|
|move|p2a: Nihilego|Sludge Wave|p1a: Blissey
|-damage|p1a: Blissey|210\/714
|move|p1a: Blissey|Seismic Toss|p2a: Nihilego
|-damage|p2a: Nihilego|142\/360
|
|-heal|p1a: Blissey|567\/714|[from] move: Wish|[wisher] Blissey
|-heal|p2a: Nihilego|164\/360|[from] Grassy Terrain
|-heal|p1a: Blissey|611\/714|[from] item: Leftovers
|-heal|p1a: Blissey|655\/714|[from] Grassy Terrain
|upkeep
|turn|44
|c|☆jeidel|gg
|-message|Pepinoxo se rindió.
|
|win|jeidel
</script>
</div>
<div class="battle-log battle-log-inline"><div class="inner"><div class="battle-options"></div><div class="inner"><div class=""><small>Format:</small> <br><strong>OU</strong></div><div class=""><small><em>Cláusula-Mod de Dormir:</em> solo puedes dormir a uno de tus oponentes a la vez.</small></div><div class=""><small><em>Cláusula de Especie:</em> Hasta un Pokémon de cada especie</small></div><div class=""><small><em>Cláusula de Golpe Fulminante:</em> los movimientos fulminantes (OHKO) estan prohibidos</small></div><div class=""><small><em>Cláusula de Veleta:</em> la habilidad Veleta está prohibida</small></div><div class=""><small><em>Cláusula de Movimientos Evasivos:</em> los movimientos de Evasión están prohibidos.</small></div><div class=""><small><em>Cláusula de Batallas Eternas:</em> forzar batallas eternas está prohibido</small></div><div class="chat battle-history"><strong>jeidel's team:</strong> <em style="color:#445566;display:block;">Blissey / Muk-Alola / Steelix / Skarmory / Buzzwole / Slowbro</em></div><div class="chat battle-history"><strong>Pepinoxo's team:</strong> <em style="color:#445566;display:block;">Blacephalon / Kartana / Tapu Bulu / Magearna / Nihilego / Celesteela</em></div><div class="chat chatmessage-pepinoxo"><strong style="color:hsl(47,57%,34%)"><small>☆</small><span class="username" data-name="Pepinoxo">Pepinoxo</span>:</strong> <em>nmms</em></div><div class="chat chatmessage-jeidel"><strong style="color:hsl(39,46%,45%)"><small>☆</small><span class="username" data-name="jeidel">jeidel</span>:</strong> <em>ez</em></div><div class="chat chatmessage-pepinoxo"><strong style="color:hsl(47,57%,34%)"><small>☆</small><span class="username" data-name="Pepinoxo">Pepinoxo</span>:</strong> <em>ese Tim cagado que te pasaron que</em></div><div class="chat chatmessage-pepinoxo"><strong style="color:hsl(47,57%,34%)"><small>☆</small><span class="username" data-name="Pepinoxo">Pepinoxo</span>:</strong> <em>pensé que habías buildeado</em></div><div class="chat chatmessage-pepinoxo"><strong style="color:hsl(47,57%,34%)"><small>☆</small><span class="username" data-name="Pepinoxo">Pepinoxo</span>:</strong> <em>pero no sabes ya recordé</em></div><div class="chat chatmessage-pepinoxo"><strong style="color:hsl(47,57%,34%)"><small>☆</small><span class="username" data-name="Pepinoxo">Pepinoxo</span>:</strong> <em>sea</em></div><div class="chat chatmessage-pepinoxo"><strong style="color:hsl(47,57%,34%)"><small>☆</small><span class="username" data-name="Pepinoxo">Pepinoxo</span>:</strong> <em>awa*</em></div><div class="spacer battle-history"><br></div><div class="battle-history">Battle started between jeidel and Pepinoxo!<br></div><div class="spacer battle-history"><br></div><div class="battle-history">Go! <strong>Steelix</strong>!<br></div><div class="spacer battle-history"><br></div><div class="battle-history">Pepinoxo sent out <strong>Tapu Bulu</strong>!<br></div><div class="battle-history"><small>[The opposing Tapu Bulu's Grassy Surge]</small><br><small>Grass grew to cover the battlefield!</small><br></div><div class="spacer battle-history"><br></div><h2 class="battle-history">Turn 1</h2><div class="spacer battle-history"><br></div><div class="battle-history">Pepinoxo withdrew Tapu Bulu!<br></div><div class="battle-history">Pepinoxo sent out <strong>Blacephalon</strong>!<br></div><div class="spacer battle-history"><br></div><div class="battle-history"><small>Steelix's Steelixite is reacting to the Key Stone!</small><br>Steelix has Mega Evolved into Mega Steelix!<br></div><div class="spacer battle-history"><br></div><div class="battle-history">Steelix used <strong>Stealth Rock</strong>!<br></div><div class="battle-history"><small>Pointed stones float in the air around the opposing team!</small><br></div><div class="spacer battle-history"><br></div><h2 class="battle-history">Turn 2</h2><div class="spacer battle-history"><br></div><div class="battle-history">Pepinoxo withdrew Blacephalon!<br></div><div class="battle-history">Pepinoxo sent out <strong>Celesteela</strong>!<br></div><div class="battle-history"><small>Pointed stones dug into the opposing Celesteela!</small><br></div><div class="spacer battle-history"><br></div><div class="battle-history">Steelix used <strong>Roar</strong>!<br></div><div class="spacer battle-history"><br></div><div class="battle-history"><strong>Tapu Bulu</strong> was dragged out!<br></div><div class="battle-history"><small>Pointed stones dug into the opposing Tapu Bulu!</small><br></div><div class="spacer battle-history"><br></div><div class="battle-history"><small>The opposing Tapu Bulu restored HP using its Grassy Terrain!</small><br></div><div class="spacer battle-history"><br></div><h2 class="battle-history">Turn 3</h2><div class="chat chatmessage-pepinoxo"><strong style="color:hsl(47,57%,34%)"><small>☆</small><span class="username" data-name="Pepinoxo">Pepinoxo</span>:</strong> <em>k</em></div><div class="chat chatmessage-pepinoxo"><strong style="color:hsl(47,57%,34%)"><small>☆</small><span class="username" data-name="Pepinoxo">Pepinoxo</span>:</strong> <em>qué haces mank</em></div><div class="chat chatmessage-jeidel"><strong style="color:hsl(39,46%,45%)"><small>☆</small><span class="username" data-name="jeidel">jeidel</span>:</strong> <em>de q</em></div><div class="chat chatmessage-pepinoxo"><strong style="color:hsl(47,57%,34%)"><small>☆</small><span class="username" data-name="Pepinoxo">Pepinoxo</span>:</strong> <em>te iba a matar a stelix</em></div><div class="chat chatmessage-jeidel"><strong style="color:hsl(39,46%,45%)"><small>☆</small><span class="username" data-name="jeidel">jeidel</span>:</strong> <em>q haces tu</em></div><div class="chat chatmessage-jeidel"><strong style="color:hsl(39,46%,45%)"><small>☆</small><span class="username" data-name="jeidel">jeidel</span>:</strong> <em>mmg</em></div><div class="chat chatmessage-pepinoxo"><strong style="color:hsl(47,57%,34%)"><small>☆</small><span class="username" data-name="Pepinoxo">Pepinoxo</span>:</strong> <em>aquí el Swich era a mil</em></div><div class="chat chatmessage-jeidel"><strong style="color:hsl(39,46%,45%)"><small>☆</small><span class="username" data-name="jeidel">jeidel</span>:</strong> <em> se nota</em></div><div class="chat chatmessage-pepinoxo"><strong style="color:hsl(47,57%,34%)"><small>☆</small><span class="username" data-name="Pepinoxo">Pepinoxo</span>:</strong> <em>mank</em></div><div class="chat chatmessage-jeidel"><strong style="color:hsl(39,46%,45%)"><small>☆</small><span class="username" data-name="jeidel">jeidel</span>:</strong> <em>que no usas a mega steelix</em></div><div class="chat chatmessage-jeidel"><strong style="color:hsl(39,46%,45%)"><small>☆</small><span class="username" data-name="jeidel">jeidel</span>:</strong> <em>mmgvo</em></div><div class="spacer battle-history"><br></div><div class="battle-history">The opposing Tapu Bulu used <strong>Leech Seed</strong>!<br></div><div class="battle-history"><small>Steelix was seeded!</small><br></div><div class="spacer battle-history"><br></div><div class="battle-history">Steelix used <strong>Roar</strong>!<br></div><div class="spacer battle-history"><br></div><div class="battle-history"><strong>Celesteela</strong> was dragged out!<br></div><div class="battle-history"><small>Pointed stones dug into the opposing Celesteela!</small><br></div><div class="spacer battle-history"><br></div><div class="battle-history"><small>The opposing Celesteela restored a little HP using its Leftovers!</small><br></div><div class="battle-history"><small>Steelix's health is sapped by Leech Seed!</small><br></div><div class="spacer battle-history"><br></div><h2 class="battle-history">Turn 4</h2><div class="chat chatmessage-pepinoxo"><strong style="color:hsl(47,57%,34%)"><small>☆</small><span class="username" data-name="Pepinoxo">Pepinoxo</span>:</strong> <em>tú crees que un blace gafas</em></div><div class="chat chatmessage-pepinoxo"><strong style="color:hsl(47,57%,34%)"><small>☆</small><span class="username" data-name="Pepinoxo">Pepinoxo</span>:</strong> <em>no lo mata? genio</em></div><div class="spacer battle-history"><br></div><div class="battle-history">Steelix, come back!<br></div><div class="battle-history">Go! <strong>Slowbro</strong>!<br></div><div class="spacer battle-history"><br></div><div class="battle-history">The opposing Celesteela used <strong>Leech Seed</strong>!<br></div><div class="battle-history"><small>Slowbro was seeded!</small><br></div><div class="spacer battle-history"><br></div><div class="battle-history"><small>The opposing Celesteela restored a little HP using its Leftovers!</small><br></div><div class="battle-history"><small>Slowbro's health is sapped by Leech Seed!</small><br></div><div class="spacer battle-history"><br></div><h2 class="battle-history">Turn 5</h2><div class="spacer battle-history"><br></div><div class="battle-history">The opposing Celesteela used <strong>Protect</strong>!<br></div><div class="battle-history"><small>The opposing Celesteela protected itself!</small><br></div><div class="spacer battle-history"><br></div><div class="battle-history">Slowbro used <strong>Scald</strong>!<br></div><div class="battle-history"><small>The opposing Celesteela protected itself!</small><br></div><div class="spacer battle-history"><br></div><div class="battle-history"><small>Slowbro restored a little HP using its Leftovers!</small><br></div><div class="battle-history"><small>Slowbro restored HP using its Grassy Terrain!</small><br></div><div class="battle-history"><small>Slowbro's health is sapped by Leech Seed!</small><br></div><div class="spacer battle-history"><br></div><h2 class="battle-history">Turn 6</h2><div class="spacer battle-history"><br></div><div class="battle-history">Pepinoxo withdrew Celesteela!<br></div><div class="battle-history">Pepinoxo sent out <strong>Tapu Bulu</strong>!<br></div><div class="battle-history"><small>Pointed stones dug into the opposing Tapu Bulu!</small><br></div><div class="spacer battle-history"><br></div><div class="battle-history">Slowbro used <strong>Scald</strong>!<br></div><div class="battle-history"><small>It's not very effective...</small><br></div><div class="battle-history"><small>(The opposing Tapu Bulu lost <abbr title="−45/344">13.1%</abbr> of its health!)</small><br></div><div class="spacer battle-history"><br></div><div class="battle-history"><small>The opposing Tapu Bulu restored HP using its Grassy Terrain!</small><br></div><div class="battle-history"><small>Slowbro restored a little HP using its Leftovers!</small><br></div><div class="battle-history"><small>Slowbro restored HP using its Grassy Terrain!</small><br></div><div class="battle-history"><small>Slowbro's health is sapped by Leech Seed!</small><br></div><div class="spacer battle-history"><br></div><h2 class="battle-history">Turn 7</h2><div class="spacer battle-history"><br></div><div class="battle-history">Pepinoxo withdrew Tapu Bulu!<br></div><div class="battle-history">Pepinoxo sent out <strong>Magearna</strong>!<br></div><div class="battle-history"><small>Pointed stones dug into the opposing Magearna!</small><br></div><div class="spacer battle-history"><br></div><div class="battle-history">Slowbro, come back!<br></div><div class="battle-history">Go! <strong>Buzzwole</strong>!<br></div><div class="spacer battle-history"><br></div><div class="battle-history"><small>The opposing Magearna restored HP using its Grassy Terrain!</small><br></div><div class="spacer battle-history"><br></div><h2 class="battle-history">Turn 8</h2><div class="spacer battle-history"><br></div><div class="battle-history">Buzzwole, come back!<br></div><div class="battle-history">Go! <strong>Blissey</strong>!<br></div><div class="spacer battle-history"><br></div><div class="battle-history">The opposing Magearna used <strong>Shift Gear</strong>!<br></div><div class="battle-history"><small>The opposing Magearna's Speed rose sharply!</small><br></div><div class="battle-history"><small>The opposing Magearna's Attack rose!</small><br></div><div class="spacer battle-history"><br></div><div class="battle-history"><small>The grass disappeared from the battlefield.</small><br></div><div class="spacer battle-history"><br></div><h2 class="battle-history">Turn 9</h2><div class="spacer battle-history"><br></div><div class="battle-history">Pepinoxo withdrew Magearna!<br></div><div class="battle-history">Pepinoxo sent out <strong>Tapu Bulu</strong>!<br></div><div class="battle-history"><small>Pointed stones dug into the opposing Tapu Bulu!</small><br></div><div class="battle-history"><small>[The opposing Tapu Bulu's Grassy Surge]</small><br><small>Grass grew to cover the battlefield!</small><br></div><div class="spacer battle-history"><br></div><div class="battle-history">Blissey used <strong>Wish</strong>!<br></div><div class="spacer battle-history"><br></div><div class="battle-history"><small>The opposing Tapu Bulu restored HP using its Grassy Terrain!</small><br></div><div class="spacer battle-history"><br></div><h2 class="battle-history">Turn 10</h2><div class="chat chatmessage-jeidel"><strong style="color:hsl(39,46%,45%)"><small>☆</small><span class="username" data-name="jeidel">jeidel</span>:</strong> <em>un momkento</em></div><div class="spacer battle-history"><br></div><div class="battle-history">Blissey, come back!<br></div><div class="battle-history">Go! <strong>Buzzwole</strong>!<br></div><div class="spacer battle-history"><br></div><div class="battle-history">The opposing Tapu Bulu used <strong>Substitute</strong>!<br></div><div class="battle-history"><small>The opposing Tapu Bulu put in a substitute!</small><br></div><div class="battle-history"><small>(The opposing Tapu Bulu lost <abbr title="−86/344">25%</abbr> of its health!)</small><br></div><div class="spacer battle-history"><br></div><div class="battle-history"><small>The opposing Tapu Bulu restored HP using its Grassy Terrain!</small><br></div><div class="spacer battle-history"><br></div><h2 class="battle-history">Turn 11</h2><div class="spacer battle-history"><br></div><div class="battle-history">The opposing Tapu Bulu used <strong>Leech Seed</strong>!<br></div><div class="battle-history"><small>Buzzwole was seeded!</small><br></div><div class="spacer battle-history"><br></div><div class="battle-history">Buzzwole used <strong>Ice Punch</strong>!<br></div><div class="battle-history"><small>It's super effective!</small><br></div><div class="battle-history"><small>The opposing Tapu Bulu's substitute faded!</small><br></div><div class="spacer battle-history"><br></div><div class="battle-history"><small>The opposing Tapu Bulu restored HP using its Grassy Terrain!</small><br></div><div class="battle-history"><small>Buzzwole's health is sapped by Leech Seed!</small><br></div><div class="spacer battle-history"><br></div><h2 class="battle-history">Turn 12</h2><div class="spacer battle-history"><br></div><div class="battle-history">The opposing Tapu Bulu used <strong>Horn Leech</strong>!<br></div><div class="battle-history"><small>It's not very effective...</small><br></div><div class="battle-history"><small>(Buzzwole lost <abbr title="−48/418">11.5%</abbr> of its health!)</small><br></div><div class="battle-history"><small>Buzzwole had its energy drained!</small><br></div><div class="battle-history"><small>The opposing Tapu Bulu was hurt by the Rocky Helmet!</small><br></div><div class="spacer battle-history"><br></div><div class="battle-history">Buzzwole used <strong>Ice Punch</strong>!<br></div><div class="battle-history"><small>It's super effective!</small><br></div><div class="battle-history"><small>(The opposing Tapu Bulu lost <abbr title="−124/344">36.0%</abbr> of its health!)</small><br></div><div class="spacer battle-history"><br></div><div class="battle-history"><small>Buzzwole restored HP using its Grassy Terrain!</small><br></div><div class="battle-history"><small>The opposing Tapu Bulu restored HP using its Grassy Terrain!</small><br></div><div class="battle-history"><small>Buzzwole's health is sapped by Leech Seed!</small><br></div><div class="spacer battle-history"><br></div><h2 class="battle-history">Turn 13</h2><div class="spacer battle-history"><br></div><div class="battle-history">Pepinoxo withdrew Tapu Bulu!<br></div><div class="battle-history">Pepinoxo sent out <strong>Kartana</strong>!<br></div><div class="battle-history"><small>Pointed stones dug into the opposing Kartana!</small><br></div><div class="spacer battle-history"><br></div><div class="battle-history">Buzzwole used <strong>Roost</strong>!<br></div><div class="battle-history"><small>Buzzwole restored its HP.</small><br></div><div class="spacer battle-history"><br></div><div class="battle-history"><small>The opposing Kartana restored HP using its Grassy Terrain!</small><br></div><div class="battle-history"><small>Buzzwole's health is sapped by Leech Seed!</small><br></div><div class="spacer battle-history"><br></div><h2 class="battle-history">Turn 14</h2><div class="spacer battle-history"><br></div><div class="battle-history">Buzzwole, come back!<br></div><div class="battle-history">Go! <strong>Skarmory</strong>!<br></div><div class="spacer battle-history"><br></div><div class="battle-history">The opposing Kartana used <strong>Swords Dance</strong>!<br></div><div class="battle-history"><small>The opposing Kartana's Attack rose sharply!</small><br></div><div class="spacer battle-history"><br></div><h2 class="battle-history">Turn 15</h2><div class="spacer battle-history"><br></div><div class="battle-history">The opposing Kartana used <strong>Knock Off</strong>!<br></div><div class="battle-history"><small>(Skarmory lost <abbr title="−119/334">35.6%</abbr> of its health!)</small><br></div><div class="battle-history"><small>The opposing Kartana was hurt by the Rocky Helmet!</small><br></div><div class="battle-history"><small>The opposing Kartana knocked off Skarmory's Rocky Helmet!</small><br></div><div class="spacer battle-history"><br></div><div class="battle-history">Skarmory used <strong>Counter</strong>!<br></div><div class="battle-history"><small>(The opposing Kartana lost <abbr title="−238/322">73.9%</abbr> of its health!)</small><br></div><div class="spacer battle-history"><br></div><div class="battle-history"><small>The opposing Kartana restored HP using its Grassy Terrain!</small><br></div><div class="spacer battle-history"><br></div><h2 class="battle-history">Turn 16</h2><div class="spacer battle-history"><br></div><div class="battle-history">Skarmory, come back!<br></div><div class="battle-history">Go! <strong>Buzzwole</strong>!<br></div><div class="spacer battle-history"><br></div><div class="battle-history">The opposing Kartana used <strong>Swords Dance</strong>!<br></div><div class="battle-history"><small>The opposing Kartana's Attack rose sharply!</small><br></div><div class="spacer battle-history"><br></div><div class="battle-history"><small>The opposing Kartana restored HP using its Grassy Terrain!</small><br></div><div class="battle-history"><small>Buzzwole restored HP using its Grassy Terrain!</small><br></div><div class="battle-history"><small>The grass disappeared from the battlefield.</small><br></div><div class="spacer battle-history"><br></div><h2 class="battle-history">Turn 17</h2><div class="spacer battle-history"><br></div><div class="battle-history"><small>The opposing Kartana surrounded itself with its Z-Power!</small><br></div><div class="spacer battle-history"><br></div><div class="battle-history">The opposing Kartana used <strong>All-Out Pummeling</strong>!<br></div><div class="battle-history"><small>It's not very effective...</small><br></div><div class="battle-history"><small>(Buzzwole lost <abbr title="−171/418">40.9%</abbr> of its health!)</small><br></div><div class="spacer battle-history"><br></div><div class="battle-history">Buzzwole used <strong>Roost</strong>!<br></div><div class="battle-history"><small>Buzzwole restored its HP.</small><br></div><div class="spacer battle-history"><br></div><h2 class="battle-history">Turn 18</h2><div class="chat chatmessage-pepinoxo"><strong style="color:hsl(47,57%,34%)"><small>☆</small><span class="username" data-name="Pepinoxo">Pepinoxo</span>:</strong> <em>0</em></div><div class="spacer battle-history"><br></div><div class="battle-history">The opposing Kartana used <strong>Knock Off</strong>!<br></div><div class="battle-history"><small>It's not very effective...</small><br></div><div class="battle-history"><small>(Buzzwole lost <abbr title="−103/418">24.6%</abbr> of its health!)</small><br></div><div class="battle-history"><small>The opposing Kartana was hurt by the Rocky Helmet!</small><br></div><div class="battle-history"><small>The opposing Kartana knocked off Buzzwole's Rocky Helmet!</small><br></div><div class="spacer battle-history"><br></div><div class="battle-history">Buzzwole used <strong>Drain Punch</strong>!<br></div><div class="battle-history"><small>It's super effective!</small><br></div><div class="battle-history"><small>(The opposing Kartana lost <abbr title="−18/322">5.6%</abbr> of its health!)</small><br></div><div class="battle-history"><small>The opposing Kartana had its energy drained!</small><br></div><div class="spacer battle-history"><br></div><div class="battle-history">The opposing Kartana fainted!<br></div><div class="battle-history"><small>[Buzzwole's Beast Boost]</small><br></div><div class="battle-history"><small>Buzzwole's Defense rose!</small><br></div><div class="spacer battle-history"><br></div><div class="battle-history">Pepinoxo sent out <strong>Blacephalon</strong>!<br></div><div class="battle-history"><small>Pointed stones dug into the opposing Blacephalon!</small><br></div><div class="spacer battle-history"><br></div><h2 class="battle-history">Turn 19</h2><div class="spacer battle-history"><br></div><div class="battle-history">Buzzwole, come back!<br></div><div class="battle-history">Go! Muk (<strong>Muk-Alola</strong>)!<br></div><div class="spacer battle-history"><br></div><div class="battle-history">The opposing Blacephalon used <strong>Fire Blast</strong>!<br></div><div class="battle-history"><small>(Muk lost <abbr title="−96/352">27.3%</abbr> of its health!)</small><br></div><div class="battle-history"><small>Muk was burned!</small><br></div><div class="spacer battle-history"><br></div><div class="battle-history"><small>Muk was hurt by its burn!</small><br></div><div class="spacer battle-history"><br></div><h2 class="battle-history">Turn 20</h2><div class="chat chatmessage-jeidel"><strong style="color:hsl(39,46%,45%)"><small>☆</small><span class="username" data-name="jeidel">jeidel</span>:</strong> <em>asqueroso</em></div><div class="chat chatmessage-jeidel"><strong style="color:hsl(39,46%,45%)"><small>☆</small><span class="username" data-name="jeidel">jeidel</span>:</strong> <em>a.a</em></div><div class="spacer battle-history"><br></div><div class="battle-history"><small>(The opposing Blacephalon is being withdrawn...)</small><br></div><div class="spacer battle-history"><br></div><div class="battle-history">Muk used <strong>Pursuit</strong>!<br></div><div class="battle-history"><small>It's super effective!</small><br></div><div class="battle-history"><small>(The opposing Blacephalon lost <abbr title="−213/306">69.6%</abbr> of its health!)</small><br></div><div class="spacer battle-history"><br></div><div class="battle-history">Pepinoxo withdrew Blacephalon!<br></div><div class="battle-history">Pepinoxo sent out <strong>Celesteela</strong>!<br></div><div class="battle-history"><small>Pointed stones dug into the opposing Celesteela!</small><br></div><div class="spacer battle-history"><br></div><div class="battle-history"><small>The opposing Celesteela restored a little HP using its Leftovers!</small><br></div><div class="battle-history"><small>Muk was hurt by its burn!</small><br></div><div class="spacer battle-history"><br></div><h2 class="battle-history">Turn 21</h2><div class="chat chatmessage-pepinoxo"><strong style="color:hsl(47,57%,34%)"><small>☆</small><span class="username" data-name="Pepinoxo">Pepinoxo</span>:</strong> <em>re ez</em></div><div class="chat chatmessage-pepinoxo"><strong style="color:hsl(47,57%,34%)"><small>☆</small><span class="username" data-name="Pepinoxo">Pepinoxo</span>:</strong> <em>sed</em></div><div class="spacer battle-history"><br></div><div class="battle-history">The opposing Celesteela used <strong>Leech Seed</strong>!<br></div><div class="battle-history"><small>Muk was seeded!</small><br></div><div class="spacer battle-history"><br></div><div class="battle-history">Muk used <strong>Knock Off</strong>!<br></div><div class="battle-history"><small>(The opposing Celesteela lost <abbr title="−61/398">15.3%</abbr> of its health!)</small><br></div><div class="battle-history"><small>Muk knocked off the opposing Celesteela's Leftovers!</small><br></div><div class="spacer battle-history"><br></div><div class="battle-history"><small>Muk's health is sapped by Leech Seed!</small><br></div><div class="battle-history"><small>Muk was hurt by its burn!</small><br></div><div class="spacer battle-history"><br></div><h2 class="battle-history">Turn 22</h2><div class="spacer battle-history"><br></div><div class="battle-history">Muk, come back!<br></div><div class="battle-history">Go! <strong>Slowbro</strong>!<br></div><div class="spacer battle-history"><br></div><div class="battle-history">The opposing Celesteela used <strong>Leech Seed</strong>!<br></div><div class="battle-history"><small>Slowbro avoided the attack!</small><br></div><div class="spacer battle-history"><br></div><h2 class="battle-history">Turn 23</h2><div class="spacer battle-history"><br></div><div class="battle-history">Pepinoxo withdrew Celesteela!<br></div><div class="battle-history">Pepinoxo sent out <strong>Tapu Bulu</strong>!<br></div><div class="battle-history"><small>Pointed stones dug into the opposing Tapu Bulu!</small><br></div><div class="battle-history"><small>[The opposing Tapu Bulu's Grassy Surge]</small><br><small>Grass grew to cover the battlefield!</small><br></div><div class="spacer battle-history"><br></div><div class="battle-history">Slowbro used <strong>Future Sight</strong>!<br></div><div class="battle-history"><small>Slowbro foresaw an attack!</small><br></div><div class="spacer battle-history"><br></div><div class="battle-history"><small>The opposing Tapu Bulu restored HP using its Grassy Terrain!</small><br></div><div class="spacer battle-history"><br></div><h2 class="battle-history">Turn 24</h2><div class="spacer battle-history"><br></div><div class="battle-history">Slowbro, come back!<br></div><div class="battle-history">Go! <strong>Skarmory</strong>!<br></div><div class="spacer battle-history"><br></div><div class="battle-history">The opposing Tapu Bulu used <strong>Leech Seed</strong>!<br></div><div class="battle-history"><small>Skarmory was seeded!</small><br></div><div class="spacer battle-history"><br></div><div class="battle-history"><small>The opposing Tapu Bulu restored HP using its Grassy Terrain!</small><br></div><div class="battle-history"><small>Skarmory's health is sapped by Leech Seed!</small><br></div><div class="spacer battle-history"><br></div><h2 class="battle-history">Turn 25</h2><div class="spacer battle-history"><br></div><div class="battle-history">Pepinoxo withdrew Tapu Bulu!<br></div><div class="battle-history">Pepinoxo sent out <strong>Magearna</strong>!<br></div><div class="battle-history"><small>Pointed stones dug into the opposing Magearna!</small><br></div><div class="spacer battle-history"><br></div><div class="battle-history">Skarmory used <strong>Spikes</strong>!<br></div><div class="battle-history"><small>Spikes were scattered on the ground all around the opposing team!</small><br></div><div class="spacer battle-history"><br></div><div class="battle-history"><small>The opposing Magearna took the Future Sight attack!</small><br></div><div class="battle-history"><small>It's not very effective...</small><br></div><div class="battle-history"><small>(The opposing Magearna lost <abbr title="−76/302">25.2%</abbr> of its health!)</small><br></div><div class="battle-history"><small>The opposing Magearna restored HP using its Grassy Terrain!</small><br></div><div class="battle-history"><small>Skarmory's health is sapped by Leech Seed!</small><br></div><div class="spacer battle-history"><br></div><h2 class="battle-history">Turn 26</h2><div class="spacer battle-history"><br></div><div class="battle-history">Skarmory, come back!<br></div><div class="battle-history">Go! Steelix (<strong>Steelix-Mega</strong>)!<br></div><div class="spacer battle-history"><br></div><div class="battle-history">The opposing Magearna used <strong>Calm Mind</strong>!<br></div><div class="battle-history"><small>The opposing Magearna's Special Attack rose!</small><br></div><div class="battle-history"><small>The opposing Magearna's Special Defense rose!</small><br></div><div class="spacer battle-history"><br></div><div class="battle-history"><small>The opposing Magearna restored HP using its Grassy Terrain!</small><br></div><div class="battle-history"><small>Steelix restored HP using its Grassy Terrain!</small><br></div><div class="spacer battle-history"><br></div><h2 class="battle-history">Turn 27</h2><div class="spacer battle-history"><br></div><div class="battle-history">The opposing Magearna used <strong>Ice Beam</strong>!<br></div><div class="battle-history"><small>(Steelix lost <abbr title="−181/354">51.1%</abbr> of its health!)</small><br></div><div class="spacer battle-history"><br></div><div class="battle-history">Steelix used <strong>Heavy Slam</strong>!<br></div><div class="battle-history"><small>(The opposing Magearna lost <abbr title="−198/302">65.6%</abbr> of its health!)</small><br></div><div class="spacer battle-history"><br></div><div class="battle-history"><small>The opposing Magearna restored HP using its Grassy Terrain!</small><br></div><div class="battle-history"><small>Steelix restored HP using its Grassy Terrain!</small><br></div><div class="spacer battle-history"><br></div><h2 class="battle-history">Turn 28</h2><div class="spacer battle-history"><br></div><div class="battle-history">Steelix, come back!<br></div><div class="battle-history">Go! <strong>Blissey</strong>!<br></div><div class="spacer battle-history"><br></div><div class="battle-history">The opposing Magearna used <strong>Ice Beam</strong>!<br></div><div class="battle-history"><small>(Blissey lost <abbr title="−115/714">16.1%</abbr> of its health!)</small><br></div><div class="spacer battle-history"><br></div><div class="battle-history"><small>The opposing Magearna restored HP using its Grassy Terrain!</small><br></div><div class="battle-history"><small>Blissey restored a little HP using its Leftovers!</small><br></div><div class="battle-history"><small>Blissey restored HP using its Grassy Terrain!</small><br></div><div class="spacer battle-history"><br></div><h2 class="battle-history">Turn 29</h2><div class="spacer battle-history"><br></div><div class="battle-history">The opposing Magearna used <strong>Calm Mind</strong>!<br></div><div class="battle-history"><small>The opposing Magearna's Special Attack rose!</small><br></div><div class="battle-history"><small>The opposing Magearna's Special Defense rose!</small><br></div><div class="spacer battle-history"><br></div><div class="battle-history">Blissey used <strong>Seismic Toss</strong>!<br></div><div class="battle-history"><small>(The opposing Magearna lost <abbr title="−100/302">33.1%</abbr> of its health!)</small><br></div><div class="battle-history"><small>The opposing Magearna ate its Wiki Berry!</small><br></div><div class="battle-history"><small>The opposing Magearna restored HP using its Wiki Berry!</small><br></div><div class="spacer battle-history"><br></div><div class="battle-history"><small>The opposing Magearna restored HP using its Grassy Terrain!</small><br></div><div class="battle-history"><small>Blissey restored a little HP using its Leftovers!</small><br></div><div class="spacer battle-history"><br></div><h2 class="battle-history">Turn 30</h2><div class="spacer battle-history"><br></div><div class="battle-history">The opposing Magearna used <strong>Ice Beam</strong>!<br></div><div class="battle-history"><small>(Blissey lost <abbr title="−167/714">23.4%</abbr> of its health!)</small><br></div><div class="spacer battle-history"><br></div><div class="battle-history">Blissey used <strong>Seismic Toss</strong>!<br></div><div class="battle-history"><small>(The opposing Magearna lost <abbr title="−100/302">33.1%</abbr> of its health!)</small><br></div><div class="spacer battle-history"><br></div><div class="battle-history"><small>The opposing Magearna restored HP using its Grassy Terrain!</small><br></div><div class="battle-history"><small>Blissey restored a little HP using its Leftovers!</small><br></div><div class="battle-history"><small>Blissey restored HP using its Grassy Terrain!</small><br></div><div class="battle-history"><small>The grass disappeared from the battlefield.</small><br></div><div class="spacer battle-history"><br></div><h2 class="battle-history">Turn 31</h2><div class="spacer battle-history"><br></div><div class="battle-history">The opposing Magearna used <strong>Ice Beam</strong>!<br></div><div class="battle-history"><small>(Blissey lost <abbr title="−174/714">24.4%</abbr> of its health!)</small><br></div><div class="battle-history"><small>Blissey was frozen solid!</small><br></div><div class="spacer battle-history"><br></div><div class="battle-history">Blissey is frozen solid!<br></div><div class="spacer battle-history"><br></div><div class="battle-history"><small>Blissey restored a little HP using its Leftovers!</small><br></div><div class="spacer battle-history"><br></div><h2 class="battle-history">Turn 32</h2><div class="chat chatmessage-jeidel"><strong style="color:hsl(39,46%,45%)"><small>☆</small><span class="username" data-name="jeidel">jeidel</span>:</strong> <em>asquerosa pepe</em></div><div class="spacer battle-history"><br></div><div class="battle-history"><small>(Blissey is cured by its Natural Cure!)</small><br></div><div class="battle-history">Blissey, come back!<br></div><div class="battle-history">Go! Muk (<strong>Muk-Alola</strong>)!<br></div><div class="spacer battle-history"><br></div><div class="battle-history">The opposing Magearna used <strong>Calm Mind</strong>!<br></div><div class="battle-history"><small>The opposing Magearna's Special Attack rose!</small><br></div><div class="battle-history"><small>The opposing Magearna's Special Defense rose!</small><br></div><div class="spacer battle-history"><br></div><div class="battle-history"><small>Muk was hurt by its burn!</small><br></div><div class="spacer battle-history"><br></div><h2 class="battle-history">Turn 33</h2><div class="spacer battle-history"><br></div><div class="battle-history">Muk used <strong>Shadow Sneak</strong>!<br></div><div class="battle-history"><small>(The opposing Magearna lost <abbr title="−19/302">6.3%</abbr> of its health!)</small><br></div><div class="spacer battle-history"><br></div><div class="battle-history">The opposing Magearna used <strong>Ice Beam</strong>!<br></div><div class="battle-history"><small>(Muk lost <abbr title="−124/352">35.2%</abbr> of its health!)</small><br></div><div class="spacer battle-history"><br></div><div class="battle-history">Muk fainted!<br></div><div class="battle-history"><small>[The opposing Magearna's Soul-Heart]</small><br></div><div class="battle-history"><small>The opposing Magearna's Special Attack rose!</small><br></div><div class="chat chatmessage-pepinoxo"><strong style="color:hsl(47,57%,34%)"><small>☆</small><span class="username" data-name="Pepinoxo">Pepinoxo</span>:</strong> <em>re ez</em></div><div class="spacer battle-history"><br></div><div class="battle-history">Go! <strong>Blissey</strong>!<br></div><div class="spacer battle-history"><br></div><h2 class="battle-history">Turn 34</h2><div class="spacer battle-history"><br></div><div class="battle-history">The opposing Magearna used <strong>Ice Beam</strong>!<br></div><div class="battle-history"><small>(Blissey lost <abbr title="−261/714">36.6%</abbr> of its health!)</small><br></div><div class="spacer battle-history"><br></div><div class="battle-history">Blissey used <strong>Wish</strong>!<br></div><div class="spacer battle-history"><br></div><div class="battle-history"><small>Blissey restored a little HP using its Leftovers!</small><br></div><div class="spacer battle-history"><br></div><h2 class="battle-history">Turn 35</h2><div class="spacer battle-history"><br></div><div class="battle-history">The opposing Magearna used <strong>Ice Beam</strong>!<br></div><div class="battle-history"><small>(Blissey lost <abbr title="−256/714">35.9%</abbr> of its health!)</small><br></div><div class="spacer battle-history"><br></div><div class="battle-history">Blissey used <strong>Seismic Toss</strong>!<br></div><div class="battle-history"><small>(The opposing Magearna lost <abbr title="−91/302">30.1%</abbr> of its health!)</small><br></div><div class="spacer battle-history"><br></div><div class="battle-history">The opposing Magearna fainted!<br></div><div class="spacer battle-history"><br></div><div class="battle-history"><small>Blissey's wish came true!</small><br></div><div class="battle-history"><small>Blissey restored a little HP using its Leftovers!</small><br></div><div class="spacer battle-history"><br></div><div class="battle-history">Pepinoxo sent out <strong>Celesteela</strong>!<br></div><div class="battle-history"><small>Pointed stones dug into the opposing Celesteela!</small><br></div><div class="spacer battle-history"><br></div><h2 class="battle-history">Turn 36</h2><div class="spacer battle-history"><br></div><div class="battle-history">Blissey, come back!<br></div><div class="battle-history">Go! <strong>Slowbro</strong>!<br></div><div class="spacer battle-history"><br></div><div class="battle-history">The opposing Celesteela used <strong>Leech Seed</strong>!<br></div><div class="battle-history"><small>Slowbro was seeded!</small><br></div><div class="spacer battle-history"><br></div><div class="battle-history"><small>Slowbro's health is sapped by Leech Seed!</small><br></div><div class="spacer battle-history"><br></div><h2 class="battle-history">Turn 37</h2><div class="chat chatmessage-pepinoxo"><strong style="color:hsl(47,57%,34%)"><small>☆</small><span class="username" data-name="Pepinoxo">Pepinoxo</span>:</strong> <em>lo malo aquí es que no tienes como matarme a celeetela y esto durará mil años</em></div><div class="spacer battle-history"><br></div><div class="battle-history">Pepinoxo withdrew Celesteela!<br></div><div class="battle-history">Pepinoxo sent out <strong>Blacephalon</strong>!<br></div><div class="battle-history"><small>Pointed stones dug into the opposing Blacephalon!</small><br></div><div class="spacer battle-history"><br></div><div class="battle-history">The opposing Blacephalon fainted!<br></div><div class="battle-history">Slowbro used <strong>Scald</strong>!<br></div><div class="battle-history"><small>But there was no target...</small><br></div><div class="spacer battle-history"><br></div><div class="battle-history"><small>Slowbro restored a little HP using its Leftovers!</small><br></div><div class="spacer battle-history"><br></div><div class="battle-history">Pepinoxo sent out <strong>Tapu Bulu</strong>!<br></div><div class="battle-history"><small>The opposing Tapu Bulu is hurt by the spikes!</small><br></div><div class="battle-history"><small>Pointed stones dug into the opposing Tapu Bulu!</small><br></div><div class="battle-history"><small>[The opposing Tapu Bulu's Grassy Surge]</small><br><small>Grass grew to cover the battlefield!</small><br></div><div class="spacer battle-history"><br></div><h2 class="battle-history">Turn 38</h2><div class="chat chatmessage-jeidel"><strong style="color:hsl(39,46%,45%)"><small>☆</small><span class="username" data-name="jeidel">jeidel</span>:</strong> <em>claro que tengo lol</em></div><div class="chat chatmessage-jeidel"><strong style="color:hsl(39,46%,45%)"><small>☆</small><span class="username" data-name="jeidel">jeidel</span>:</strong> <em>soy cm slowbro</em></div><div class="chat chatmessage-jeidel"><strong style="color:hsl(39,46%,45%)"><small>☆</small><span class="username" data-name="jeidel">jeidel</span>:</strong> <em>mmgvo</em></div><div class="chat chatmessage-pepinoxo"><strong style="color:hsl(47,57%,34%)"><small>☆</small><span class="username" data-name="Pepinoxo">Pepinoxo</span>:</strong> <em>bueno así si :v</em></div><div class="spacer battle-history"><br></div><div class="battle-history">Slowbro, come back!<br></div><div class="battle-history">Go! <strong>Buzzwole</strong>!<br></div><div class="spacer battle-history"><br></div><div class="battle-history">The opposing Tapu Bulu used <strong>Leech Seed</strong>!<br></div><div class="battle-history"><small>Buzzwole was seeded!</small><br></div><div class="spacer battle-history"><br></div><div class="battle-history"><small>Buzzwole restored HP using its Grassy Terrain!</small><br></div><div class="battle-history"><small>The opposing Tapu Bulu restored HP using its Grassy Terrain!</small><br></div><div class="battle-history"><small>Buzzwole's health is sapped by Leech Seed!</small><br></div><div class="spacer battle-history"><br></div><h2 class="battle-history">Turn 39</h2><div class="spacer battle-history"><br></div><div class="battle-history">The opposing Tapu Bulu used <strong>Substitute</strong>!<br></div><div class="battle-history"><small>The opposing Tapu Bulu put in a substitute!</small><br></div><div class="battle-history"><small>(The opposing Tapu Bulu lost <abbr title="−86/344">25%</abbr> of its health!)</small><br></div><div class="spacer battle-history"><br></div><div class="battle-history">Buzzwole used <strong>Ice Punch</strong>!<br></div><div class="battle-history"><small>It's super effective!</small><br></div><div class="battle-history"><small>The opposing Tapu Bulu's substitute faded!</small><br></div><div class="spacer battle-history"><br></div><div class="battle-history"><small>The opposing Tapu Bulu restored HP using its Grassy Terrain!</small><br></div><div class="battle-history"><small>Buzzwole restored HP using its Grassy Terrain!</small><br></div><div class="battle-history"><small>Buzzwole's health is sapped by Leech Seed!</small><br></div><div class="spacer battle-history"><br></div><h2 class="battle-history">Turn 40</h2><div class="spacer battle-history"><br></div><div class="battle-history">Pepinoxo withdrew Tapu Bulu!<br></div><div class="battle-history">Pepinoxo sent out <strong>Nihilego</strong>!<br></div><div class="battle-history"><small>The opposing Nihilego is hurt by the spikes!</small><br></div><div class="battle-history"><small>Pointed stones dug into the opposing Nihilego!</small><br></div><div class="spacer battle-history"><br></div><div class="battle-history">Buzzwole used <strong>Ice Punch</strong>!<br></div><div class="battle-history"><small>(The opposing Nihilego lost <abbr title="−146/360">40.6%</abbr> of its health!)</small><br></div><div class="spacer battle-history"><br></div><div class="battle-history"><small>The opposing Nihilego restored HP using its Grassy Terrain!</small><br></div><div class="battle-history"><small>Buzzwole restored HP using its Grassy Terrain!</small><br></div><div class="battle-history"><small>Buzzwole's health is sapped by Leech Seed!</small><br></div><div class="spacer battle-history"><br></div><h2 class="battle-history">Turn 41</h2><div class="spacer battle-history"><br></div><div class="battle-history">Buzzwole, come back!<br></div><div class="battle-history">Go! <strong>Blissey</strong>!<br></div><div class="spacer battle-history"><br></div><div class="battle-history">The opposing Nihilego used <strong>Sludge Wave</strong>!<br></div><div class="battle-history"><small>(Blissey lost <abbr title="−138/714">19.3%</abbr> of its health!)</small><br></div><div class="spacer battle-history"><br></div><div class="battle-history"><small>The opposing Nihilego restored HP using its Grassy Terrain!</small><br></div><div class="battle-history"><small>Blissey restored a little HP using its Leftovers!</small><br></div><div class="battle-history"><small>Blissey restored HP using its Grassy Terrain!</small><br></div><div class="spacer battle-history"><br></div><h2 class="battle-history">Turn 42</h2><div class="spacer battle-history"><br></div><div class="battle-history">The opposing Nihilego used <strong>Sludge Wave</strong>!<br></div><div class="battle-history"><small>(Blissey lost <abbr title="−123/714">17.2%</abbr> of its health!)</small><br></div><div class="spacer battle-history"><br></div><div class="battle-history">Blissey used <strong>Wish</strong>!<br></div><div class="spacer battle-history"><br></div><div class="battle-history"><small>The opposing Nihilego restored HP using its Grassy Terrain!</small><br></div><div class="battle-history"><small>Blissey restored a little HP using its Leftovers!</small><br></div><div class="battle-history"><small>Blissey restored HP using its Grassy Terrain!</small><br></div><div class="spacer battle-history"><br></div><h2 class="battle-history">Turn 43</h2><div class="chat chatmessage-pepinoxo"><strong style="color:hsl(47,57%,34%)"><small>☆</small><span class="username" data-name="Pepinoxo">Pepinoxo</span>:</strong> <em>gg we</em></div><div class="chat chatmessage-pepinoxo"><strong style="color:hsl(47,57%,34%)"><small>☆</small><span class="username" data-name="Pepinoxo">Pepinoxo</span>:</strong> <em>ya no tengo como bajar eso</em></div><div class="spacer battle-history"><br></div><div class="battle-history">The opposing Nihilego used <strong>Sludge Wave</strong>!<br></div><div class="battle-history"><small>(Blissey lost <abbr title="−138/714">19.3%</abbr> of its health!)</small><br></div><div class="spacer battle-history"><br></div><div class="battle-history">Blissey used <strong>Seismic Toss</strong>!<br></div><div class="battle-history"><small>(The opposing Nihilego lost <abbr title="−100/360">27.8%</abbr> of its health!)</small><br></div><div class="spacer battle-history"><br></div><div class="battle-history"><small>Blissey's wish came true!</small><br></div><div class="battle-history"><small>The opposing Nihilego restored HP using its Grassy Terrain!</small><br></div><div class="battle-history"><small>Blissey restored a little HP using its Leftovers!</small><br></div><div class="battle-history"><small>Blissey restored HP using its Grassy Terrain!</small><br></div><div class="spacer battle-history"><br></div><h2 class="battle-history">Turn 44</h2><div class="chat chatmessage-jeidel"><strong style="color:hsl(39,46%,45%)"><small>☆</small><span class="username" data-name="jeidel">jeidel</span>:</strong> <em>gg</em></div><div class="spacer battle-history"><br></div><div class="battle-history"><small>Pepinoxo se rindió.</small><br></div><div class="spacer battle-history"><br></div><div class="battle-history"><strong>jeidel</strong> won the battle!<br></div></div><div class="inner-preempt"></div></div></div>
</div>
<script>
let daily = Math.floor(Date.now()/1000/60/60/24);document.write('<script src="https://play.pokemonshowdown.com/js/replay-embed.js?version'+daily+'"></'+'script>');
</script>
