<!DOCTYPE html>
<meta charset="utf-8" />
<!-- version 1 -->
<title>OU replay: Zero243 vs. Cloed</title>
<style>
html,body {font-family:Verdana, sans-serif;font-size:10pt;margin:0;padding:0;}body{padding:12px 0;} .battle-log {font-family:Verdana, sans-serif;font-size:10pt;} .battle-log-inline {border:1px solid #AAAAAA;background:#EEF2F5;color:black;max-width:640px;margin:0 auto 80px;padding-bottom:5px;} .battle-log .inner {padding:4px 8px 0px 8px;} .battle-log .inner-preempt {padding:0 8px 4px 8px;} .battle-log .inner-after {margin-top:0.5em;} .battle-log h2 {margin:0.5em -8px;padding:4px 8px;border:1px solid #AAAAAA;background:#E0E7EA;border-left:0;border-right:0;font-family:Verdana, sans-serif;font-size:13pt;} .battle-log .chat {vertical-align:middle;padding:3px 0 3px 0;font-size:8pt;} .battle-log .chat strong {color:#40576A;} .battle-log .chat em {padding:1px 4px 1px 3px;color:#000000;font-style:normal;} .chat.mine {background:rgba(0,0,0,0.05);margin-left:-8px;margin-right:-8px;padding-left:8px;padding-right:8px;} .spoiler {color:#BBBBBB;background:#BBBBBB;padding:0px 3px;} .spoiler:hover, .spoiler:active, .spoiler-shown {color:#000000;background:#E2E2E2;padding:0px 3px;} .spoiler a {color:#BBBBBB;} .spoiler:hover a, .spoiler:active a, .spoiler-shown a {color:#2288CC;} .chat code, .chat .spoiler:hover code, .chat .spoiler:active code, .chat .spoiler-shown code {border:1px solid #C0C0C0;background:#EEEEEE;color:black;padding:0 2px;} .chat .spoiler code {border:1px solid #CCCCCC;background:#CCCCCC;color:#CCCCCC;} .battle-log .rated {padding:3px 4px;} .battle-log .rated strong {color:white;background:#89A;padding:1px 4px;border-radius:4px;} .spacer {margin-top:0.5em;} .message-announce {background:#6688AA;color:white;padding:1px 4px 2px;} .message-announce a, .broadcast-green a, .broadcast-blue a, .broadcast-red a {color:#DDEEFF;} .broadcast-green {background-color:#559955;color:white;padding:2px 4px;} .broadcast-blue {background-color:#6688AA;color:white;padding:2px 4px;} .infobox {border:1px solid #6688AA;padding:2px 4px;} .infobox-limited {max-height:200px;overflow:auto;overflow-x:hidden;} .broadcast-red {background-color:#AA5544;color:white;padding:2px 4px;} .message-learn-canlearn {font-weight:bold;color:#228822;text-decoration:underline;} .message-learn-cannotlearn {font-weight:bold;color:#CC2222;text-decoration:underline;} .message-effect-weak {font-weight:bold;color:#CC2222;} .message-effect-resist {font-weight:bold;color:#6688AA;} .message-effect-immune {font-weight:bold;color:#666666;} .message-learn-list {margin-top:0;margin-bottom:0;} .message-throttle-notice, .message-error {color:#992222;} .message-overflow, .chat small.message-overflow {font-size:0pt;} .message-overflow::before {font-size:9pt;content:'...';} .subtle {color:#3A4A66;}
</style>
<div class="wrapper replay-wrapper" style="max-width:1180px;margin:0 auto">
<input type="hidden" name="replayid" value="destiny-ou-440017" />
<div class="battle"></div><div class="battle-log"></div><div class="replay-controls"></div><div class="replay-controls-2"></div>
<h1 style="font-weight:normal;text-align:center"><strong>OU</strong><br /><a href="http://pokemonshowdown.com/users/zero243" class="subtle" target="_blank">Zero243</a> vs. <a href="http://pokemonshowdown.com/users/cloed" class="subtle" target="_blank">Cloed</a></h1>
<script type="text/plain" class="battle-log-data">|player|p1|Zero243|169
|teamsize|p1|6
|player|p2|Cloed|1013
|teamsize|p2|6
|teamsize|p1|6
|teamsize|p2|6
|gametype|singles
|gen|7
|tier|OU
|rated
|seed|10015,45250,37065,48377
|rule|Cláusula-Mod de Dormir: solo puedes dormir a uno de tus oponentes a la vez.
|rule|Cláusula de Especie: Hasta un Pokémon de cada especie
|rule|Cláusula de Golpe Fulminante: los movimientos fulminantes (OHKO) estan prohibidos
|rule|Cláusula de Veleta: la habilidad Veleta está prohibida
|rule|Cláusula de Movimientos Evasivos: los movimientos de Evasión están prohibidos.
|rule|Cláusula de Batallas Eternas: forzar batallas eternas está prohibido
|clearpoke
|poke|p1|Greninja, F, shiny|item
|poke|p1|Chansey, F|item
|poke|p1|Charizard, M|item
|poke|p1|Magearna|item
|poke|p1|Zygarde, shiny|item
|poke|p1|Skarmory, F|item
|poke|p2|Charizard, M|item
|poke|p2|Greninja, M|item
|poke|p2|Tapu Bulu|item
|poke|p2|Thundurus-Therian, M, shiny|item
|poke|p2|Muk-Alola, M|item
|poke|p2|Shuckle, F|item
|teampreview|undefined
|choice|*|*team 321456
|choice|*team 623451|*
|choice|team 6, 2, 3, 4, 5, 1|team 3, 2, 1, 4, 5, 6
|
|start
|switch|p1a: Skarmory|Skarmory, F|334\/334
|switch|p2a: Tapu Bulu|Tapu Bulu|344\/344
|-fieldstart|move: Grassy Terrain|[from] ability: Grassy Surge|[of] p2a: Tapu Bulu
|turn|1
|choice|*move 2|*
|choice|*|*switch 6
|choice|move stealthrock|switch 6
|
|switch|p2a: Shuckle|Shuckle, F|182\/182
|move|p1a: Skarmory|Stealth Rock|p2a: Shuckle
|-sidestart|p2: Cloed|move: Stealth Rock
|
|upkeep
|turn|2
|choice|*|*move 2
|choice|*move 3|*
|choice|move bravebird|move stickyweb
|
|move|p1a: Skarmory|Brave Bird|p2a: Shuckle
|-damage|p2a: Shuckle|139\/182
|-damage|p1a: Skarmory|320\/334|[from] recoil
|-enditem|p2a: Shuckle|Red Card|[of] p1a: Skarmory
|drag|p1a: Chansey|Chansey, F|703\/703
|move|p2a: Shuckle|Sticky Web|p1a: Chansey
|-sidestart|p1: Zero243|move: Sticky Web
|
|-heal|p2a: Shuckle|150\/182|[from] Grassy Terrain
|upkeep
|turn|3
|choice|*move 3|*
|choice|*|*move 3
|choice|move toxic|move stealthrock
|
|move|p1a: Chansey|Toxic|p2a: Shuckle
|-status|p2a: Shuckle|tox
|move|p2a: Shuckle|Stealth Rock|p1a: Chansey
|-sidestart|p1: Zero243|move: Stealth Rock
|
|-heal|p2a: Shuckle|161\/182 tox|[from] Grassy Terrain
|-damage|p2a: Shuckle|150\/182 tox|[from] psn
|upkeep
|turn|4
|choice|*move 4|*
|choice|*|*move 4
|choice|move seismictoss|move toxic
|
|move|p1a: Chansey|Seismic Toss|p2a: Shuckle
|-damage|p2a: Shuckle|50\/182 tox
|move|p2a: Shuckle|Toxic|p1a: Chansey
|-status|p1a: Chansey|tox
|
|-heal|p2a: Shuckle|61\/182 tox|[from] Grassy Terrain
|-damage|p1a: Chansey|660\/703 tox|[from] psn
|-damage|p2a: Shuckle|39\/182 tox|[from] psn
|upkeep
|turn|5
|choice|*|*move 1
|choice|*move 2|*
|choice|move healbell|move knockoff
|
|move|p1a: Chansey|Heal Bell|p1a: Chansey
|-activate|p1a: Chansey|move: Heal Bell
|-curestatus|p1a: Chansey|tox|[msg]
|move|p2a: Shuckle|Knock Off|p1a: Chansey
|-damage|p1a: Chansey|637\/703
|-enditem|p1a: Chansey|Eviolite|[from] move: Knock Off|[of] p2a: Shuckle
|
|-heal|p1a: Chansey|680\/703|[from] Grassy Terrain
|-heal|p2a: Shuckle|50\/182 tox|[from] Grassy Terrain
|-fieldend|move: Grassy Terrain
|-damage|p2a: Shuckle|17\/182 tox|[from] psn
|upkeep
|turn|6
|choice|*|*move 4
|choice|*move 2|*
|choice|move healbell|move toxic
|
|move|p1a: Chansey|Heal Bell|p1a: Chansey
|-activate|p1a: Chansey|move: Heal Bell
|-fail|p1a: Chansey
|move|p2a: Shuckle|Toxic|p1a: Chansey
|-status|p1a: Chansey|tox
|
|-damage|p1a: Chansey|637\/703 tox|[from] psn
|-damage|p2a: Shuckle|0 fnt|[from] psn
|upkeep
|faint|p2a: Shuckle
|choice|*|*switch 3
|choice||switch 3
|
|switch|p2a: Charizard|Charizard, M|298\/298
|-damage|p2a: Charizard|149\/298|[from] Stealth Rock
|turn|7
|choice|*move 3|*
|choice|*|*move 2 mega
|choice|move toxic|move dragonclaw mega
|
|-mega|p2a: Charizard|Charizard|Charizardite X
|detailschange|p2a: Charizard|Charizard-Mega-X, M
|move|p2a: Charizard|Dragon Claw|p1a: Chansey
|-damage|p1a: Chansey|250\/703 tox
|move|p1a: Chansey|Toxic|p2a: Charizard
|-status|p2a: Charizard|tox
|
|-damage|p2a: Charizard|131\/298 tox|[from] psn
|-damage|p1a: Chansey|164\/703 tox|[from] psn
|upkeep
|turn|8
|choice|*|*move 2
|choice|*switch 4|*
|choice|switch 4|move dragonclaw
|
|switch|p1a: Magearna|Magearna|364\/364
|-activate|p1a: Magearna|move: Sticky Web
|-unboost|p1a: Magearna|spe|1
|-damage|p1a: Magearna|342\/364|[from] Stealth Rock
|move|p2a: Charizard|Dragon Claw|p1a: Magearna
|-immune|p1a: Magearna|[msg]
|
|-heal|p1a: Magearna|364\/364|[from] item: Leftovers
|-damage|p2a: Charizard|95\/298 tox|[from] psn
|upkeep
|turn|9
|choice|*move 1|*
|inactive|Reloj de batalla ENCENDIDO. El jugador inactivo será descalificado (solicitado por Zero243).
|inactive|Cloed tiene 135 segundos restantes.
|inactive|Cloed tiene 120 segundos restantes.
|choice|*switch 2|*
|inactive|Cloed tiene 135 segundos restantes.
|inactive|Cloed tiene 120 segundos restantes.
|inactive|Cloed tiene 105 segundos restantes.
|inactive|Cloed tiene 90 segundos restantes.
|inactive|Cloed tiene 75 segundos restantes.
|inactive|Cloed tiene 60 segundos restantes.
|inactive|Cloed tiene 45 segundos restantes.
|choice|*|*move 1
|choice|switch 2|move flareblitz
|
|switch|p1a: Skarmory|Skarmory, F|320\/334
|-damage|p1a: Skarmory|279\/334|[from] Stealth Rock
|move|p2a: Charizard|Flare Blitz|p1a: Skarmory
|-supereffective|p1a: Skarmory
|-damage|p1a: Skarmory|0 fnt
|-damage|p2a: Charizard|3\/298 tox|[from] recoil
|faint|p1a: Skarmory
|
|-damage|p2a: Charizard|0 fnt|[from] psn
|upkeep
|faint|p2a: Charizard
|choice|*switch 2|*
|choice|*|*switch 2
|choice|switch 2|switch 2
|
|switch|p2a: Greninja|Greninja, M|286\/286
|switch|p1a: Magearna|Magearna|364\/364
|-damage|p2a: Greninja|251\/286|[from] Stealth Rock
|-damage|p1a: Magearna|342\/364|[from] Stealth Rock
|-activate|p1a: Magearna|move: Sticky Web
|-unboost|p1a: Magearna|spe|1
|turn|10
|inactive|Cloed tiene 90 segundos restantes.
|choice|*move 1|*
|choice|*|*move 2 zmove
|choice|move fleurcannon|move hydropump zmove
|
|-zpower|p2a: Greninja
|move|p2a: Greninja|Hydro Vortex|p1a: Magearna|[zeffect]
|-damage|p1a: Magearna|114\/364
|move|p1a: Magearna|Fleur Cannon|p2a: Greninja
|-supereffective|p2a: Greninja
|-damage|p2a: Greninja|0 fnt
|-unboost|p1a: Magearna|spa|2
|faint|p2a: Greninja
|-ability|p1a: Magearna|Soul-Heart|boost
|-boost|p1a: Magearna|spa|1
|
|-heal|p1a: Magearna|136\/364|[from] item: Leftovers
|upkeep
|inactive|Cloed tiene 105 segundos restantes.
|choice|*|*switch 4
|choice||switch 4
|
|switch|p2a: Thundurus|Thundurus-Therian, M, shiny|300\/300
|-damage|p2a: Thundurus|225\/300|[from] Stealth Rock
|turn|11
|choice|*move 4|*
|inactive|Cloed tiene 105 segundos restantes.
|choice|*|*move 2
|choice|move protect|move voltswitch
|
|move|p1a: Magearna|Protect|p1a: Magearna
|-singleturn|p1a: Magearna|Protect
|move|p2a: Thundurus|Volt Switch|p1a: Magearna
|-activate|p1a: Magearna|move: Protect
|
|-heal|p1a: Magearna|158\/364|[from] item: Leftovers
|upkeep
|turn|12
|choice|*move 3|*
|choice|*|*move 1
|choice|move icebeam|move sludgebomb
|
|move|p2a: Thundurus|Sludge Bomb|p1a: Magearna
|-immune|p1a: Magearna|[msg]
|move|p1a: Magearna|Ice Beam|p2a: Thundurus
|-supereffective|p2a: Thundurus
|-damage|p2a: Thundurus|39\/300
|
|-heal|p1a: Magearna|180\/364|[from] item: Leftovers
|upkeep
|turn|13
|choice|*move 4|*
|choice|*|*move 3
|choice|move protect|move flashcannon
|
|move|p1a: Magearna|Protect|p1a: Magearna
|-singleturn|p1a: Magearna|Protect
|move|p2a: Thundurus|Flash Cannon|p1a: Magearna
|-activate|p1a: Magearna|move: Protect
|
|-heal|p1a: Magearna|202\/364|[from] item: Leftovers
|upkeep
|turn|14
|choice|*move 3|*
|choice|*|*move 3
|choice|move icebeam|move flashcannon
|
|move|p2a: Thundurus|Flash Cannon|p1a: Magearna
|-damage|p1a: Magearna|67\/364
|-damage|p2a: Thundurus|9\/300|[from] item: Life Orb
|move|p1a: Magearna|Ice Beam|p2a: Thundurus
|-supereffective|p2a: Thundurus
|-damage|p2a: Thundurus|0 fnt
|faint|p2a: Thundurus
|-ability|p1a: Magearna|Soul-Heart|boost
|-boost|p1a: Magearna|spa|1
|
|-heal|p1a: Magearna|89\/364|[from] item: Leftovers
|upkeep
|choice|*|*switch 5
|choice||switch 5
|
|switch|p2a: Muk|Muk-Alola, M|352\/352
|-damage|p2a: Muk|308\/352|[from] Stealth Rock
|turn|15
|choice|*|*move 1
|choice|*move 4|*
|choice|move protect|move knockoff
|
|move|p1a: Magearna|Protect|p1a: Magearna
|-singleturn|p1a: Magearna|Protect
|move|p2a: Muk|Knock Off|p1a: Magearna
|-activate|p1a: Magearna|move: Protect
|
|-heal|p1a: Magearna|111\/364|[from] item: Leftovers
|upkeep
|turn|16
|choice|*|*move 1
|choice|*switch 5|*
|choice|switch 5|move knockoff
|
|switch|p1a: Zygarde|Zygarde, shiny|357\/357
|-activate|p1a: Zygarde|move: Sticky Web
|-unboost|p1a: Zygarde|spe|1
|-damage|p1a: Zygarde|335\/357|[from] Stealth Rock
|-ability|p1a: Zygarde|Aura Break
|move|p2a: Muk|Knock Off|p1a: Zygarde
|-damage|p1a: Zygarde|203\/357
|-enditem|p1a: Zygarde|Choice Scarf|[from] move: Knock Off|[of] p2a: Muk
|
|upkeep
|turn|17
|choice|*|*move 2
|choice|*move 2|*
|choice|move thousandarrows|move poisonjab
|
|move|p1a: Zygarde|Thousand Arrows|p2a: Muk
|-supereffective|p2a: Muk
|-damage|p2a: Muk|0 fnt
|faint|p2a: Muk
|
|upkeep
|choice|*|*switch 6
|choice||switch 6
|
|switch|p2a: Tapu Bulu|Tapu Bulu|344\/344
|-damage|p2a: Tapu Bulu|301\/344|[from] Stealth Rock
|-fieldstart|move: Grassy Terrain|[from] ability: Grassy Surge|[of] p2a: Tapu Bulu
|turn|18
|choice|*|*move 1
|choice|*move 1|*
|choice|move extremespeed|move hornleech
|
|move|p1a: Zygarde|Extreme Speed|p2a: Tapu Bulu
|-damage|p2a: Tapu Bulu|223\/344
|move|p2a: Tapu Bulu|Horn Leech|p1a: Zygarde
|-damage|p1a: Zygarde|0 fnt
|-heal|p2a: Tapu Bulu|325\/344|[from] drain|[of] p1a: Zygarde
|faint|p1a: Zygarde
|
|-heal|p2a: Tapu Bulu|344\/344|[from] Grassy Terrain
|upkeep
|choice|*switch 6|*
|choice|switch 6|
|
|switch|p1a: Greninja|Greninja, F, shiny|289\/289
|-activate|p1a: Greninja|move: Sticky Web
|-unboost|p1a: Greninja|spe|1
|-damage|p1a: Greninja|253\/289|[from] Stealth Rock
|turn|19
|choice|*move 1|*
|choice|*|*move 1
|choice|move gunkshot|move hornleech
|
|move|p1a: Greninja|Gunk Shot|p2a: Tapu Bulu
|-start|p1a: Greninja|typechange|Poison|[from] Protean
|-supereffective|p2a: Tapu Bulu
|-damage|p2a: Tapu Bulu|0 fnt
|faint|p2a: Tapu Bulu
|
|win|Zero243
Zero243 ha ganado 8 PokeDolares.
|raw|Puntaje de Zero243: 1210 &rarr; <strong>1230<\/strong><br \/>(+20 por ganar)
|raw|Puntaje de Cloed: 1128 &rarr; <strong>1115<\/strong><br \/>(-13 por perder)
</script>
</div>
<div class="battle-log battle-log-inline"><div class="inner"><div class="battle-options"></div><div class="inner"><div class=""><small>Format:</small> <br><strong>OU</strong></div><div class="rated"><strong>Rated battle</strong></div><div class=""><small><em>Cláusula-Mod de Dormir:</em> solo puedes dormir a uno de tus oponentes a la vez.</small></div><div class=""><small><em>Cláusula de Especie:</em> Hasta un Pokémon de cada especie</small></div><div class=""><small><em>Cláusula de Golpe Fulminante:</em> los movimientos fulminantes (OHKO) estan prohibidos</small></div><div class=""><small><em>Cláusula de Veleta:</em> la habilidad Veleta está prohibida</small></div><div class=""><small><em>Cláusula de Movimientos Evasivos:</em> los movimientos de Evasión están prohibidos.</small></div><div class=""><small><em>Cláusula de Batallas Eternas:</em> forzar batallas eternas está prohibido</small></div><div class="chat battle-history"><strong>Zero243's team:</strong> <em style="color:#445566;display:block;">Greninja / Chansey / Charizard / Magearna / Zygarde / Skarmory</em></div><div class="chat battle-history"><strong>Cloed's team:</strong> <em style="color:#445566;display:block;">Charizard / Greninja / Tapu Bulu / Thundurus-Therian / Muk-Alola / Shuckle</em></div><div class="spacer battle-history"><br></div><div class="battle-history">Battle started between Zero243 and Cloed!<br></div><div class="spacer battle-history"><br></div><div class="battle-history">Go! <strong>Skarmory</strong>!<br></div><div class="spacer battle-history"><br></div><div class="battle-history">Cloed sent out <strong>Tapu Bulu</strong>!<br></div><div class="battle-history"><small>[The opposing Tapu Bulu's Grassy Surge]</small><br><small>Grass grew to cover the battlefield!</small><br></div><div class="spacer battle-history"><br></div><h2 class="battle-history">Turn 1</h2><div class="spacer battle-history"><br></div><div class="battle-history">Cloed withdrew Tapu Bulu!<br></div><div class="battle-history">Cloed sent out <strong>Shuckle</strong>!<br></div><div class="spacer battle-history"><br></div><div class="battle-history">Skarmory used <strong>Stealth Rock</strong>!<br></div><div class="battle-history"><small>Pointed stones float in the air around the opposing team!</small><br></div><div class="spacer battle-history"><br></div><h2 class="battle-history">Turn 2</h2><div class="spacer battle-history"><br></div><div class="battle-history">Skarmory used <strong>Brave Bird</strong>!<br></div><div class="battle-history"><small>(The opposing Shuckle lost <abbr title="−43/182">23.6%</abbr> of its health!)</small><br></div><div class="battle-history"><small>Skarmory is damaged by the recoil!</small><br></div><div class="battle-history"><small>The opposing Shuckle held up its Red Card against Skarmory!</small><br></div><div class="spacer battle-history"><br></div><div class="battle-history"><strong>Chansey</strong> was dragged out!<br></div><div class="spacer battle-history"><br></div><div class="battle-history">The opposing Shuckle used <strong>Sticky Web</strong>!<br></div><div class="battle-history"><small>A sticky web spreads out on the ground around your team!</small><br></div><div class="spacer battle-history"><br></div><div class="battle-history"><small>The opposing Shuckle restored HP using its Grassy Terrain!</small><br></div><div class="spacer battle-history"><br></div><h2 class="battle-history">Turn 3</h2><div class="spacer battle-history"><br></div><div class="battle-history">Chansey used <strong>Toxic</strong>!<br></div><div class="battle-history"><small>The opposing Shuckle was badly poisoned!</small><br></div><div class="spacer battle-history"><br></div><div class="battle-history">The opposing Shuckle used <strong>Stealth Rock</strong>!<br></div><div class="battle-history"><small>Pointed stones float in the air around your team!</small><br></div><div class="spacer battle-history"><br></div><div class="battle-history"><small>The opposing Shuckle restored HP using its Grassy Terrain!</small><br></div><div class="battle-history"><small>The opposing Shuckle was hurt by poison!</small><br></div><div class="spacer battle-history"><br></div><h2 class="battle-history">Turn 4</h2><div class="spacer battle-history"><br></div><div class="battle-history">Chansey used <strong>Seismic Toss</strong>!<br></div><div class="battle-history"><small>(The opposing Shuckle lost <abbr title="−100/182">54.9%</abbr> of its health!)</small><br></div><div class="spacer battle-history"><br></div><div class="battle-history">The opposing Shuckle used <strong>Toxic</strong>!<br></div><div class="battle-history"><small>Chansey was badly poisoned!</small><br></div><div class="spacer battle-history"><br></div><div class="battle-history"><small>The opposing Shuckle restored HP using its Grassy Terrain!</small><br></div><div class="battle-history"><small>Chansey was hurt by poison!</small><br></div><div class="battle-history"><small>The opposing Shuckle was hurt by poison!</small><br></div><div class="spacer battle-history"><br></div><h2 class="battle-history">Turn 5</h2><div class="spacer battle-history"><br></div><div class="battle-history">Chansey used <strong>Heal Bell</strong>!<br></div><div class="battle-history"><small>A bell chimed!</small><br></div><div class="battle-history"><small>Chansey was cured of its poisoning.</small><br></div><div class="spacer battle-history"><br></div><div class="battle-history">The opposing Shuckle used <strong>Knock Off</strong>!<br></div><div class="battle-history"><small>(Chansey lost <abbr title="−23/703">3.3%</abbr> of its health!)</small><br></div><div class="battle-history"><small>The opposing Shuckle knocked off Chansey's Eviolite!</small><br></div><div class="spacer battle-history"><br></div><div class="battle-history"><small>Chansey restored HP using its Grassy Terrain!</small><br></div><div class="battle-history"><small>The opposing Shuckle restored HP using its Grassy Terrain!</small><br></div><div class="battle-history"><small>The grass disappeared from the battlefield.</small><br></div><div class="battle-history"><small>The opposing Shuckle was hurt by poison!</small><br></div><div class="spacer battle-history"><br></div><h2 class="battle-history">Turn 6</h2><div class="spacer battle-history"><br></div><div class="battle-history">Chansey used <strong>Heal Bell</strong>!<br></div><div class="battle-history"><small>A bell chimed!</small><br></div><div class="battle-history"><small>But it failed!</small><br></div><div class="spacer battle-history"><br></div><div class="battle-history">The opposing Shuckle used <strong>Toxic</strong>!<br></div><div class="battle-history"><small>Chansey was badly poisoned!</small><br></div><div class="spacer battle-history"><br></div><div class="battle-history"><small>Chansey was hurt by poison!</small><br></div><div class="battle-history"><small>The opposing Shuckle was hurt by poison!</small><br></div><div class="spacer battle-history"><br></div><div class="battle-history">The opposing Shuckle fainted!<br></div><div class="spacer battle-history"><br></div><div class="battle-history">Cloed sent out <strong>Charizard</strong>!<br></div><div class="battle-history"><small>Pointed stones dug into the opposing Charizard!</small><br></div><div class="spacer battle-history"><br></div><h2 class="battle-history">Turn 7</h2><div class="spacer battle-history"><br></div><div class="battle-history"><small>The opposing Charizard's Charizardite X is reacting to the Key Stone!</small><br>The opposing Charizard has Mega Evolved into Mega Charizard!<br></div><div class="spacer battle-history"><br></div><div class="battle-history">The opposing Charizard used <strong>Dragon Claw</strong>!<br></div><div class="battle-history"><small>(Chansey lost <abbr title="−387/703">55.0%</abbr> of its health!)</small><br></div><div class="spacer battle-history"><br></div><div class="battle-history">Chansey used <strong>Toxic</strong>!<br></div><div class="battle-history"><small>The opposing Charizard was badly poisoned!</small><br></div><div class="spacer battle-history"><br></div><div class="battle-history"><small>The opposing Charizard was hurt by poison!</small><br></div><div class="battle-history"><small>Chansey was hurt by poison!</small><br></div><div class="spacer battle-history"><br></div><h2 class="battle-history">Turn 8</h2><div class="spacer battle-history"><br></div><div class="battle-history">Chansey, come back!<br></div><div class="battle-history">Go! <strong>Magearna</strong>!<br></div><div class="battle-history"><small>Magearna was caught in a sticky web!</small><br></div><div class="battle-history"><small>Magearna's Speed fell!</small><br></div><div class="battle-history"><small>Pointed stones dug into Magearna!</small><br></div><div class="spacer battle-history"><br></div><div class="battle-history">The opposing Charizard used <strong>Dragon Claw</strong>!<br></div><div class="battle-history"><small>It doesn't affect Magearna...</small><br></div><div class="spacer battle-history"><br></div><div class="battle-history"><small>Magearna restored a little HP using its Leftovers!</small><br></div><div class="battle-history"><small>The opposing Charizard was hurt by poison!</small><br></div><div class="spacer battle-history"><br></div><h2 class="battle-history">Turn 9</h2><div class="chat message-error">Reloj de batalla ENCENDIDO. El jugador inactivo será descalificado (solicitado por Zero243).</div><div class="chat message-error">Cloed tiene 135 segundos restantes.</div><div class="chat message-error">Cloed tiene 120 segundos restantes.</div><div class="chat message-error">Cloed tiene 135 segundos restantes.</div><div class="chat message-error">Cloed tiene 120 segundos restantes.</div><div class="chat message-error">Cloed tiene 105 segundos restantes.</div><div class="chat message-error">Cloed tiene 90 segundos restantes.</div><div class="chat message-error">Cloed tiene 75 segundos restantes.</div><div class="chat message-error">Cloed tiene 60 segundos restantes.</div><div class="chat message-error">Cloed tiene 45 segundos restantes.</div><div class="spacer battle-history"><br></div><div class="battle-history">Magearna, come back!<br></div><div class="battle-history">Go! <strong>Skarmory</strong>!<br></div><div class="battle-history"><small>Pointed stones dug into Skarmory!</small><br></div><div class="spacer battle-history"><br></div><div class="battle-history">The opposing Charizard used <strong>Flare Blitz</strong>!<br></div><div class="battle-history"><small>It's super effective!</small><br></div><div class="battle-history"><small>(Skarmory lost <abbr title="−279/334">83.5%</abbr> of its health!)</small><br></div><div class="battle-history"><small>The opposing Charizard is damaged by the recoil!</small><br></div><div class="spacer battle-history"><br></div><div class="battle-history">Skarmory fainted!<br></div><div class="spacer battle-history"><br></div><div class="battle-history"><small>The opposing Charizard was hurt by poison!</small><br></div><div class="spacer battle-history"><br></div><div class="battle-history">The opposing Charizard fainted!<br></div><div class="spacer battle-history"><br></div><div class="battle-history">Cloed sent out <strong>Greninja</strong>!<br></div><div class="spacer battle-history"><br></div><div class="battle-history">Go! <strong>Magearna</strong>!<br></div><div class="battle-history"><small>Pointed stones dug into the opposing Greninja!</small><br></div><div class="battle-history"><small>Pointed stones dug into Magearna!</small><br></div><div class="battle-history"><small>Magearna was caught in a sticky web!</small><br></div><div class="battle-history"><small>Magearna's Speed fell!</small><br></div><div class="spacer battle-history"><br></div><h2 class="battle-history">Turn 10</h2><div class="chat message-error">Cloed tiene 90 segundos restantes.</div><div class="spacer battle-history"><br></div><div class="battle-history"><small>The opposing Greninja surrounded itself with its Z-Power!</small><br></div><div class="spacer battle-history"><br></div><div class="battle-history">The opposing Greninja used <strong>Hydro Vortex</strong>!<br></div><div class="battle-history"><small>(Magearna lost <abbr title="−228/364">62.6%</abbr> of its health!)</small><br></div><div class="spacer battle-history"><br></div><div class="battle-history">Magearna used <strong>Fleur Cannon</strong>!<br></div><div class="battle-history"><small>It's super effective!</small><br></div><div class="battle-history"><small>(The opposing Greninja lost <abbr title="−251/286">87.8%</abbr> of its health!)</small><br></div><div class="battle-history"><small>Magearna's Special Attack fell harshly!</small><br></div><div class="spacer battle-history"><br></div><div class="battle-history">The opposing Greninja fainted!<br></div><div class="battle-history"><small>[Magearna's Soul-Heart]</small><br></div><div class="battle-history"><small>Magearna's Special Attack rose!</small><br></div><div class="spacer battle-history"><br></div><div class="battle-history"><small>Magearna restored a little HP using its Leftovers!</small><br></div><div class="chat message-error">Cloed tiene 105 segundos restantes.</div><div class="spacer battle-history"><br></div><div class="battle-history">Cloed sent out Thundurus (<strong>Thundurus-Therian</strong>)!<br></div><div class="battle-history"><small>Pointed stones dug into the opposing Thundurus!</small><br></div><div class="spacer battle-history"><br></div><h2 class="battle-history">Turn 11</h2><div class="chat message-error">Cloed tiene 105 segundos restantes.</div><div class="spacer battle-history"><br></div><div class="battle-history">Magearna used <strong>Protect</strong>!<br></div><div class="battle-history"><small>Magearna protected itself!</small><br></div><div class="spacer battle-history"><br></div><div class="battle-history">The opposing Thundurus used <strong>Volt Switch</strong>!<br></div><div class="battle-history"><small>Magearna protected itself!</small><br></div><div class="spacer battle-history"><br></div><div class="battle-history"><small>Magearna restored a little HP using its Leftovers!</small><br></div><div class="spacer battle-history"><br></div><h2 class="battle-history">Turn 12</h2><div class="spacer battle-history"><br></div><div class="battle-history">The opposing Thundurus used <strong>Sludge Bomb</strong>!<br></div><div class="battle-history"><small>It doesn't affect Magearna...</small><br></div><div class="spacer battle-history"><br></div><div class="battle-history">Magearna used <strong>Ice Beam</strong>!<br></div><div class="battle-history"><small>It's super effective!</small><br></div><div class="battle-history"><small>(The opposing Thundurus lost <abbr title="−186/300">62%</abbr> of its health!)</small><br></div><div class="spacer battle-history"><br></div><div class="battle-history"><small>Magearna restored a little HP using its Leftovers!</small><br></div><div class="spacer battle-history"><br></div><h2 class="battle-history">Turn 13</h2><div class="spacer battle-history"><br></div><div class="battle-history">Magearna used <strong>Protect</strong>!<br></div><div class="battle-history"><small>Magearna protected itself!</small><br></div><div class="spacer battle-history"><br></div><div class="battle-history">The opposing Thundurus used <strong>Flash Cannon</strong>!<br></div><div class="battle-history"><small>Magearna protected itself!</small><br></div><div class="spacer battle-history"><br></div><div class="battle-history"><small>Magearna restored a little HP using its Leftovers!</small><br></div><div class="spacer battle-history"><br></div><h2 class="battle-history">Turn 14</h2><div class="spacer battle-history"><br></div><div class="battle-history">The opposing Thundurus used <strong>Flash Cannon</strong>!<br></div><div class="battle-history"><small>(Magearna lost <abbr title="−135/364">37.1%</abbr> of its health!)</small><br></div><div class="battle-history"><small>The opposing Thundurus lost some of its HP!</small><br></div><div class="spacer battle-history"><br></div><div class="battle-history">Magearna used <strong>Ice Beam</strong>!<br></div><div class="battle-history"><small>It's super effective!</small><br></div><div class="battle-history"><small>(The opposing Thundurus lost <abbr title="−9/300">3%</abbr> of its health!)</small><br></div><div class="spacer battle-history"><br></div><div class="battle-history">The opposing Thundurus fainted!<br></div><div class="battle-history"><small>[Magearna's Soul-Heart]</small><br></div><div class="battle-history"><small>Magearna's Special Attack rose!</small><br></div><div class="spacer battle-history"><br></div><div class="battle-history"><small>Magearna restored a little HP using its Leftovers!</small><br></div><div class="spacer battle-history"><br></div><div class="battle-history">Cloed sent out Muk (<strong>Muk-Alola</strong>)!<br></div><div class="battle-history"><small>Pointed stones dug into the opposing Muk!</small><br></div><div class="spacer battle-history"><br></div><h2 class="battle-history">Turn 15</h2><div class="spacer battle-history"><br></div><div class="battle-history">Magearna used <strong>Protect</strong>!<br></div><div class="battle-history"><small>Magearna protected itself!</small><br></div><div class="spacer battle-history"><br></div><div class="battle-history">The opposing Muk used <strong>Knock Off</strong>!<br></div><div class="battle-history"><small>Magearna protected itself!</small><br></div><div class="spacer battle-history"><br></div><div class="battle-history"><small>Magearna restored a little HP using its Leftovers!</small><br></div><div class="spacer battle-history"><br></div><h2 class="battle-history">Turn 16</h2><div class="spacer battle-history"><br></div><div class="battle-history">Magearna, come back!<br></div><div class="battle-history">Go! <strong>Zygarde</strong>!<br></div><div class="battle-history"><small>Zygarde was caught in a sticky web!</small><br></div><div class="battle-history"><small>Zygarde's Speed fell!</small><br></div><div class="battle-history"><small>Pointed stones dug into Zygarde!</small><br></div><div class="battle-history"><small>[Zygarde's Aura Break]</small><br><small>Zygarde reversed all other Pokémon's auras!</small><br></div><div class="spacer battle-history"><br></div><div class="battle-history">The opposing Muk used <strong>Knock Off</strong>!<br></div><div class="battle-history"><small>(Zygarde lost <abbr title="−132/357">37.0%</abbr> of its health!)</small><br></div><div class="battle-history"><small>The opposing Muk knocked off Zygarde's Choice Scarf!</small><br></div><div class="spacer battle-history"><br></div><h2 class="battle-history">Turn 17</h2><div class="spacer battle-history"><br></div><div class="battle-history">Zygarde used <strong>Thousand Arrows</strong>!<br></div><div class="battle-history"><small>It's super effective!</small><br></div><div class="battle-history"><small>(The opposing Muk lost <abbr title="−308/352">87.5%</abbr> of its health!)</small><br></div><div class="spacer battle-history"><br></div><div class="battle-history">The opposing Muk fainted!<br></div><div class="spacer battle-history"><br></div><div class="battle-history">Cloed sent out <strong>Tapu Bulu</strong>!<br></div><div class="battle-history"><small>Pointed stones dug into the opposing Tapu Bulu!</small><br></div><div class="battle-history"><small>[The opposing Tapu Bulu's Grassy Surge]</small><br><small>Grass grew to cover the battlefield!</small><br></div><div class="spacer battle-history"><br></div><h2 class="battle-history">Turn 18</h2><div class="spacer battle-history"><br></div><div class="battle-history">Zygarde used <strong>Extreme Speed</strong>!<br></div><div class="battle-history"><small>(The opposing Tapu Bulu lost <abbr title="−78/344">22.7%</abbr> of its health!)</small><br></div><div class="spacer battle-history"><br></div><div class="battle-history">The opposing Tapu Bulu used <strong>Horn Leech</strong>!<br></div><div class="battle-history"><small>(Zygarde lost <abbr title="−203/357">56.9%</abbr> of its health!)</small><br></div><div class="battle-history"><small>Zygarde had its energy drained!</small><br></div><div class="spacer battle-history"><br></div><div class="battle-history">Zygarde fainted!<br></div><div class="spacer battle-history"><br></div><div class="battle-history"><small>The opposing Tapu Bulu restored HP using its Grassy Terrain!</small><br></div><div class="spacer battle-history"><br></div><div class="battle-history">Go! <strong>Greninja</strong>!<br></div><div class="battle-history"><small>Greninja was caught in a sticky web!</small><br></div><div class="battle-history"><small>Greninja's Speed fell!</small><br></div><div class="battle-history"><small>Pointed stones dug into Greninja!</small><br></div><div class="spacer battle-history"><br></div><h2 class="battle-history">Turn 19</h2><div class="spacer battle-history"><br></div><div class="battle-history">Greninja used <strong>Gunk Shot</strong>!<br></div><div class="spacer battle-history"><br></div><div class="battle-history"><small>[Greninja's Protean]</small><br><small>Greninja transformed into the Poison type!</small><br></div><div class="battle-history"><small>It's super effective!</small><br></div><div class="battle-history"><small>(The opposing Tapu Bulu lost <abbr title="−344/344">100%</abbr> of its health!)</small><br></div><div class="spacer battle-history"><br></div><div class="battle-history">The opposing Tapu Bulu fainted!<br></div><div class="spacer battle-history"><br></div><div class="battle-history"><strong>Zero243</strong> won the battle!<br></div><div class="chat">Zero243 ha ganado 8 PokeDolares.</div><div class="chat">Puntaje de Zero243: 1210 → <strong>1230</strong><br>(+20 por ganar)</div><div class="chat">Puntaje de Cloed: 1128 → <strong>1115</strong><br>(-13 por perder)</div></div><div class="inner-preempt"></div></div></div>
</div>
<script>
let daily = Math.floor(Date.now()/1000/60/60/24);document.write('<script src="https://play.pokemonshowdown.com/js/replay-embed.js?version'+daily+'"></'+'script>');
</script>
