<!DOCTYPE html>
<meta charset="utf-8" />
<!-- version 1 -->
<title>OU replay: Milkito vs. pepinoxo</title>
<style>
html,body {font-family:Verdana, sans-serif;font-size:10pt;margin:0;padding:0;}body{padding:12px 0;} .battle-log {font-family:Verdana, sans-serif;font-size:10pt;} .battle-log-inline {border:1px solid #AAAAAA;background:#EEF2F5;color:black;max-width:640px;margin:0 auto 80px;padding-bottom:5px;} .battle-log .inner {padding:4px 8px 0px 8px;} .battle-log .inner-preempt {padding:0 8px 4px 8px;} .battle-log .inner-after {margin-top:0.5em;} .battle-log h2 {margin:0.5em -8px;padding:4px 8px;border:1px solid #AAAAAA;background:#E0E7EA;border-left:0;border-right:0;font-family:Verdana, sans-serif;font-size:13pt;} .battle-log .chat {vertical-align:middle;padding:3px 0 3px 0;font-size:8pt;} .battle-log .chat strong {color:#40576A;} .battle-log .chat em {padding:1px 4px 1px 3px;color:#000000;font-style:normal;} .chat.mine {background:rgba(0,0,0,0.05);margin-left:-8px;margin-right:-8px;padding-left:8px;padding-right:8px;} .spoiler {color:#BBBBBB;background:#BBBBBB;padding:0px 3px;} .spoiler:hover, .spoiler:active, .spoiler-shown {color:#000000;background:#E2E2E2;padding:0px 3px;} .spoiler a {color:#BBBBBB;} .spoiler:hover a, .spoiler:active a, .spoiler-shown a {color:#2288CC;} .chat code, .chat .spoiler:hover code, .chat .spoiler:active code, .chat .spoiler-shown code {border:1px solid #C0C0C0;background:#EEEEEE;color:black;padding:0 2px;} .chat .spoiler code {border:1px solid #CCCCCC;background:#CCCCCC;color:#CCCCCC;} .battle-log .rated {padding:3px 4px;} .battle-log .rated strong {color:white;background:#89A;padding:1px 4px;border-radius:4px;} .spacer {margin-top:0.5em;} .message-announce {background:#6688AA;color:white;padding:1px 4px 2px;} .message-announce a, .broadcast-green a, .broadcast-blue a, .broadcast-red a {color:#DDEEFF;} .broadcast-green {background-color:#559955;color:white;padding:2px 4px;} .broadcast-blue {background-color:#6688AA;color:white;padding:2px 4px;} .infobox {border:1px solid #6688AA;padding:2px 4px;} .infobox-limited {max-height:200px;overflow:auto;overflow-x:hidden;} .broadcast-red {background-color:#AA5544;color:white;padding:2px 4px;} .message-learn-canlearn {font-weight:bold;color:#228822;text-decoration:underline;} .message-learn-cannotlearn {font-weight:bold;color:#CC2222;text-decoration:underline;} .message-effect-weak {font-weight:bold;color:#CC2222;} .message-effect-resist {font-weight:bold;color:#6688AA;} .message-effect-immune {font-weight:bold;color:#666666;} .message-learn-list {margin-top:0;margin-bottom:0;} .message-throttle-notice, .message-error {color:#992222;} .message-overflow, .chat small.message-overflow {font-size:0pt;} .message-overflow::before {font-size:9pt;content:'...';} .subtle {color:#3A4A66;}
</style>
<div class="wrapper replay-wrapper" style="max-width:1180px;margin:0 auto">
<input type="hidden" name="replayid" value="destiny-ou-415414" />
<div class="battle"></div><div class="battle-log"></div><div class="replay-controls"></div><div class="replay-controls-2"></div>
<h1 style="font-weight:normal;text-align:center"><strong>OU</strong><br /><a href="http://pokemonshowdown.com/users/milkito" class="subtle" target="_blank">Milkito</a> vs. <a href="http://pokemonshowdown.com/users/pepinoxo" class="subtle" target="_blank">pepinoxo</a></h1>
<script type="text/plain" class="battle-log-data">|player|p1|Milkito|milkito-2.gif?ef8a1952
|teamsize|p1|6
|player|p2|pepinoxo|170
|teamsize|p2|6
|teamsize|p1|6
|teamsize|p2|6
|gametype|singles
|gen|7
|tier|OU
|seed|64456,53183,20144,9899
|rule|Cláusula-Mod de Dormir: solo puedes dormir a uno de tus oponentes a la vez.
|rule|Cláusula de Especie: Hasta un Pokémon de cada especie
|rule|Cláusula de Golpe Fulminante: los movimientos fulminantes (OHKO) estan prohibidos
|rule|Cláusula de Veleta: la habilidad Veleta está prohibida
|rule|Cláusula de Movimientos Evasivos: los movimientos de Evasión están prohibidos.
|rule|Cláusula de Batallas Eternas: forzar batallas eternas está prohibido
|clearpoke
|poke|p1|Dodrio, M, shiny|item
|poke|p1|Alakazam, F, shiny|item
|poke|p1|Trevenant, M, shiny|item
|poke|p1|Incineroar, M|item
|poke|p1|Poliwrath, F|item
|poke|p1|Excadrill, F, shiny|item
|poke|p2|Araquanid, F|item
|poke|p2|Tapu Lele|item
|poke|p2|Alakazam, F|item
|poke|p2|Tapu Bulu|item
|poke|p2|Reuniclus, F|item
|poke|p2|Crawdaunt, F|item
|teampreview|undefined
|c|☆pepinoxo|ufff
|c|☆Milkito|:v
|c|☆pepinoxo|araquiagod
|c|☆Milkito|Esto
|c|☆pepinoxo|gg
|c|☆Milkito|Si que se ve bueno
|choice|*team 423156|*
|choice|*|*team 123456
|choice|team 4, 2, 3, 1, 5, 6|team 1, 2, 3, 4, 5, 6
|
|start
|switch|p1a: Incineroar|Incineroar, M|393\/393
|switch|p2a: Araquanid|Araquanid, F|340\/340
|-ability|p1a: Incineroar|Intimidate|boost
|-unboost|p2a: Araquanid|atk|1
|turn|1
|choice|*|*switch 2
|choice|*move 4|*
|choice|move fakeout|switch 2
|
|switch|p2a: Tapu Lele|Tapu Lele|282\/282
|-fieldstart|move: Psychic Terrain|[from] ability: Psychic Surge|[of] p2a: Tapu Lele
|move|p1a: Incineroar|Fake Out|p2a: Tapu Lele
|-activate|p2a: Tapu Lele|move: Psychic Terrain
|
|upkeep
|turn|2
|c|☆Milkito|A prro
|choice|*|*switch 2
|c|☆Milkito|Trais el omnitrix
|choice|*move 1|*
|choice|move uturn|switch 2
|
|switch|p2a: Araquanid|Araquanid, F|340\/340
|move|p1a: Incineroar|U-turn|p2a: Araquanid
|-damage|p2a: Araquanid|260\/340
|c|☆Milkito|v:
|choice|*switch 4|*
|choice|switch 4|
|
|switch|p1a: Dodrio|Dodrio, M, shiny|261\/261|[from]move: U-turn
|
|upkeep
|turn|3
|c|☆Milkito|>:v
|choice|*|*switch 2
|choice|*move 3|*
|choice|move bravebird|switch 2
|
|switch|p2a: Tapu Lele|Tapu Lele|282\/282
|move|p1a: Dodrio|Brave Bird|p2a: Tapu Lele
|-damage|p2a: Tapu Lele|27\/282
|-damage|p1a: Dodrio|177\/261|[from] recoil
|
|upkeep
|turn|4
|c|☆pepinoxo|ja
|choice|*switch 4|*
|choice|*|*switch 2
|choice|switch 4|switch 2
|
|switch|p1a: Incineroar|Incineroar, M|393\/393
|-ability|p1a: Incineroar|Intimidate|boost
|-unboost|p2a: Tapu Lele|atk|1
|switch|p2a: Araquanid|Araquanid, F|260\/340
|
|upkeep
|turn|5
|choice|*|*move 1
|c|☆pepinoxo|re ez
|choice|*move 1|*
|choice|move uturn|move stickyweb
|
|move|p1a: Incineroar|U-turn|p2a: Araquanid
|-damage|p2a: Araquanid|182\/340
|c|☆Milkito|:v
|c|☆Milkito|rez
|choice|*switch 5|*
|choice|switch 5|
|
|switch|p1a: Poliwrath|Poliwrath, F|382\/382|[from]move: U-turn
|move|p2a: Araquanid|Sticky Web|p1a: Poliwrath
|-sidestart|p1: Milkito|move: Sticky Web
|
|-fieldend|move: Psychic Terrain
|upkeep
|turn|6
|choice|*|*move 3
|c|☆pepinoxo|mira
|choice|*move 1|*
|choice|move circlethrow|move toxic
|
|move|p2a: Araquanid|Toxic|p1a: Poliwrath|[miss]
|-miss|p2a: Araquanid|p1a: Poliwrath
|move|p1a: Poliwrath|Circle Throw|p2a: Araquanid
|-resisted|p2a: Araquanid
|-damage|p2a: Araquanid|128\/340
|drag|p2a: Tapu Bulu|Tapu Bulu|282\/282
|-fieldstart|move: Grassy Terrain|[from] ability: Grassy Surge|[of] p2a: Tapu Bulu
|
|upkeep
|turn|7
|c|☆pepinoxo|este
|c|☆pepinoxo|nmms
|c|☆pepinoxo|:V
|c|☆Milkito|Como fallas
|c|☆Milkito|:v
|choice|*switch 3|*
|choice|*|*move 4
|choice|switch 3|move woodhammer
|
|switch|p1a: Trevenant|Trevenant, M, shiny|372\/372
|-activate|p1a: Trevenant|move: Sticky Web
|-unboost|p1a: Trevenant|spe|1
|move|p2a: Tapu Bulu|Wood Hammer|p1a: Trevenant
|-resisted|p1a: Trevenant
|-damage|p1a: Trevenant|178\/372
|-damage|p2a: Tapu Bulu|218\/282|[from] recoil
|-enditem|p1a: Trevenant|Sitrus Berry|[eat]
|-heal|p1a: Trevenant|271\/372|[from] item: Sitrus Berry
|
|-heal|p2a: Tapu Bulu|235\/282|[from] Grassy Terrain
|-heal|p1a: Trevenant|294\/372|[from] Grassy Terrain
|upkeep
|turn|8
|c|☆Milkito|xDD
|choice|*|*switch 5
|choice|*|*switch 5
|choice|*switch 5|*
|choice|switch 5|switch 5
|
|switch|p2a: Reuniclus|Reuniclus, F|424\/424
|-enditem|p2a: Reuniclus|Grassy Seed
|-boost|p2a: Reuniclus|def|1
|switch|p1a: Incineroar|Incineroar, M|393\/393
|-activate|p1a: Incineroar|move: Sticky Web
|-unboost|p1a: Incineroar|spe|1
|-ability|p1a: Incineroar|Intimidate|boost
|-unboost|p2a: Reuniclus|atk|1
|
|upkeep
|turn|9
|choice|*move 4|*
|c|☆pepinoxo|que re ez
|c|☆Milkito|:v
|choice|*|*move 1
|choice|move fakeout|move calmmind
|
|move|p1a: Incineroar|Fake Out|p2a: Reuniclus
|-damage|p2a: Reuniclus|401\/424
|cant|p2a: Reuniclus|flinch
|
|-heal|p2a: Reuniclus|424\/424|[from] Grassy Terrain
|upkeep
|turn|10
|choice|*|*move 1
|choice|*move 1|*
|choice|move uturn|move calmmind
|
|move|p1a: Incineroar|U-turn|p2a: Reuniclus
|-supereffective|p2a: Reuniclus
|-damage|p2a: Reuniclus|332\/424
|c|☆pepinoxo|ya es gigi re izy
|choice|*switch 6|*
|choice|switch 6|
|
|switch|p1a: Excadrill|Excadrill, F, shiny|423\/423|[from]move: U-turn
|-activate|p1a: Excadrill|move: Sticky Web
|-unboost|p1a: Excadrill|spe|1
|-ability|p1a: Excadrill|Mold Breaker
|move|p2a: Reuniclus|Calm Mind|p2a: Reuniclus
|-boost|p2a: Reuniclus|spa|1
|-boost|p2a: Reuniclus|spd|1
|
|-heal|p2a: Reuniclus|358\/424|[from] Grassy Terrain
|-fieldend|move: Grassy Terrain
|upkeep
|turn|11
|c|☆pepinoxo|pixy
|choice|*|*move 1
|choice|*move 1|*
|choice|move rapidspin|move calmmind
|
|move|p1a: Excadrill|Rapid Spin|p2a: Reuniclus
|-damage|p2a: Reuniclus|346\/424
|-sideend|p1: Milkito|Sticky Web|[from] move: Rapid Spin|[of] p1a: Excadrill
|move|p2a: Reuniclus|Calm Mind|p2a: Reuniclus
|-boost|p2a: Reuniclus|spa|1
|-boost|p2a: Reuniclus|spd|1
|
|upkeep
|turn|12
|choice|*move 2|*
|c|☆Milkito|!dt psych up
|c|~|\/data-move Psych Up
|raw|<font size="1"><font color=#585858>Prioridad:<\/font> 0&nbsp;|&ThickSpace;<font color=#585858>Gen:<\/font> 2&nbsp;|&ThickSpace;<font color=#585858><font color=black>&#10003; Ignora Protect<\/font><\/font>&nbsp;|&ThickSpace;<font color=#585858><font color=black>&#10003; Ignora sustitutos<\/font><\/font>&nbsp;|&ThickSpace;<font color=#585858>Efecto Z:<\/font> Restaura salud al máximo&nbsp;|&ThickSpace;<font color=#585858>Objetivo:<\/font> Pokémon Adyacentes<\/font>
|c|☆Milkito|:)
|choice|*|*move 1
|choice|move stealthrock|move calmmind
|
|move|p1a: Excadrill|Stealth Rock|p2a: Reuniclus
|-sidestart|p2: pepinoxo|move: Stealth Rock
|move|p2a: Reuniclus|Calm Mind|p2a: Reuniclus
|-boost|p2a: Reuniclus|spa|1
|-boost|p2a: Reuniclus|spd|1
|
|upkeep
|turn|13
|c|☆pepinoxo|:V
|choice|*move 3|*
|choice|*|*move 2
|choice|move ironhead|move psyshock
|
|move|p1a: Excadrill|Iron Head|p2a: Reuniclus
|-damage|p2a: Reuniclus|277\/424
|move|p2a: Reuniclus|Psyshock|p1a: Excadrill
|-resisted|p1a: Excadrill
|-damage|p1a: Excadrill|191\/423
|
|-heal|p1a: Excadrill|217\/423|[from] item: Leftovers
|upkeep
|turn|14
|choice|*|*move 4
|choice|*move 3|*
|choice|move ironhead|move recover
|
|move|p1a: Excadrill|Iron Head|p2a: Reuniclus
|-damage|p2a: Reuniclus|211\/424
|cant|p2a: Reuniclus|flinch
|
|-heal|p1a: Excadrill|243\/423|[from] item: Leftovers
|upkeep
|turn|15
|choice|*move 3|*
|c|☆pepinoxo|5 retroces
|c|☆pepinoxo|re
|c|☆pepinoxo|ez
|choice|*|*move 4
|choice|move ironhead|move recover
|
|move|p1a: Excadrill|Iron Head|p2a: Reuniclus
|-damage|p2a: Reuniclus|139\/424
|cant|p2a: Reuniclus|flinch
|
|-heal|p1a: Excadrill|269\/423|[from] item: Leftovers
|upkeep
|turn|16
|choice|*|*move 4
|choice|*move 3|*
|choice|move ironhead|move recover
|
|move|p1a: Excadrill|Iron Head|p2a: Reuniclus
|-damage|p2a: Reuniclus|70\/424
|move|p2a: Reuniclus|Recover|p2a: Reuniclus
|-heal|p2a: Reuniclus|282\/424
|
|-heal|p1a: Excadrill|295\/423|[from] item: Leftovers
|upkeep
|turn|17
|c|☆pepinoxo|uf
|c|☆pepinoxo|:v
|choice|*move 3|*
|choice|*|*move 4
|choice|move ironhead|move recover
|
|move|p1a: Excadrill|Iron Head|p2a: Reuniclus
|-damage|p2a: Reuniclus|206\/424
|move|p2a: Reuniclus|Recover|p2a: Reuniclus
|-heal|p2a: Reuniclus|418\/424
|
|-heal|p1a: Excadrill|321\/423|[from] item: Leftovers
|upkeep
|turn|18
|choice|*move 3|*
|choice|*|*move 1
|choice|move ironhead|move calmmind
|
|move|p1a: Excadrill|Iron Head|p2a: Reuniclus
|-damage|p2a: Reuniclus|348\/424
|cant|p2a: Reuniclus|flinch
|
|-heal|p1a: Excadrill|347\/423|[from] item: Leftovers
|upkeep
|turn|19
|choice|*|*move 1
|choice|*move 3|*
|choice|move ironhead|move calmmind
|
|move|p1a: Excadrill|Iron Head|p2a: Reuniclus
|-damage|p2a: Reuniclus|281\/424
|move|p2a: Reuniclus|Calm Mind|p2a: Reuniclus
|-boost|p2a: Reuniclus|spa|1
|-boost|p2a: Reuniclus|spd|1
|
|-heal|p1a: Excadrill|373\/423|[from] item: Leftovers
|upkeep
|turn|20
|choice|*move 3|*
|c|☆Milkito|Se viene
|c|☆Milkito|El crit
|c|☆Milkito|:v
|choice|*|*move 4
|choice|move ironhead|move recover
|
|move|p1a: Excadrill|Iron Head|p2a: Reuniclus
|-damage|p2a: Reuniclus|203\/424
|move|p2a: Reuniclus|Recover|p2a: Reuniclus
|-heal|p2a: Reuniclus|415\/424
|
|-heal|p1a: Excadrill|399\/423|[from] item: Leftovers
|upkeep
|turn|21
|choice|*|*move 3
|choice|*move 3|*
|choice|move ironhead|move hiddenpower
|
|move|p1a: Excadrill|Iron Head|p2a: Reuniclus
|-damage|p2a: Reuniclus|342\/424
|cant|p2a: Reuniclus|flinch
|
|-heal|p1a: Excadrill|423\/423|[from] item: Leftovers
|upkeep
|turn|22
|choice|*|*move 3
|choice|*move 3|*
|choice|move ironhead|move hiddenpower
|
|move|p1a: Excadrill|Iron Head|p2a: Reuniclus
|-damage|p2a: Reuniclus|276\/424
|move|p2a: Reuniclus|Hidden Power|p1a: Excadrill
|-supereffective|p1a: Excadrill
|-damage|p1a: Excadrill|121\/423
|
|-heal|p1a: Excadrill|147\/423|[from] item: Leftovers
|upkeep
|turn|23
|c|☆pepinoxo|deja los picnh
|choice|*move 3|*
|c|☆Milkito|:v
|c|☆pepinoxo|flinch*
|choice|*|*move 3
|choice|move ironhead|move hiddenpower
|
|move|p1a: Excadrill|Iron Head|p2a: Reuniclus
|-crit|p2a: Reuniclus
|-damage|p2a: Reuniclus|120\/424
|move|p2a: Reuniclus|Hidden Power|p1a: Excadrill
|-supereffective|p1a: Excadrill
|-damage|p1a: Excadrill|0 fnt
|faint|p1a: Excadrill
|
|upkeep
|c|☆pepinoxo|nmms
|c|☆Milkito|a.a
|c|☆pepinoxo|valio cabeza
|choice|*switch 6|*
|choice|switch 6|
|
|switch|p1a: Incineroar|Incineroar, M|393\/393
|-ability|p1a: Incineroar|Intimidate|boost
|-unboost|p2a: Reuniclus|atk|1
|turn|24
|c|☆pepinoxo|todo menos el pajaro :v
|c|☆pepinoxo|lol
|choice|*move 4|*
|choice|*|*move 4
|choice|move fakeout|move recover
|
|move|p1a: Incineroar|Fake Out|p2a: Reuniclus
|-damage|p2a: Reuniclus|94\/424
|cant|p2a: Reuniclus|flinch
|
|upkeep
|turn|25
|choice|*|*move 4
|c|☆pepinoxo|sad
|choice|*move 3|*
|choice|move knockoff|move recover
|
|move|p1a: Incineroar|Knock Off|p2a: Reuniclus
|-supereffective|p2a: Reuniclus
|-damage|p2a: Reuniclus|0 fnt
|faint|p2a: Reuniclus
|
|upkeep
|c|☆pepinoxo|igual
|c|☆Milkito|:V
|choice|*|*switch 6
|choice||switch 6
|
|switch|p2a: Crawdaunt|Crawdaunt, F|268\/268
|-damage|p2a: Crawdaunt|235\/268|[from] Stealth Rock
|turn|26
|choice|*|*move 1
|choice|*switch 3|*
|choice|switch 3|move swordsdance
|
|switch|p1a: Poliwrath|Poliwrath, F|382\/382
|move|p2a: Crawdaunt|Swords Dance|p2a: Crawdaunt
|-boost|p2a: Crawdaunt|atk|2
|
|upkeep
|turn|27
|c|☆pepinoxo|sad
|choice|*move 1|*
|choice|*|*switch 2
|choice|move circlethrow|switch 2
|
|switch|p2a: Tapu Lele|Tapu Lele|27\/282
|-damage|p2a: Tapu Lele|0 fnt|[from] Stealth Rock
|faint|p2a: Tapu Lele
|move|p1a: Poliwrath|Circle Throw|p2: Tapu Lele|[notarget]
|-notarget
|
|upkeep
|choice|*|*switch 3
|choice||switch 3
|
|switch|p2a: Alakazam|Alakazam, F|252\/252
|turn|28
|c|☆Milkito|Raios
|c|☆Milkito|xD
|choice|*|*move 1 mega
|choice|*move 1|*
|choice|move circlethrow|move psychic mega
|
|-mega|p2a: Alakazam|Alakazam|Alakazite
|detailschange|p2a: Alakazam|Alakazam-Mega, F
|-ability|p2a: Alakazam|Water Absorb|[from] ability: Trace|[of] p1a: Poliwrath
|move|p2a: Alakazam|Psychic|p1a: Poliwrath
|-supereffective|p1a: Poliwrath
|-damage|p1a: Poliwrath|0 fnt
|faint|p1a: Poliwrath
|
|upkeep
|c|☆pepinoxo|rico
|c|☆Milkito|:'v
|c|☆pepinoxo|que hiciste :v
|choice|*switch 3|*
|choice|switch 3|
|
|switch|p1a: Incineroar|Incineroar, M|393\/393
|-ability|p1a: Incineroar|Intimidate|boost
|-unboost|p2a: Alakazam|atk|1
|turn|29
|choice|*move 1|*
|choice|*|*switch 4
|choice|move uturn|switch 4
|
|switch|p2a: Araquanid|Araquanid, F|128\/340
|-damage|p2a: Araquanid|43\/340|[from] Stealth Rock
|move|p1a: Incineroar|U-turn|p2a: Araquanid
|-damage|p2a: Araquanid|0 fnt
|faint|p2a: Araquanid
|choice|*switch 2|*
|choice|switch 2|
|
|switch|p1a: Alakazam|Alakazam, F, shiny|251\/251|[from]move: U-turn
|
|upkeep
|choice|*|*switch 5
|choice||switch 5
|
|switch|p2a: Tapu Bulu|Tapu Bulu|235\/282
|-damage|p2a: Tapu Bulu|200\/282|[from] Stealth Rock
|-fieldstart|move: Grassy Terrain|[from] ability: Grassy Surge|[of] p2a: Tapu Bulu
|turn|30
|choice|*|*move 1
|c|☆Milkito|Vendi al poliwrath
|c|☆Milkito|xD
|choice|*switch 5|*
|choice|switch 5|move hornleech
|
|switch|p1a: Trevenant|Trevenant, M, shiny|294\/372
|move|p2a: Tapu Bulu|Horn Leech|p1a: Trevenant
|-resisted|p1a: Trevenant
|-damage|p1a: Trevenant|159\/372
|-heal|p2a: Tapu Bulu|268\/282|[from] drain|[of] p1a: Trevenant
|
|-heal|p2a: Tapu Bulu|282\/282|[from] Grassy Terrain
|-heal|p1a: Trevenant|182\/372|[from] Grassy Terrain
|-item|p1a: Trevenant|Sitrus Berry|[from] ability: Harvest
|upkeep
|-enditem|p1a: Trevenant|Sitrus Berry|[eat]
|-heal|p1a: Trevenant|275\/372|[from] item: Sitrus Berry
|turn|31
|c|☆pepinoxo|sep
|c|☆pepinoxo|ahora entra mi craw re ez
|choice|*|*move 2
|choice|*move 3|*
|choice|move hornleech|move naturesmadness
|
|move|p2a: Tapu Bulu|Nature's Madness|p1a: Trevenant
|-damage|p1a: Trevenant|138\/372
|move|p1a: Trevenant|Horn Leech|p2a: Tapu Bulu
|-resisted|p2a: Tapu Bulu
|-damage|p2a: Tapu Bulu|221\/282
|-heal|p1a: Trevenant|169\/372|[from] drain|[of] p2a: Tapu Bulu
|
|-heal|p2a: Tapu Bulu|238\/282|[from] Grassy Terrain
|-heal|p1a: Trevenant|192\/372|[from] Grassy Terrain
|upkeep
|turn|32
|choice|*move 2|*
|c|☆Milkito|Algo :v
|c|☆Milkito|Wood hammar
|choice|*|*move 4
|choice|move willowisp|move woodhammer
|
|move|p2a: Tapu Bulu|Wood Hammer|p1a: Trevenant
|-resisted|p1a: Trevenant
|-damage|p1a: Trevenant|0 fnt
|-damage|p2a: Tapu Bulu|175\/282|[from] recoil
|faint|p1a: Trevenant
|
|-heal|p2a: Tapu Bulu|192\/282|[from] Grassy Terrain
|upkeep
|c|☆pepinoxo|re
|c|☆pepinoxo|izy
|c|☆pepinoxo|pixy
|choice|*switch 4|*
|choice|switch 4|
|
|switch|p1a: Dodrio|Dodrio, M, shiny|177\/261
|turn|33
|choice|*move 3|*
|choice|*|*move 3
|choice|move bravebird|move superpower
|
|move|p1a: Dodrio|Brave Bird|p2a: Tapu Bulu
|-supereffective|p2a: Tapu Bulu
|-damage|p2a: Tapu Bulu|0 fnt
|-damage|p1a: Dodrio|114\/261|[from] recoil
|faint|p2a: Tapu Bulu
|
|upkeep
|c|☆pepinoxo|y el puto zeta
|c|☆pepinoxo|:v
|c|☆Milkito|Nel
|choice|*|*switch 4
|choice||switch 4
|
|switch|p2a: Alakazam|Alakazam-Mega, F|252\/252
|-damage|p2a: Alakazam|221\/252|[from] Stealth Rock
|-ability|p2a: Alakazam|Early Bird|[from] ability: Trace|[of] p1a: Dodrio
|turn|34
|c|☆Milkito|:v
|choice|*|*move 1
|choice|*|*move 1
|choice|*move 3 zmove|*
|choice|move bravebird zmove|move psychic
|
|move|p2a: Alakazam|Psychic|p1a: Dodrio
|-damage|p1a: Dodrio|0 fnt
|faint|p1a: Dodrio
|
|-heal|p2a: Alakazam|236\/252|[from] Grassy Terrain
|-fieldend|move: Grassy Terrain
|upkeep
|choice|*switch 2|*
|choice|switch 2|
|
|switch|p1a: Incineroar|Incineroar, M|393\/393
|-ability|p1a: Incineroar|Intimidate|boost
|-unboost|p2a: Alakazam|atk|1
|turn|35
|choice|*|*move 3
|choice|*move 4|*
|choice|move fakeout|move focusblast
|
|move|p1a: Incineroar|Fake Out|p2a: Alakazam
|-damage|p2a: Alakazam|181\/252
|cant|p2a: Alakazam|flinch
|
|upkeep
|turn|36
|choice|*|*move 3
|c|☆Milkito|40 = 20%
|c|☆Milkito|Hmm
|choice|*move 1|*
|choice|move uturn|move focusblast
|
|move|p2a: Alakazam|Focus Blast|p1a: Incineroar
|-supereffective|p1a: Incineroar
|-damage|p1a: Incineroar|157\/393
|move|p1a: Incineroar|U-turn|p2a: Alakazam
|-supereffective|p2a: Alakazam
|-damage|p2a: Alakazam|0 fnt
|faint|p2a: Alakazam
|c|☆pepinoxo|bg
|choice|*switch 5|*
|choice|switch 5|
|
|switch|p1a: Alakazam|Alakazam, F, shiny|251\/251|[from]move: U-turn
|
|upkeep
|c|☆pepinoxo|:V
|choice|*|*switch 2
|choice||switch 2
|
|switch|p2a: Crawdaunt|Crawdaunt, F|235\/268
|-damage|p2a: Crawdaunt|202\/268|[from] Stealth Rock
|turn|37
|choice|*|*move 1
|c|☆Milkito|AQui fallo
|c|☆Milkito|Ya veras
|c|☆Milkito|:v
|choice|*|*move 2
|choice|*move 2 mega|*
|choice|move focusblast mega|move aquajet
|
|-mega|p1a: Alakazam|Alakazam|Alakazite
|detailschange|p1a: Alakazam|Alakazam-Mega, F, shiny
|-ability|p1a: Alakazam|Adaptability|[from] ability: Trace|[of] p2a: Crawdaunt
|move|p2a: Crawdaunt|Aqua Jet|p1a: Alakazam
|-crit|p1a: Alakazam
|-damage|p1a: Alakazam|11\/251
|move|p1a: Alakazam|Focus Blast|p2a: Crawdaunt|[miss]
|-miss|p1a: Alakazam|p2a: Crawdaunt
|
|upkeep
|turn|38
|c|☆pepinoxo|jajajajaja
|c|☆Milkito|Ptmr
|c|☆pepinoxo|jajajajaja
|c|☆Milkito|XDD
|c|☆pepinoxo|jajajajaja
|c|☆pepinoxo|jajajajaja
|c|☆pepinoxo|jajajajaja
|c|☆pepinoxo|jajajajaja
|c|☆pepinoxo|jajajajaja
|c|☆pepinoxo|jajajajaja
|c|☆pepinoxo|jajajajaja
|c|☆pepinoxo|jajajajaja
|c|☆pepinoxo|jajajajaja
|c|☆pepinoxo|jajajajaja
|c|☆pepinoxo|jajajajaja
|choice|*move 2|*
|c|☆pepinoxo|jajajajaja
|c|☆pepinoxo|jajajajaja
|c|☆pepinoxo|jajajajaja
|c|☆pepinoxo|jajajajaja
|c|☆Milkito|BG
|c|☆pepinoxo|jajajajaja
|c|☆pepinoxo|jajajajaja
|c|☆Milkito|:v
|c|☆pepinoxo|que izy
|c|☆pepinoxo|bg
|c|☆pepinoxo|:V
|choice|*|*move 2
|choice|move focusblast|move aquajet
|
|move|p2a: Crawdaunt|Aqua Jet|p1a: Alakazam
|-damage|p1a: Alakazam|0 fnt
|faint|p1a: Alakazam
|
|upkeep
|c|☆Milkito|:'v
|choice|*switch 5|*
|choice|switch 5|
|
|switch|p1a: Incineroar|Incineroar, M|157\/393
|-ability|p1a: Incineroar|Intimidate|boost
|-unboost|p2a: Crawdaunt|atk|1
|turn|39
|choice|*|*move 2
|choice|*move 4|*
|choice|move fakeout|move aquajet
|
|move|p1a: Incineroar|Fake Out|p2a: Crawdaunt
|-damage|p2a: Crawdaunt|157\/268
|cant|p2a: Crawdaunt|flinch
|
|upkeep
|turn|40
|choice|*|*move 2
|choice|*move 1|*
|choice|move uturn|move aquajet
|
|move|p2a: Crawdaunt|Aqua Jet|p1a: Incineroar
|-supereffective|p1a: Incineroar
|-damage|p1a: Incineroar|17\/393
|move|p1a: Incineroar|U-turn|p2a: Crawdaunt
|-supereffective|p2a: Crawdaunt
|-crit|p2a: Crawdaunt
|-damage|p2a: Crawdaunt|0 fnt
|faint|p2a: Crawdaunt
|
|win|Milkito
|c|☆Milkito|JAJAJAJA
|c|☆pepinoxo|jajaja
|c|☆Milkito|JAJAJAAJAJAJAAJAJAJAJAAJAJA
|c|☆Milkito|JAAAAAAAAAAAAAAAAAAAAAAAAAAAAAAAAAAAAAaaa
|c|☆pepinoxo|que mamada
|c|☆pepinoxo|jajaja
|c|☆pepinoxo|jajaja
|c|☆pepinoxo|jajaja
|c|☆pepinoxo|jajaja
|c|☆pepinoxo|jajaja
|c|☆pepinoxo|jajaja
|c|☆pepinoxo|jajaja
|c|☆pepinoxo|jajaja
|c|☆pepinoxo|jajaja
|c|☆pepinoxo|jajaja
|c|☆pepinoxo|wena
|c|☆Milkito|Toma
|c|☆Milkito|xD
|c|☆pepinoxo|ya me ire a dormir
|c|☆pepinoxo|bb
|c|☆pepinoxo|bye
|c|☆Milkito|:'v
|c|☆Milkito|cuidese
|c|☆pepinoxo|igual
|c|☆Milkito|Protejja ese qlito
|c|☆Milkito|<3
|c|☆pepinoxo|KKKKKKKKKKKKk
</script>
</div>
<div class="battle-log battle-log-inline"><div class="inner"><div class="battle-options"></div><div class="inner"><div class=""><small>Format:</small> <br><strong>OU</strong></div><div class=""><small><em>Cláusula-Mod de Dormir:</em> solo puedes dormir a uno de tus oponentes a la vez.</small></div><div class=""><small><em>Cláusula de Especie:</em> Hasta un Pokémon de cada especie</small></div><div class=""><small><em>Cláusula de Golpe Fulminante:</em> los movimientos fulminantes (OHKO) estan prohibidos</small></div><div class=""><small><em>Cláusula de Veleta:</em> la habilidad Veleta está prohibida</small></div><div class=""><small><em>Cláusula de Movimientos Evasivos:</em> los movimientos de Evasión están prohibidos.</small></div><div class=""><small><em>Cláusula de Batallas Eternas:</em> forzar batallas eternas está prohibido</small></div><div class="chat battle-history"><strong>Milkito's team:</strong> <em style="color:#445566;display:block;">Dodrio / Alakazam / Trevenant / Incineroar / Poliwrath / Excadrill</em></div><div class="chat battle-history"><strong>pepinoxo's team:</strong> <em style="color:#445566;display:block;">Araquanid / Tapu Lele / Alakazam / Tapu Bulu / Reuniclus / Crawdaunt</em></div><div class="chat chatmessage-pepinoxo"><strong style="color:hsl(47,57%,34%)"><small>☆</small><span class="username" data-name="pepinoxo">pepinoxo</span>:</strong> <em>ufff</em></div><div class="chat chatmessage-milkito"><strong style="color:hsl(352,56%,48%)"><small>☆</small><span class="username" data-name="Milkito">Milkito</span>:</strong> <em>:v</em></div><div class="chat chatmessage-pepinoxo"><strong style="color:hsl(47,57%,34%)"><small>☆</small><span class="username" data-name="pepinoxo">pepinoxo</span>:</strong> <em>araquiagod</em></div><div class="chat chatmessage-milkito"><strong style="color:hsl(352,56%,48%)"><small>☆</small><span class="username" data-name="Milkito">Milkito</span>:</strong> <em>Esto</em></div><div class="chat chatmessage-pepinoxo"><strong style="color:hsl(47,57%,34%)"><small>☆</small><span class="username" data-name="pepinoxo">pepinoxo</span>:</strong> <em>gg</em></div><div class="chat chatmessage-milkito"><strong style="color:hsl(352,56%,48%)"><small>☆</small><span class="username" data-name="Milkito">Milkito</span>:</strong> <em>Si que se ve bueno</em></div><div class="spacer battle-history"><br></div><div class="battle-history">Battle started between Milkito and pepinoxo!<br></div><div class="spacer battle-history"><br></div><div class="battle-history">Go! <strong>Incineroar</strong>!<br></div><div class="spacer battle-history"><br></div><div class="battle-history">pepinoxo sent out <strong>Araquanid</strong>!<br></div><div class="battle-history"><small>[Incineroar's Intimidate]</small><br></div><div class="battle-history"><small>The opposing Araquanid's Attack fell!</small><br></div><div class="spacer battle-history"><br></div><h2 class="battle-history">Turn 1</h2><div class="spacer battle-history"><br></div><div class="battle-history">pepinoxo withdrew Araquanid!<br></div><div class="battle-history">pepinoxo sent out <strong>Tapu Lele</strong>!<br></div><div class="battle-history"><small>[The opposing Tapu Lele's Psychic Surge]</small><br><small>The battlefield got weird!</small><br></div><div class="spacer battle-history"><br></div><div class="battle-history">Incineroar used <strong>Fake Out</strong>!<br></div><div class="battle-history"><small>The opposing Tapu Lele surrounds itself with psychic terrain!</small><br></div><div class="spacer battle-history"><br></div><h2 class="battle-history">Turn 2</h2><div class="chat chatmessage-milkito"><strong style="color:hsl(352,56%,48%)"><small>☆</small><span class="username" data-name="Milkito">Milkito</span>:</strong> <em>A prro</em></div><div class="chat chatmessage-milkito"><strong style="color:hsl(352,56%,48%)"><small>☆</small><span class="username" data-name="Milkito">Milkito</span>:</strong> <em>Trais el omnitrix</em></div><div class="spacer battle-history"><br></div><div class="battle-history">pepinoxo withdrew Tapu Lele!<br></div><div class="battle-history">pepinoxo sent out <strong>Araquanid</strong>!<br></div><div class="spacer battle-history"><br></div><div class="battle-history">Incineroar used <strong>U-turn</strong>!<br></div><div class="battle-history"><small>(The opposing Araquanid lost <abbr title="−80/340">23.5%</abbr> of its health!)</small><br></div><div class="chat chatmessage-milkito"><strong style="color:hsl(352,56%,48%)"><small>☆</small><span class="username" data-name="Milkito">Milkito</span>:</strong> <em>v:</em></div><div class="spacer battle-history"><br></div><div class="battle-history">Incineroar went back to Milkito!<br></div><div class="battle-history">Go! <strong>Dodrio</strong>!<br></div><div class="spacer battle-history"><br></div><h2 class="battle-history">Turn 3</h2><div class="chat chatmessage-milkito"><strong style="color:hsl(352,56%,48%)"><small>☆</small><span class="username" data-name="Milkito">Milkito</span>:</strong> <em>&gt;:v</em></div><div class="spacer battle-history"><br></div><div class="battle-history">pepinoxo withdrew Araquanid!<br></div><div class="battle-history">pepinoxo sent out <strong>Tapu Lele</strong>!<br></div><div class="spacer battle-history"><br></div><div class="battle-history">Dodrio used <strong>Brave Bird</strong>!<br></div><div class="battle-history"><small>(The opposing Tapu Lele lost <abbr title="−255/282">90.4%</abbr> of its health!)</small><br></div><div class="battle-history"><small>Dodrio is damaged by the recoil!</small><br></div><div class="spacer battle-history"><br></div><h2 class="battle-history">Turn 4</h2><div class="chat chatmessage-pepinoxo"><strong style="color:hsl(47,57%,34%)"><small>☆</small><span class="username" data-name="pepinoxo">pepinoxo</span>:</strong> <em>ja</em></div><div class="spacer battle-history"><br></div><div class="battle-history">Dodrio, come back!<br></div><div class="battle-history">Go! <strong>Incineroar</strong>!<br></div><div class="battle-history"><small>[Incineroar's Intimidate]</small><br></div><div class="battle-history"><small>The opposing Tapu Lele's Attack fell!</small><br></div><div class="spacer battle-history"><br></div><div class="battle-history">pepinoxo withdrew Tapu Lele!<br></div><div class="battle-history">pepinoxo sent out <strong>Araquanid</strong>!<br></div><div class="spacer battle-history"><br></div><h2 class="battle-history">Turn 5</h2><div class="chat chatmessage-pepinoxo"><strong style="color:hsl(47,57%,34%)"><small>☆</small><span class="username" data-name="pepinoxo">pepinoxo</span>:</strong> <em>re ez</em></div><div class="spacer battle-history"><br></div><div class="battle-history">Incineroar used <strong>U-turn</strong>!<br></div><div class="battle-history"><small>(The opposing Araquanid lost <abbr title="−78/340">22.9%</abbr> of its health!)</small><br></div><div class="chat chatmessage-milkito"><strong style="color:hsl(352,56%,48%)"><small>☆</small><span class="username" data-name="Milkito">Milkito</span>:</strong> <em>:v</em></div><div class="chat chatmessage-milkito"><strong style="color:hsl(352,56%,48%)"><small>☆</small><span class="username" data-name="Milkito">Milkito</span>:</strong> <em>rez</em></div><div class="spacer battle-history"><br></div><div class="battle-history">Incineroar went back to Milkito!<br></div><div class="battle-history">Go! <strong>Poliwrath</strong>!<br></div><div class="spacer battle-history"><br></div><div class="battle-history">The opposing Araquanid used <strong>Sticky Web</strong>!<br></div><div class="battle-history"><small>A sticky web spreads out on the ground around your team!</small><br></div><div class="spacer battle-history"><br></div><div class="battle-history"><small>The weirdness disappeared from the battlefield!</small><br></div><div class="spacer battle-history"><br></div><h2 class="battle-history">Turn 6</h2><div class="chat chatmessage-pepinoxo"><strong style="color:hsl(47,57%,34%)"><small>☆</small><span class="username" data-name="pepinoxo">pepinoxo</span>:</strong> <em>mira</em></div><div class="spacer battle-history"><br></div><div class="battle-history">The opposing Araquanid used <strong>Toxic</strong>!<br></div><div class="battle-history"><small>Poliwrath avoided the attack!</small><br></div><div class="spacer battle-history"><br></div><div class="battle-history">Poliwrath used <strong>Circle Throw</strong>!<br></div><div class="battle-history"><small>It's not very effective...</small><br></div><div class="battle-history"><small>(The opposing Araquanid lost <abbr title="−54/340">15.9%</abbr> of its health!)</small><br></div><div class="spacer battle-history"><br></div><div class="battle-history"><strong>Tapu Bulu</strong> was dragged out!<br></div><div class="battle-history"><small>[The opposing Tapu Bulu's Grassy Surge]</small><br><small>Grass grew to cover the battlefield!</small><br></div><div class="spacer battle-history"><br></div><h2 class="battle-history">Turn 7</h2><div class="chat chatmessage-pepinoxo"><strong style="color:hsl(47,57%,34%)"><small>☆</small><span class="username" data-name="pepinoxo">pepinoxo</span>:</strong> <em>este</em></div><div class="chat chatmessage-pepinoxo"><strong style="color:hsl(47,57%,34%)"><small>☆</small><span class="username" data-name="pepinoxo">pepinoxo</span>:</strong> <em>nmms</em></div><div class="chat chatmessage-pepinoxo"><strong style="color:hsl(47,57%,34%)"><small>☆</small><span class="username" data-name="pepinoxo">pepinoxo</span>:</strong> <em>:V</em></div><div class="chat chatmessage-milkito"><strong style="color:hsl(352,56%,48%)"><small>☆</small><span class="username" data-name="Milkito">Milkito</span>:</strong> <em>Como fallas</em></div><div class="chat chatmessage-milkito"><strong style="color:hsl(352,56%,48%)"><small>☆</small><span class="username" data-name="Milkito">Milkito</span>:</strong> <em>:v</em></div><div class="spacer battle-history"><br></div><div class="battle-history">Poliwrath, come back!<br></div><div class="battle-history">Go! <strong>Trevenant</strong>!<br></div><div class="battle-history"><small>Trevenant was caught in a sticky web!</small><br></div><div class="battle-history"><small>Trevenant's Speed fell!</small><br></div><div class="spacer battle-history"><br></div><div class="battle-history">The opposing Tapu Bulu used <strong>Wood Hammer</strong>!<br></div><div class="battle-history"><small>It's not very effective...</small><br></div><div class="battle-history"><small>(Trevenant lost <abbr title="−194/372">52.2%</abbr> of its health!)</small><br></div><div class="battle-history"><small>The opposing Tapu Bulu is damaged by the recoil!</small><br></div><div class="battle-history"><small>Trevenant ate its Sitrus Berry!</small><br></div><div class="battle-history"><small>Trevenant restored HP using its Sitrus Berry!</small><br></div><div class="spacer battle-history"><br></div><div class="battle-history"><small>The opposing Tapu Bulu restored HP using its Grassy Terrain!</small><br></div><div class="battle-history"><small>Trevenant restored HP using its Grassy Terrain!</small><br></div><div class="spacer battle-history"><br></div><h2 class="battle-history">Turn 8</h2><div class="chat chatmessage-milkito"><strong style="color:hsl(352,56%,48%)"><small>☆</small><span class="username" data-name="Milkito">Milkito</span>:</strong> <em>xDD</em></div><div class="spacer battle-history"><br></div><div class="battle-history">pepinoxo withdrew Tapu Bulu!<br></div><div class="battle-history">pepinoxo sent out <strong>Reuniclus</strong>!<br></div><div class="battle-history"><small>(The opposing Reuniclus used its Grassy Seed!)</small><br></div><div class="battle-history"><small>The opposing Reuniclus's Defense rose!</small><br></div><div class="spacer battle-history"><br></div><div class="battle-history">Trevenant, come back!<br></div><div class="battle-history">Go! <strong>Incineroar</strong>!<br></div><div class="battle-history"><small>Incineroar was caught in a sticky web!</small><br></div><div class="battle-history"><small>Incineroar's Speed fell!</small><br></div><div class="battle-history"><small>[Incineroar's Intimidate]</small><br></div><div class="battle-history"><small>The opposing Reuniclus's Attack fell!</small><br></div><div class="spacer battle-history"><br></div><h2 class="battle-history">Turn 9</h2><div class="chat chatmessage-pepinoxo"><strong style="color:hsl(47,57%,34%)"><small>☆</small><span class="username" data-name="pepinoxo">pepinoxo</span>:</strong> <em>que re ez</em></div><div class="chat chatmessage-milkito"><strong style="color:hsl(352,56%,48%)"><small>☆</small><span class="username" data-name="Milkito">Milkito</span>:</strong> <em>:v</em></div><div class="spacer battle-history"><br></div><div class="battle-history">Incineroar used <strong>Fake Out</strong>!<br></div><div class="battle-history"><small>(The opposing Reuniclus lost <abbr title="−23/424">5.4%</abbr> of its health!)</small><br></div><div class="spacer battle-history"><br></div><div class="battle-history">The opposing Reuniclus flinched and couldn't move!<br></div><div class="spacer battle-history"><br></div><div class="battle-history"><small>The opposing Reuniclus restored HP using its Grassy Terrain!</small><br></div><div class="spacer battle-history"><br></div><h2 class="battle-history">Turn 10</h2><div class="spacer battle-history"><br></div><div class="battle-history">Incineroar used <strong>U-turn</strong>!<br></div><div class="battle-history"><small>It's super effective!</small><br></div><div class="battle-history"><small>(The opposing Reuniclus lost <abbr title="−92/424">21.7%</abbr> of its health!)</small><br></div><div class="chat chatmessage-pepinoxo"><strong style="color:hsl(47,57%,34%)"><small>☆</small><span class="username" data-name="pepinoxo">pepinoxo</span>:</strong> <em>ya es gigi re izy</em></div><div class="spacer battle-history"><br></div><div class="battle-history">Incineroar went back to Milkito!<br></div><div class="battle-history">Go! <strong>Excadrill</strong>!<br></div><div class="battle-history"><small>Excadrill was caught in a sticky web!</small><br></div><div class="battle-history"><small>Excadrill's Speed fell!</small><br></div><div class="battle-history"><small>[Excadrill's Mold Breaker]</small><br><small>Excadrill breaks the mold!</small><br></div><div class="spacer battle-history"><br></div><div class="battle-history">The opposing Reuniclus used <strong>Calm Mind</strong>!<br></div><div class="battle-history"><small>The opposing Reuniclus's Special Attack rose!</small><br></div><div class="battle-history"><small>The opposing Reuniclus's Special Defense rose!</small><br></div><div class="spacer battle-history"><br></div><div class="battle-history"><small>The opposing Reuniclus restored HP using its Grassy Terrain!</small><br></div><div class="battle-history"><small>The grass disappeared from the battlefield.</small><br></div><div class="spacer battle-history"><br></div><h2 class="battle-history">Turn 11</h2><div class="chat chatmessage-pepinoxo"><strong style="color:hsl(47,57%,34%)"><small>☆</small><span class="username" data-name="pepinoxo">pepinoxo</span>:</strong> <em>pixy</em></div><div class="spacer battle-history"><br></div><div class="battle-history">Excadrill used <strong>Rapid Spin</strong>!<br></div><div class="battle-history"><small>(The opposing Reuniclus lost <abbr title="−12/424">2.8%</abbr> of its health!)</small><br></div><div class="battle-history"><small>The sticky web has disappeared from the ground around your team!</small><br></div><div class="spacer battle-history"><br></div><div class="battle-history">The opposing Reuniclus used <strong>Calm Mind</strong>!<br></div><div class="battle-history"><small>The opposing Reuniclus's Special Attack rose!</small><br></div><div class="battle-history"><small>The opposing Reuniclus's Special Defense rose!</small><br></div><div class="spacer battle-history"><br></div><h2 class="battle-history">Turn 12</h2><div class="chat chatmessage-milkito"><strong style="color:hsl(352,56%,48%)"><small>☆</small><span class="username" data-name="Milkito">Milkito</span>:</strong> <em>!dt psych up</em></div><div class="chat message-error">[outdated code no longer supported]</div><div class="chat"><font size="1"><font color="#585858">Prioridad:</font> 0&nbsp;|  <font color="#585858">Gen:</font> 2&nbsp;|  <font color="#585858"><font color="black">✓ Ignora Protect</font></font>&nbsp;|  <font color="#585858"><font color="black">✓ Ignora sustitutos</font></font>&nbsp;|  <font color="#585858">Efecto Z:</font> Restaura salud al máximo&nbsp;|  <font color="#585858">Objetivo:</font> Pokémon Adyacentes</font></div><div class="chat chatmessage-milkito"><strong style="color:hsl(352,56%,48%)"><small>☆</small><span class="username" data-name="Milkito">Milkito</span>:</strong> <em>:)</em></div><div class="spacer battle-history"><br></div><div class="battle-history">Excadrill used <strong>Stealth Rock</strong>!<br></div><div class="battle-history"><small>Pointed stones float in the air around the opposing team!</small><br></div><div class="spacer battle-history"><br></div><div class="battle-history">The opposing Reuniclus used <strong>Calm Mind</strong>!<br></div><div class="battle-history"><small>The opposing Reuniclus's Special Attack rose!</small><br></div><div class="battle-history"><small>The opposing Reuniclus's Special Defense rose!</small><br></div><div class="spacer battle-history"><br></div><h2 class="battle-history">Turn 13</h2><div class="chat chatmessage-pepinoxo"><strong style="color:hsl(47,57%,34%)"><small>☆</small><span class="username" data-name="pepinoxo">pepinoxo</span>:</strong> <em>:V</em></div><div class="spacer battle-history"><br></div><div class="battle-history">Excadrill used <strong>Iron Head</strong>!<br></div><div class="battle-history"><small>(The opposing Reuniclus lost <abbr title="−69/424">16.3%</abbr> of its health!)</small><br></div><div class="spacer battle-history"><br></div><div class="battle-history">The opposing Reuniclus used <strong>Psyshock</strong>!<br></div><div class="battle-history"><small>It's not very effective...</small><br></div><div class="battle-history"><small>(Excadrill lost <abbr title="−232/423">54.8%</abbr> of its health!)</small><br></div><div class="spacer battle-history"><br></div><div class="battle-history"><small>Excadrill restored a little HP using its Leftovers!</small><br></div><div class="spacer battle-history"><br></div><h2 class="battle-history">Turn 14</h2><div class="spacer battle-history"><br></div><div class="battle-history">Excadrill used <strong>Iron Head</strong>!<br></div><div class="battle-history"><small>(The opposing Reuniclus lost <abbr title="−66/424">15.6%</abbr> of its health!)</small><br></div><div class="spacer battle-history"><br></div><div class="battle-history">The opposing Reuniclus flinched and couldn't move!<br></div><div class="spacer battle-history"><br></div><div class="battle-history"><small>Excadrill restored a little HP using its Leftovers!</small><br></div><div class="spacer battle-history"><br></div><h2 class="battle-history">Turn 15</h2><div class="chat chatmessage-pepinoxo"><strong style="color:hsl(47,57%,34%)"><small>☆</small><span class="username" data-name="pepinoxo">pepinoxo</span>:</strong> <em>5 retroces</em></div><div class="chat chatmessage-pepinoxo"><strong style="color:hsl(47,57%,34%)"><small>☆</small><span class="username" data-name="pepinoxo">pepinoxo</span>:</strong> <em>re</em></div><div class="chat chatmessage-pepinoxo"><strong style="color:hsl(47,57%,34%)"><small>☆</small><span class="username" data-name="pepinoxo">pepinoxo</span>:</strong> <em>ez</em></div><div class="spacer battle-history"><br></div><div class="battle-history">Excadrill used <strong>Iron Head</strong>!<br></div><div class="battle-history"><small>(The opposing Reuniclus lost <abbr title="−72/424">17.0%</abbr> of its health!)</small><br></div><div class="spacer battle-history"><br></div><div class="battle-history">The opposing Reuniclus flinched and couldn't move!<br></div><div class="spacer battle-history"><br></div><div class="battle-history"><small>Excadrill restored a little HP using its Leftovers!</small><br></div><div class="spacer battle-history"><br></div><h2 class="battle-history">Turn 16</h2><div class="spacer battle-history"><br></div><div class="battle-history">Excadrill used <strong>Iron Head</strong>!<br></div><div class="battle-history"><small>(The opposing Reuniclus lost <abbr title="−69/424">16.3%</abbr> of its health!)</small><br></div><div class="spacer battle-history"><br></div><div class="battle-history">The opposing Reuniclus used <strong>Recover</strong>!<br></div><div class="battle-history"><small>The opposing Reuniclus restored its HP.</small><br></div><div class="spacer battle-history"><br></div><div class="battle-history"><small>Excadrill restored a little HP using its Leftovers!</small><br></div><div class="spacer battle-history"><br></div><h2 class="battle-history">Turn 17</h2><div class="chat chatmessage-pepinoxo"><strong style="color:hsl(47,57%,34%)"><small>☆</small><span class="username" data-name="pepinoxo">pepinoxo</span>:</strong> <em>uf</em></div><div class="chat chatmessage-pepinoxo"><strong style="color:hsl(47,57%,34%)"><small>☆</small><span class="username" data-name="pepinoxo">pepinoxo</span>:</strong> <em>:v</em></div><div class="spacer battle-history"><br></div><div class="battle-history">Excadrill used <strong>Iron Head</strong>!<br></div><div class="battle-history"><small>(The opposing Reuniclus lost <abbr title="−76/424">17.9%</abbr> of its health!)</small><br></div><div class="spacer battle-history"><br></div><div class="battle-history">The opposing Reuniclus used <strong>Recover</strong>!<br></div><div class="battle-history"><small>The opposing Reuniclus restored its HP.</small><br></div><div class="spacer battle-history"><br></div><div class="battle-history"><small>Excadrill restored a little HP using its Leftovers!</small><br></div><div class="spacer battle-history"><br></div><h2 class="battle-history">Turn 18</h2><div class="spacer battle-history"><br></div><div class="battle-history">Excadrill used <strong>Iron Head</strong>!<br></div><div class="battle-history"><small>(The opposing Reuniclus lost <abbr title="−70/424">16.5%</abbr> of its health!)</small><br></div><div class="spacer battle-history"><br></div><div class="battle-history">The opposing Reuniclus flinched and couldn't move!<br></div><div class="spacer battle-history"><br></div><div class="battle-history"><small>Excadrill restored a little HP using its Leftovers!</small><br></div><div class="spacer battle-history"><br></div><h2 class="battle-history">Turn 19</h2><div class="spacer battle-history"><br></div><div class="battle-history">Excadrill used <strong>Iron Head</strong>!<br></div><div class="battle-history"><small>(The opposing Reuniclus lost <abbr title="−67/424">15.8%</abbr> of its health!)</small><br></div><div class="spacer battle-history"><br></div><div class="battle-history">The opposing Reuniclus used <strong>Calm Mind</strong>!<br></div><div class="battle-history"><small>The opposing Reuniclus's Special Attack rose!</small><br></div><div class="battle-history"><small>The opposing Reuniclus's Special Defense rose!</small><br></div><div class="spacer battle-history"><br></div><div class="battle-history"><small>Excadrill restored a little HP using its Leftovers!</small><br></div><div class="spacer battle-history"><br></div><h2 class="battle-history">Turn 20</h2><div class="chat chatmessage-milkito"><strong style="color:hsl(352,56%,48%)"><small>☆</small><span class="username" data-name="Milkito">Milkito</span>:</strong> <em>Se viene</em></div><div class="chat chatmessage-milkito"><strong style="color:hsl(352,56%,48%)"><small>☆</small><span class="username" data-name="Milkito">Milkito</span>:</strong> <em>El crit</em></div><div class="chat chatmessage-milkito"><strong style="color:hsl(352,56%,48%)"><small>☆</small><span class="username" data-name="Milkito">Milkito</span>:</strong> <em>:v</em></div><div class="spacer battle-history"><br></div><div class="battle-history">Excadrill used <strong>Iron Head</strong>!<br></div><div class="battle-history"><small>(The opposing Reuniclus lost <abbr title="−78/424">18.4%</abbr> of its health!)</small><br></div><div class="spacer battle-history"><br></div><div class="battle-history">The opposing Reuniclus used <strong>Recover</strong>!<br></div><div class="battle-history"><small>The opposing Reuniclus restored its HP.</small><br></div><div class="spacer battle-history"><br></div><div class="battle-history"><small>Excadrill restored a little HP using its Leftovers!</small><br></div><div class="spacer battle-history"><br></div><h2 class="battle-history">Turn 21</h2><div class="spacer battle-history"><br></div><div class="battle-history">Excadrill used <strong>Iron Head</strong>!<br></div><div class="battle-history"><small>(The opposing Reuniclus lost <abbr title="−73/424">17.2%</abbr> of its health!)</small><br></div><div class="spacer battle-history"><br></div><div class="battle-history">The opposing Reuniclus flinched and couldn't move!<br></div><div class="spacer battle-history"><br></div><div class="battle-history"><small>Excadrill restored a little HP using its Leftovers!</small><br></div><div class="spacer battle-history"><br></div><h2 class="battle-history">Turn 22</h2><div class="spacer battle-history"><br></div><div class="battle-history">Excadrill used <strong>Iron Head</strong>!<br></div><div class="battle-history"><small>(The opposing Reuniclus lost <abbr title="−66/424">15.6%</abbr> of its health!)</small><br></div><div class="spacer battle-history"><br></div><div class="battle-history">The opposing Reuniclus used <strong>Hidden Power</strong>!<br></div><div class="battle-history"><small>It's super effective!</small><br></div><div class="battle-history"><small>(Excadrill lost <abbr title="−302/423">71.4%</abbr> of its health!)</small><br></div><div class="spacer battle-history"><br></div><div class="battle-history"><small>Excadrill restored a little HP using its Leftovers!</small><br></div><div class="spacer battle-history"><br></div><h2 class="battle-history">Turn 23</h2><div class="chat chatmessage-pepinoxo"><strong style="color:hsl(47,57%,34%)"><small>☆</small><span class="username" data-name="pepinoxo">pepinoxo</span>:</strong> <em>deja los picnh</em></div><div class="chat chatmessage-milkito"><strong style="color:hsl(352,56%,48%)"><small>☆</small><span class="username" data-name="Milkito">Milkito</span>:</strong> <em>:v</em></div><div class="chat chatmessage-pepinoxo"><strong style="color:hsl(47,57%,34%)"><small>☆</small><span class="username" data-name="pepinoxo">pepinoxo</span>:</strong> <em>flinch*</em></div><div class="spacer battle-history"><br></div><div class="battle-history">Excadrill used <strong>Iron Head</strong>!<br></div><div class="battle-history"><small>A critical hit!</small><br></div><div class="battle-history"><small>(The opposing Reuniclus lost <abbr title="−156/424">36.8%</abbr> of its health!)</small><br></div><div class="spacer battle-history"><br></div><div class="battle-history">The opposing Reuniclus used <strong>Hidden Power</strong>!<br></div><div class="battle-history"><small>It's super effective!</small><br></div><div class="battle-history"><small>(Excadrill lost <abbr title="−147/423">34.8%</abbr> of its health!)</small><br></div><div class="spacer battle-history"><br></div><div class="battle-history">Excadrill fainted!<br></div><div class="chat chatmessage-pepinoxo"><strong style="color:hsl(47,57%,34%)"><small>☆</small><span class="username" data-name="pepinoxo">pepinoxo</span>:</strong> <em>nmms</em></div><div class="chat chatmessage-milkito"><strong style="color:hsl(352,56%,48%)"><small>☆</small><span class="username" data-name="Milkito">Milkito</span>:</strong> <em>a.a</em></div><div class="chat chatmessage-pepinoxo"><strong style="color:hsl(47,57%,34%)"><small>☆</small><span class="username" data-name="pepinoxo">pepinoxo</span>:</strong> <em>valio cabeza</em></div><div class="spacer battle-history"><br></div><div class="battle-history">Go! <strong>Incineroar</strong>!<br></div><div class="battle-history"><small>[Incineroar's Intimidate]</small><br></div><div class="battle-history"><small>The opposing Reuniclus's Attack fell!</small><br></div><div class="spacer battle-history"><br></div><h2 class="battle-history">Turn 24</h2><div class="chat chatmessage-pepinoxo"><strong style="color:hsl(47,57%,34%)"><small>☆</small><span class="username" data-name="pepinoxo">pepinoxo</span>:</strong> <em>todo menos el pajaro :v</em></div><div class="chat chatmessage-pepinoxo"><strong style="color:hsl(47,57%,34%)"><small>☆</small><span class="username" data-name="pepinoxo">pepinoxo</span>:</strong> <em>lol</em></div><div class="spacer battle-history"><br></div><div class="battle-history">Incineroar used <strong>Fake Out</strong>!<br></div><div class="battle-history"><small>(The opposing Reuniclus lost <abbr title="−26/424">6.1%</abbr> of its health!)</small><br></div><div class="spacer battle-history"><br></div><div class="battle-history">The opposing Reuniclus flinched and couldn't move!<br></div><div class="spacer battle-history"><br></div><h2 class="battle-history">Turn 25</h2><div class="chat chatmessage-pepinoxo"><strong style="color:hsl(47,57%,34%)"><small>☆</small><span class="username" data-name="pepinoxo">pepinoxo</span>:</strong> <em>sad</em></div><div class="spacer battle-history"><br></div><div class="battle-history">Incineroar used <strong>Knock Off</strong>!<br></div><div class="battle-history"><small>It's super effective!</small><br></div><div class="battle-history"><small>(The opposing Reuniclus lost <abbr title="−94/424">22.2%</abbr> of its health!)</small><br></div><div class="spacer battle-history"><br></div><div class="battle-history">The opposing Reuniclus fainted!<br></div><div class="chat chatmessage-pepinoxo"><strong style="color:hsl(47,57%,34%)"><small>☆</small><span class="username" data-name="pepinoxo">pepinoxo</span>:</strong> <em>igual</em></div><div class="chat chatmessage-milkito"><strong style="color:hsl(352,56%,48%)"><small>☆</small><span class="username" data-name="Milkito">Milkito</span>:</strong> <em>:V</em></div><div class="spacer battle-history"><br></div><div class="battle-history">pepinoxo sent out <strong>Crawdaunt</strong>!<br></div><div class="battle-history"><small>Pointed stones dug into the opposing Crawdaunt!</small><br></div><div class="spacer battle-history"><br></div><h2 class="battle-history">Turn 26</h2><div class="spacer battle-history"><br></div><div class="battle-history">Incineroar, come back!<br></div><div class="battle-history">Go! <strong>Poliwrath</strong>!<br></div><div class="spacer battle-history"><br></div><div class="battle-history">The opposing Crawdaunt used <strong>Swords Dance</strong>!<br></div><div class="battle-history"><small>The opposing Crawdaunt's Attack rose sharply!</small><br></div><div class="spacer battle-history"><br></div><h2 class="battle-history">Turn 27</h2><div class="chat chatmessage-pepinoxo"><strong style="color:hsl(47,57%,34%)"><small>☆</small><span class="username" data-name="pepinoxo">pepinoxo</span>:</strong> <em>sad</em></div><div class="spacer battle-history"><br></div><div class="battle-history">pepinoxo withdrew Crawdaunt!<br></div><div class="battle-history">pepinoxo sent out <strong>Tapu Lele</strong>!<br></div><div class="battle-history"><small>Pointed stones dug into the opposing Tapu Lele!</small><br></div><div class="spacer battle-history"><br></div><div class="battle-history">The opposing Tapu Lele fainted!<br></div><div class="battle-history">Poliwrath used <strong>Circle Throw</strong>!<br></div><div class="battle-history"><small>But there was no target...</small><br></div><div class="spacer battle-history"><br></div><div class="battle-history">pepinoxo sent out <strong>Alakazam</strong>!<br></div><div class="spacer battle-history"><br></div><h2 class="battle-history">Turn 28</h2><div class="chat chatmessage-milkito"><strong style="color:hsl(352,56%,48%)"><small>☆</small><span class="username" data-name="Milkito">Milkito</span>:</strong> <em>Raios</em></div><div class="chat chatmessage-milkito"><strong style="color:hsl(352,56%,48%)"><small>☆</small><span class="username" data-name="Milkito">Milkito</span>:</strong> <em>xD</em></div><div class="spacer battle-history"><br></div><div class="battle-history"><small>The opposing Alakazam's Alakazite is reacting to the Key Stone!</small><br>The opposing Alakazam has Mega Evolved into Mega Alakazam!<br></div><div class="battle-history"><small>[The opposing Alakazam's Trace]</small><br><small>[The opposing Alakazam's Water Absorb]</small><br><small>The opposing Alakazam traced Poliwrath's Water Absorb!</small><br></div><div class="spacer battle-history"><br></div><div class="battle-history">The opposing Alakazam used <strong>Psychic</strong>!<br></div><div class="battle-history"><small>It's super effective!</small><br></div><div class="battle-history"><small>(Poliwrath lost <abbr title="−382/382">100%</abbr> of its health!)</small><br></div><div class="spacer battle-history"><br></div><div class="battle-history">Poliwrath fainted!<br></div><div class="chat chatmessage-pepinoxo"><strong style="color:hsl(47,57%,34%)"><small>☆</small><span class="username" data-name="pepinoxo">pepinoxo</span>:</strong> <em>rico</em></div><div class="chat chatmessage-milkito"><strong style="color:hsl(352,56%,48%)"><small>☆</small><span class="username" data-name="Milkito">Milkito</span>:</strong> <em>:'v</em></div><div class="chat chatmessage-pepinoxo"><strong style="color:hsl(47,57%,34%)"><small>☆</small><span class="username" data-name="pepinoxo">pepinoxo</span>:</strong> <em>que hiciste :v</em></div><div class="spacer battle-history"><br></div><div class="battle-history">Go! <strong>Incineroar</strong>!<br></div><div class="battle-history"><small>[Incineroar's Intimidate]</small><br></div><div class="battle-history"><small>The opposing Alakazam's Attack fell!</small><br></div><div class="spacer battle-history"><br></div><h2 class="battle-history">Turn 29</h2><div class="spacer battle-history"><br></div><div class="battle-history">pepinoxo withdrew Alakazam!<br></div><div class="battle-history">pepinoxo sent out <strong>Araquanid</strong>!<br></div><div class="battle-history"><small>Pointed stones dug into the opposing Araquanid!</small><br></div><div class="spacer battle-history"><br></div><div class="battle-history">Incineroar used <strong>U-turn</strong>!<br></div><div class="battle-history"><small>(The opposing Araquanid lost <abbr title="−43/340">12.6%</abbr> of its health!)</small><br></div><div class="spacer battle-history"><br></div><div class="battle-history">The opposing Araquanid fainted!<br></div><div class="spacer battle-history"><br></div><div class="battle-history">Incineroar went back to Milkito!<br></div><div class="battle-history">Go! <strong>Alakazam</strong>!<br></div><div class="spacer battle-history"><br></div><div class="battle-history">pepinoxo sent out <strong>Tapu Bulu</strong>!<br></div><div class="battle-history"><small>Pointed stones dug into the opposing Tapu Bulu!</small><br></div><div class="battle-history"><small>[The opposing Tapu Bulu's Grassy Surge]</small><br><small>Grass grew to cover the battlefield!</small><br></div><div class="spacer battle-history"><br></div><h2 class="battle-history">Turn 30</h2><div class="chat chatmessage-milkito"><strong style="color:hsl(352,56%,48%)"><small>☆</small><span class="username" data-name="Milkito">Milkito</span>:</strong> <em>Vendi al poliwrath</em></div><div class="chat chatmessage-milkito"><strong style="color:hsl(352,56%,48%)"><small>☆</small><span class="username" data-name="Milkito">Milkito</span>:</strong> <em>xD</em></div><div class="spacer battle-history"><br></div><div class="battle-history">Alakazam, come back!<br></div><div class="battle-history">Go! <strong>Trevenant</strong>!<br></div><div class="spacer battle-history"><br></div><div class="battle-history">The opposing Tapu Bulu used <strong>Horn Leech</strong>!<br></div><div class="battle-history"><small>It's not very effective...</small><br></div><div class="battle-history"><small>(Trevenant lost <abbr title="−135/372">36.3%</abbr> of its health!)</small><br></div><div class="battle-history"><small>Trevenant had its energy drained!</small><br></div><div class="spacer battle-history"><br></div><div class="battle-history"><small>The opposing Tapu Bulu restored HP using its Grassy Terrain!</small><br></div><div class="battle-history"><small>Trevenant restored HP using its Grassy Terrain!</small><br></div><div class="battle-history"><small>[Trevenant's Harvest]</small><br><small>Trevenant harvested one Sitrus Berry!</small><br></div><div class="spacer battle-history"><br></div><div class="battle-history"><small>Trevenant ate its Sitrus Berry!</small><br></div><div class="battle-history"><small>Trevenant restored HP using its Sitrus Berry!</small><br></div><div class="spacer battle-history"><br></div><h2 class="battle-history">Turn 31</h2><div class="chat chatmessage-pepinoxo"><strong style="color:hsl(47,57%,34%)"><small>☆</small><span class="username" data-name="pepinoxo">pepinoxo</span>:</strong> <em>sep</em></div><div class="chat chatmessage-pepinoxo"><strong style="color:hsl(47,57%,34%)"><small>☆</small><span class="username" data-name="pepinoxo">pepinoxo</span>:</strong> <em>ahora entra mi craw re ez</em></div><div class="spacer battle-history"><br></div><div class="battle-history">The opposing Tapu Bulu used <strong>Nature's Madness</strong>!<br></div><div class="battle-history"><small>(Trevenant lost <abbr title="−137/372">36.8%</abbr> of its health!)</small><br></div><div class="spacer battle-history"><br></div><div class="battle-history">Trevenant used <strong>Horn Leech</strong>!<br></div><div class="battle-history"><small>It's not very effective...</small><br></div><div class="battle-history"><small>(The opposing Tapu Bulu lost <abbr title="−61/282">21.6%</abbr> of its health!)</small><br></div><div class="battle-history"><small>The opposing Tapu Bulu had its energy drained!</small><br></div><div class="spacer battle-history"><br></div><div class="battle-history"><small>The opposing Tapu Bulu restored HP using its Grassy Terrain!</small><br></div><div class="battle-history"><small>Trevenant restored HP using its Grassy Terrain!</small><br></div><div class="spacer battle-history"><br></div><h2 class="battle-history">Turn 32</h2><div class="chat chatmessage-milkito"><strong style="color:hsl(352,56%,48%)"><small>☆</small><span class="username" data-name="Milkito">Milkito</span>:</strong> <em>Algo :v</em></div><div class="chat chatmessage-milkito"><strong style="color:hsl(352,56%,48%)"><small>☆</small><span class="username" data-name="Milkito">Milkito</span>:</strong> <em>Wood hammar</em></div><div class="spacer battle-history"><br></div><div class="battle-history">The opposing Tapu Bulu used <strong>Wood Hammer</strong>!<br></div><div class="battle-history"><small>It's not very effective...</small><br></div><div class="battle-history"><small>(Trevenant lost <abbr title="−192/372">51.6%</abbr> of its health!)</small><br></div><div class="battle-history"><small>The opposing Tapu Bulu is damaged by the recoil!</small><br></div><div class="spacer battle-history"><br></div><div class="battle-history">Trevenant fainted!<br></div><div class="spacer battle-history"><br></div><div class="battle-history"><small>The opposing Tapu Bulu restored HP using its Grassy Terrain!</small><br></div><div class="chat chatmessage-pepinoxo"><strong style="color:hsl(47,57%,34%)"><small>☆</small><span class="username" data-name="pepinoxo">pepinoxo</span>:</strong> <em>re</em></div><div class="chat chatmessage-pepinoxo"><strong style="color:hsl(47,57%,34%)"><small>☆</small><span class="username" data-name="pepinoxo">pepinoxo</span>:</strong> <em>izy</em></div><div class="chat chatmessage-pepinoxo"><strong style="color:hsl(47,57%,34%)"><small>☆</small><span class="username" data-name="pepinoxo">pepinoxo</span>:</strong> <em>pixy</em></div><div class="spacer battle-history"><br></div><div class="battle-history">Go! <strong>Dodrio</strong>!<br></div><div class="spacer battle-history"><br></div><h2 class="battle-history">Turn 33</h2><div class="spacer battle-history"><br></div><div class="battle-history">Dodrio used <strong>Brave Bird</strong>!<br></div><div class="battle-history"><small>It's super effective!</small><br></div><div class="battle-history"><small>(The opposing Tapu Bulu lost <abbr title="−192/282">68.1%</abbr> of its health!)</small><br></div><div class="battle-history"><small>Dodrio is damaged by the recoil!</small><br></div><div class="spacer battle-history"><br></div><div class="battle-history">The opposing Tapu Bulu fainted!<br></div><div class="chat chatmessage-pepinoxo"><strong style="color:hsl(47,57%,34%)"><small>☆</small><span class="username" data-name="pepinoxo">pepinoxo</span>:</strong> <em>y el puto zeta</em></div><div class="chat chatmessage-pepinoxo"><strong style="color:hsl(47,57%,34%)"><small>☆</small><span class="username" data-name="pepinoxo">pepinoxo</span>:</strong> <em>:v</em></div><div class="chat chatmessage-milkito"><strong style="color:hsl(352,56%,48%)"><small>☆</small><span class="username" data-name="Milkito">Milkito</span>:</strong> <em>Nel</em></div><div class="spacer battle-history"><br></div><div class="battle-history">pepinoxo sent out Alakazam (<strong>Alakazam-Mega</strong>)!<br></div><div class="battle-history"><small>Pointed stones dug into the opposing Alakazam!</small><br></div><div class="battle-history"><small>[The opposing Alakazam's Trace]</small><br><small>[The opposing Alakazam's Early Bird]</small><br><small>The opposing Alakazam traced Dodrio's Early Bird!</small><br></div><div class="spacer battle-history"><br></div><h2 class="battle-history">Turn 34</h2><div class="chat chatmessage-milkito"><strong style="color:hsl(352,56%,48%)"><small>☆</small><span class="username" data-name="Milkito">Milkito</span>:</strong> <em>:v</em></div><div class="spacer battle-history"><br></div><div class="battle-history">The opposing Alakazam used <strong>Psychic</strong>!<br></div><div class="battle-history"><small>(Dodrio lost <abbr title="−114/261">43.7%</abbr> of its health!)</small><br></div><div class="spacer battle-history"><br></div><div class="battle-history">Dodrio fainted!<br></div><div class="spacer battle-history"><br></div><div class="battle-history"><small>The opposing Alakazam restored HP using its Grassy Terrain!</small><br></div><div class="battle-history"><small>The grass disappeared from the battlefield.</small><br></div><div class="spacer battle-history"><br></div><div class="battle-history">Go! <strong>Incineroar</strong>!<br></div><div class="battle-history"><small>[Incineroar's Intimidate]</small><br></div><div class="battle-history"><small>The opposing Alakazam's Attack fell!</small><br></div><div class="spacer battle-history"><br></div><h2 class="battle-history">Turn 35</h2><div class="spacer battle-history"><br></div><div class="battle-history">Incineroar used <strong>Fake Out</strong>!<br></div><div class="battle-history"><small>(The opposing Alakazam lost <abbr title="−55/252">21.8%</abbr> of its health!)</small><br></div><div class="spacer battle-history"><br></div><div class="battle-history">The opposing Alakazam flinched and couldn't move!<br></div><div class="spacer battle-history"><br></div><h2 class="battle-history">Turn 36</h2><div class="chat chatmessage-milkito"><strong style="color:hsl(352,56%,48%)"><small>☆</small><span class="username" data-name="Milkito">Milkito</span>:</strong> <em>40 = 20%</em></div><div class="chat chatmessage-milkito"><strong style="color:hsl(352,56%,48%)"><small>☆</small><span class="username" data-name="Milkito">Milkito</span>:</strong> <em>Hmm</em></div><div class="spacer battle-history"><br></div><div class="battle-history">The opposing Alakazam used <strong>Focus Blast</strong>!<br></div><div class="battle-history"><small>It's super effective!</small><br></div><div class="battle-history"><small>(Incineroar lost <abbr title="−236/393">60.1%</abbr> of its health!)</small><br></div><div class="spacer battle-history"><br></div><div class="battle-history">Incineroar used <strong>U-turn</strong>!<br></div><div class="battle-history"><small>It's super effective!</small><br></div><div class="battle-history"><small>(The opposing Alakazam lost <abbr title="−181/252">71.8%</abbr> of its health!)</small><br></div><div class="spacer battle-history"><br></div><div class="battle-history">The opposing Alakazam fainted!<br></div><div class="chat chatmessage-pepinoxo"><strong style="color:hsl(47,57%,34%)"><small>☆</small><span class="username" data-name="pepinoxo">pepinoxo</span>:</strong> <em>bg</em></div><div class="spacer battle-history"><br></div><div class="battle-history">Incineroar went back to Milkito!<br></div><div class="battle-history">Go! <strong>Alakazam</strong>!<br></div><div class="chat chatmessage-pepinoxo"><strong style="color:hsl(47,57%,34%)"><small>☆</small><span class="username" data-name="pepinoxo">pepinoxo</span>:</strong> <em>:V</em></div><div class="spacer battle-history"><br></div><div class="battle-history">pepinoxo sent out <strong>Crawdaunt</strong>!<br></div><div class="battle-history"><small>Pointed stones dug into the opposing Crawdaunt!</small><br></div><div class="spacer battle-history"><br></div><h2 class="battle-history">Turn 37</h2><div class="chat chatmessage-milkito"><strong style="color:hsl(352,56%,48%)"><small>☆</small><span class="username" data-name="Milkito">Milkito</span>:</strong> <em>AQui fallo</em></div><div class="chat chatmessage-milkito"><strong style="color:hsl(352,56%,48%)"><small>☆</small><span class="username" data-name="Milkito">Milkito</span>:</strong> <em>Ya veras</em></div><div class="chat chatmessage-milkito"><strong style="color:hsl(352,56%,48%)"><small>☆</small><span class="username" data-name="Milkito">Milkito</span>:</strong> <em>:v</em></div><div class="spacer battle-history"><br></div><div class="battle-history"><small>Alakazam's Alakazite is reacting to the Key Stone!</small><br>Alakazam has Mega Evolved into Mega Alakazam!<br></div><div class="battle-history"><small>[Alakazam's Trace]</small><br><small>[Alakazam's Adaptability]</small><br><small>Alakazam traced the opposing Crawdaunt's Adaptability!</small><br></div><div class="spacer battle-history"><br></div><div class="battle-history">The opposing Crawdaunt used <strong>Aqua Jet</strong>!<br></div><div class="battle-history"><small>A critical hit!</small><br></div><div class="battle-history"><small>(Alakazam lost <abbr title="−240/251">95.6%</abbr> of its health!)</small><br></div><div class="spacer battle-history"><br></div><div class="battle-history">Alakazam used <strong>Focus Blast</strong>!<br></div><div class="battle-history"><small>The opposing Crawdaunt avoided the attack!</small><br></div><div class="spacer battle-history"><br></div><h2 class="battle-history">Turn 38</h2><div class="chat chatmessage-pepinoxo"><strong style="color:hsl(47,57%,34%)"><small>☆</small><span class="username" data-name="pepinoxo">pepinoxo</span>:</strong> <em>jajajajaja</em></div><div class="chat chatmessage-milkito"><strong style="color:hsl(352,56%,48%)"><small>☆</small><span class="username" data-name="Milkito">Milkito</span>:</strong> <em>Ptmr</em></div><div class="chat chatmessage-pepinoxo"><strong style="color:hsl(47,57%,34%)"><small>☆</small><span class="username" data-name="pepinoxo">pepinoxo</span>:</strong> <em>jajajajaja</em></div><div class="chat chatmessage-milkito"><strong style="color:hsl(352,56%,48%)"><small>☆</small><span class="username" data-name="Milkito">Milkito</span>:</strong> <em>XDD</em></div><div class="chat chatmessage-pepinoxo"><strong style="color:hsl(47,57%,34%)"><small>☆</small><span class="username" data-name="pepinoxo">pepinoxo</span>:</strong> <em>jajajajaja</em></div><div class="chat chatmessage-pepinoxo"><strong style="color:hsl(47,57%,34%)"><small>☆</small><span class="username" data-name="pepinoxo">pepinoxo</span>:</strong> <em>jajajajaja</em></div><div class="chat chatmessage-pepinoxo"><strong style="color:hsl(47,57%,34%)"><small>☆</small><span class="username" data-name="pepinoxo">pepinoxo</span>:</strong> <em>jajajajaja</em></div><div class="chat chatmessage-pepinoxo"><strong style="color:hsl(47,57%,34%)"><small>☆</small><span class="username" data-name="pepinoxo">pepinoxo</span>:</strong> <em>jajajajaja</em></div><div class="chat chatmessage-pepinoxo"><strong style="color:hsl(47,57%,34%)"><small>☆</small><span class="username" data-name="pepinoxo">pepinoxo</span>:</strong> <em>jajajajaja</em></div><div class="chat chatmessage-pepinoxo"><strong style="color:hsl(47,57%,34%)"><small>☆</small><span class="username" data-name="pepinoxo">pepinoxo</span>:</strong> <em>jajajajaja</em></div><div class="chat chatmessage-pepinoxo"><strong style="color:hsl(47,57%,34%)"><small>☆</small><span class="username" data-name="pepinoxo">pepinoxo</span>:</strong> <em>jajajajaja</em></div><div class="chat chatmessage-pepinoxo"><strong style="color:hsl(47,57%,34%)"><small>☆</small><span class="username" data-name="pepinoxo">pepinoxo</span>:</strong> <em>jajajajaja</em></div><div class="chat chatmessage-pepinoxo"><strong style="color:hsl(47,57%,34%)"><small>☆</small><span class="username" data-name="pepinoxo">pepinoxo</span>:</strong> <em>jajajajaja</em></div><div class="chat chatmessage-pepinoxo"><strong style="color:hsl(47,57%,34%)"><small>☆</small><span class="username" data-name="pepinoxo">pepinoxo</span>:</strong> <em>jajajajaja</em></div><div class="chat chatmessage-pepinoxo"><strong style="color:hsl(47,57%,34%)"><small>☆</small><span class="username" data-name="pepinoxo">pepinoxo</span>:</strong> <em>jajajajaja</em></div><div class="chat chatmessage-pepinoxo"><strong style="color:hsl(47,57%,34%)"><small>☆</small><span class="username" data-name="pepinoxo">pepinoxo</span>:</strong> <em>jajajajaja</em></div><div class="chat chatmessage-pepinoxo"><strong style="color:hsl(47,57%,34%)"><small>☆</small><span class="username" data-name="pepinoxo">pepinoxo</span>:</strong> <em>jajajajaja</em></div><div class="chat chatmessage-pepinoxo"><strong style="color:hsl(47,57%,34%)"><small>☆</small><span class="username" data-name="pepinoxo">pepinoxo</span>:</strong> <em>jajajajaja</em></div><div class="chat chatmessage-pepinoxo"><strong style="color:hsl(47,57%,34%)"><small>☆</small><span class="username" data-name="pepinoxo">pepinoxo</span>:</strong> <em>jajajajaja</em></div><div class="chat chatmessage-milkito"><strong style="color:hsl(352,56%,48%)"><small>☆</small><span class="username" data-name="Milkito">Milkito</span>:</strong> <em>BG</em></div><div class="chat chatmessage-pepinoxo"><strong style="color:hsl(47,57%,34%)"><small>☆</small><span class="username" data-name="pepinoxo">pepinoxo</span>:</strong> <em>jajajajaja</em></div><div class="chat chatmessage-pepinoxo"><strong style="color:hsl(47,57%,34%)"><small>☆</small><span class="username" data-name="pepinoxo">pepinoxo</span>:</strong> <em>jajajajaja</em></div><div class="chat chatmessage-milkito"><strong style="color:hsl(352,56%,48%)"><small>☆</small><span class="username" data-name="Milkito">Milkito</span>:</strong> <em>:v</em></div><div class="chat chatmessage-pepinoxo"><strong style="color:hsl(47,57%,34%)"><small>☆</small><span class="username" data-name="pepinoxo">pepinoxo</span>:</strong> <em>que izy</em></div><div class="chat chatmessage-pepinoxo"><strong style="color:hsl(47,57%,34%)"><small>☆</small><span class="username" data-name="pepinoxo">pepinoxo</span>:</strong> <em>bg</em></div><div class="chat chatmessage-pepinoxo"><strong style="color:hsl(47,57%,34%)"><small>☆</small><span class="username" data-name="pepinoxo">pepinoxo</span>:</strong> <em>:V</em></div><div class="spacer battle-history"><br></div><div class="battle-history">The opposing Crawdaunt used <strong>Aqua Jet</strong>!<br></div><div class="battle-history"><small>(Alakazam lost <abbr title="−11/251">4.4%</abbr> of its health!)</small><br></div><div class="spacer battle-history"><br></div><div class="battle-history">Alakazam fainted!<br></div><div class="chat chatmessage-milkito"><strong style="color:hsl(352,56%,48%)"><small>☆</small><span class="username" data-name="Milkito">Milkito</span>:</strong> <em>:'v</em></div><div class="spacer battle-history"><br></div><div class="battle-history">Go! <strong>Incineroar</strong>!<br></div><div class="battle-history"><small>[Incineroar's Intimidate]</small><br></div><div class="battle-history"><small>The opposing Crawdaunt's Attack fell!</small><br></div><div class="spacer battle-history"><br></div><h2 class="battle-history">Turn 39</h2><div class="spacer battle-history"><br></div><div class="battle-history">Incineroar used <strong>Fake Out</strong>!<br></div><div class="battle-history"><small>(The opposing Crawdaunt lost <abbr title="−45/268">16.8%</abbr> of its health!)</small><br></div><div class="spacer battle-history"><br></div><div class="battle-history">The opposing Crawdaunt flinched and couldn't move!<br></div><div class="spacer battle-history"><br></div><h2 class="battle-history">Turn 40</h2><div class="spacer battle-history"><br></div><div class="battle-history">The opposing Crawdaunt used <strong>Aqua Jet</strong>!<br></div><div class="battle-history"><small>It's super effective!</small><br></div><div class="battle-history"><small>(Incineroar lost <abbr title="−140/393">35.6%</abbr> of its health!)</small><br></div><div class="spacer battle-history"><br></div><div class="battle-history">Incineroar used <strong>U-turn</strong>!<br></div><div class="battle-history"><small>It's super effective!</small><br></div><div class="battle-history"><small>A critical hit!</small><br></div><div class="battle-history"><small>(The opposing Crawdaunt lost <abbr title="−157/268">58.6%</abbr> of its health!)</small><br></div><div class="spacer battle-history"><br></div><div class="battle-history">The opposing Crawdaunt fainted!<br></div><div class="spacer battle-history"><br></div><div class="battle-history"><strong>Milkito</strong> won the battle!<br></div><div class="chat chatmessage-milkito"><strong style="color:hsl(352,56%,48%)"><small>☆</small><span class="username" data-name="Milkito">Milkito</span>:</strong> <em>JAJAJAJA</em></div><div class="chat chatmessage-pepinoxo"><strong style="color:hsl(47,57%,34%)"><small>☆</small><span class="username" data-name="pepinoxo">pepinoxo</span>:</strong> <em>jajaja</em></div><div class="chat chatmessage-milkito"><strong style="color:hsl(352,56%,48%)"><small>☆</small><span class="username" data-name="Milkito">Milkito</span>:</strong> <em>JAJAJAAJAJAJAAJAJAJAJAAJAJA</em></div><div class="chat chatmessage-milkito"><strong style="color:hsl(352,56%,48%)"><small>☆</small><span class="username" data-name="Milkito">Milkito</span>:</strong> <em>JAAAAAAAAAAAAAAAAAAAAAAAAAAAAAAAAAAAAAaaa</em></div><div class="chat chatmessage-pepinoxo"><strong style="color:hsl(47,57%,34%)"><small>☆</small><span class="username" data-name="pepinoxo">pepinoxo</span>:</strong> <em>que mamada</em></div><div class="chat chatmessage-pepinoxo"><strong style="color:hsl(47,57%,34%)"><small>☆</small><span class="username" data-name="pepinoxo">pepinoxo</span>:</strong> <em>jajaja</em></div><div class="chat chatmessage-pepinoxo"><strong style="color:hsl(47,57%,34%)"><small>☆</small><span class="username" data-name="pepinoxo">pepinoxo</span>:</strong> <em>jajaja</em></div><div class="chat chatmessage-pepinoxo"><strong style="color:hsl(47,57%,34%)"><small>☆</small><span class="username" data-name="pepinoxo">pepinoxo</span>:</strong> <em>jajaja</em></div><div class="chat chatmessage-pepinoxo"><strong style="color:hsl(47,57%,34%)"><small>☆</small><span class="username" data-name="pepinoxo">pepinoxo</span>:</strong> <em>jajaja</em></div><div class="chat chatmessage-pepinoxo"><strong style="color:hsl(47,57%,34%)"><small>☆</small><span class="username" data-name="pepinoxo">pepinoxo</span>:</strong> <em>jajaja</em></div><div class="chat chatmessage-pepinoxo"><strong style="color:hsl(47,57%,34%)"><small>☆</small><span class="username" data-name="pepinoxo">pepinoxo</span>:</strong> <em>jajaja</em></div><div class="chat chatmessage-pepinoxo"><strong style="color:hsl(47,57%,34%)"><small>☆</small><span class="username" data-name="pepinoxo">pepinoxo</span>:</strong> <em>jajaja</em></div><div class="chat chatmessage-pepinoxo"><strong style="color:hsl(47,57%,34%)"><small>☆</small><span class="username" data-name="pepinoxo">pepinoxo</span>:</strong> <em>jajaja</em></div><div class="chat chatmessage-pepinoxo"><strong style="color:hsl(47,57%,34%)"><small>☆</small><span class="username" data-name="pepinoxo">pepinoxo</span>:</strong> <em>jajaja</em></div><div class="chat chatmessage-pepinoxo"><strong style="color:hsl(47,57%,34%)"><small>☆</small><span class="username" data-name="pepinoxo">pepinoxo</span>:</strong> <em>jajaja</em></div><div class="chat chatmessage-pepinoxo"><strong style="color:hsl(47,57%,34%)"><small>☆</small><span class="username" data-name="pepinoxo">pepinoxo</span>:</strong> <em>wena</em></div><div class="chat chatmessage-milkito"><strong style="color:hsl(352,56%,48%)"><small>☆</small><span class="username" data-name="Milkito">Milkito</span>:</strong> <em>Toma</em></div><div class="chat chatmessage-milkito"><strong style="color:hsl(352,56%,48%)"><small>☆</small><span class="username" data-name="Milkito">Milkito</span>:</strong> <em>xD</em></div><div class="chat chatmessage-pepinoxo"><strong style="color:hsl(47,57%,34%)"><small>☆</small><span class="username" data-name="pepinoxo">pepinoxo</span>:</strong> <em>ya me ire a dormir</em></div><div class="chat chatmessage-pepinoxo"><strong style="color:hsl(47,57%,34%)"><small>☆</small><span class="username" data-name="pepinoxo">pepinoxo</span>:</strong> <em>bb</em></div><div class="chat chatmessage-pepinoxo"><strong style="color:hsl(47,57%,34%)"><small>☆</small><span class="username" data-name="pepinoxo">pepinoxo</span>:</strong> <em>bye</em></div><div class="chat chatmessage-milkito"><strong style="color:hsl(352,56%,48%)"><small>☆</small><span class="username" data-name="Milkito">Milkito</span>:</strong> <em>:'v</em></div><div class="chat chatmessage-milkito"><strong style="color:hsl(352,56%,48%)"><small>☆</small><span class="username" data-name="Milkito">Milkito</span>:</strong> <em>cuidese</em></div><div class="chat chatmessage-pepinoxo"><strong style="color:hsl(47,57%,34%)"><small>☆</small><span class="username" data-name="pepinoxo">pepinoxo</span>:</strong> <em>igual</em></div><div class="chat chatmessage-milkito"><strong style="color:hsl(352,56%,48%)"><small>☆</small><span class="username" data-name="Milkito">Milkito</span>:</strong> <em>Protejja ese qlito</em></div><div class="chat chatmessage-milkito"><strong style="color:hsl(352,56%,48%)"><small>☆</small><span class="username" data-name="Milkito">Milkito</span>:</strong> <em>&lt;3</em></div><div class="chat chatmessage-pepinoxo"><strong style="color:hsl(47,57%,34%)"><small>☆</small><span class="username" data-name="pepinoxo">pepinoxo</span>:</strong> <em>KKKKKKKKKKKKk</em></div></div><div class="inner-preempt"></div></div></div>
</div>
<script>
let daily = Math.floor(Date.now()/1000/60/60/24);document.write('<script src="https://play.pokemonshowdown.com/js/replay-embed.js?version'+daily+'"></'+'script>');
</script>
