<!DOCTYPE html>
<meta charset="utf-8" />
<!-- version 1 -->
<title>OU replay: RayParK_ vs. Mahvel Party</title>
<style>
html,body {font-family:Verdana, sans-serif;font-size:10pt;margin:0;padding:0;}body{padding:12px 0;} .battle-log {font-family:Verdana, sans-serif;font-size:10pt;} .battle-log-inline {border:1px solid #AAAAAA;background:#EEF2F5;color:black;max-width:640px;margin:0 auto 80px;padding-bottom:5px;} .battle-log .inner {padding:4px 8px 0px 8px;} .battle-log .inner-preempt {padding:0 8px 4px 8px;} .battle-log .inner-after {margin-top:0.5em;} .battle-log h2 {margin:0.5em -8px;padding:4px 8px;border:1px solid #AAAAAA;background:#E0E7EA;border-left:0;border-right:0;font-family:Verdana, sans-serif;font-size:13pt;} .battle-log .chat {vertical-align:middle;padding:3px 0 3px 0;font-size:8pt;} .battle-log .chat strong {color:#40576A;} .battle-log .chat em {padding:1px 4px 1px 3px;color:#000000;font-style:normal;} .chat.mine {background:rgba(0,0,0,0.05);margin-left:-8px;margin-right:-8px;padding-left:8px;padding-right:8px;} .spoiler {color:#BBBBBB;background:#BBBBBB;padding:0px 3px;} .spoiler:hover, .spoiler:active, .spoiler-shown {color:#000000;background:#E2E2E2;padding:0px 3px;} .spoiler a {color:#BBBBBB;} .spoiler:hover a, .spoiler:active a, .spoiler-shown a {color:#2288CC;} .chat code, .chat .spoiler:hover code, .chat .spoiler:active code, .chat .spoiler-shown code {border:1px solid #C0C0C0;background:#EEEEEE;color:black;padding:0 2px;} .chat .spoiler code {border:1px solid #CCCCCC;background:#CCCCCC;color:#CCCCCC;} .battle-log .rated {padding:3px 4px;} .battle-log .rated strong {color:white;background:#89A;padding:1px 4px;border-radius:4px;} .spacer {margin-top:0.5em;} .message-announce {background:#6688AA;color:white;padding:1px 4px 2px;} .message-announce a, .broadcast-green a, .broadcast-blue a, .broadcast-red a {color:#DDEEFF;} .broadcast-green {background-color:#559955;color:white;padding:2px 4px;} .broadcast-blue {background-color:#6688AA;color:white;padding:2px 4px;} .infobox {border:1px solid #6688AA;padding:2px 4px;} .infobox-limited {max-height:200px;overflow:auto;overflow-x:hidden;} .broadcast-red {background-color:#AA5544;color:white;padding:2px 4px;} .message-learn-canlearn {font-weight:bold;color:#228822;text-decoration:underline;} .message-learn-cannotlearn {font-weight:bold;color:#CC2222;text-decoration:underline;} .message-effect-weak {font-weight:bold;color:#CC2222;} .message-effect-resist {font-weight:bold;color:#6688AA;} .message-effect-immune {font-weight:bold;color:#666666;} .message-learn-list {margin-top:0;margin-bottom:0;} .message-throttle-notice, .message-error {color:#992222;} .message-overflow, .chat small.message-overflow {font-size:0pt;} .message-overflow::before {font-size:9pt;content:'...';} .subtle {color:#3A4A66;}
</style>
<div class="wrapper replay-wrapper" style="max-width:1180px;margin:0 auto">
<input type="hidden" name="replayid" value="destiny-ou-427396" />
<div class="battle"></div><div class="battle-log"></div><div class="replay-controls"></div><div class="replay-controls-2"></div>
<h1 style="font-weight:normal;text-align:center"><strong>OU</strong><br /><a href="http://pokemonshowdown.com/users/raypark" class="subtle" target="_blank">RayParK_</a> vs. <a href="http://pokemonshowdown.com/users/mahvelparty" class="subtle" target="_blank">Mahvel Party</a></h1>
<script type="text/plain" class="battle-log-data">|player|p1|RayParK_|101
|teamsize|p1|6
|player|p2|Mahvel Party|169
|teamsize|p2|6
|teamsize|p1|6
|teamsize|p2|6
|gametype|singles
|gen|7
|tier|OU
|rated
|seed|9303,50068,13720,26476
|rule|Cláusula-Mod de Dormir: solo puedes dormir a uno de tus oponentes a la vez.
|rule|Cláusula de Especie: Hasta un Pokémon de cada especie
|rule|Cláusula de Golpe Fulminante: los movimientos fulminantes (OHKO) estan prohibidos
|rule|Cláusula de Veleta: la habilidad Veleta está prohibida
|rule|Cláusula de Movimientos Evasivos: los movimientos de Evasión están prohibidos.
|rule|Cláusula de Batallas Eternas: forzar batallas eternas está prohibido
|clearpoke
|poke|p1|Magearna|item
|poke|p1|Rotom-Wash|item
|poke|p1|Landorus-Therian, M|item
|poke|p1|Tornadus-Therian, M|item
|poke|p1|Kyurem-Black|item
|poke|p1|Lopunny, F, shiny|item
|poke|p2|Gengar, M|item
|poke|p2|Landorus-Therian, M|item
|poke|p2|Breloom, F|item
|poke|p2|Snorlax, F|item
|poke|p2|Gallade, M|item
|poke|p2|Clefable, F|item
|teampreview|undefined
|choice|*|*team 623451
|choice|*team 623451|*
|choice|team 6, 2, 3, 4, 5, 1|team 6, 2, 3, 4, 5, 1
|
|start
|switch|p1a: Lopunny|Lopunny, F, shiny|272\/272
|switch|p2a: Clefable|Clefable, F|394\/394
|turn|1
|choice|*move 2 mega|*
|inactive|Reloj de batalla ENCENDIDO. El jugador inactivo será descalificado (solicitado por RayParK_).
|choice|*|*move 3
|choice|move fakeout mega|move moonblast
|
|-mega|p1a: Lopunny|Lopunny|Lopunnite
|detailschange|p1a: Lopunny|Lopunny-Mega, F, shiny
|move|p1a: Lopunny|Fake Out|p2a: Clefable
|-damage|p2a: Clefable|324\/394
|cant|p2a: Clefable|flinch
|
|-heal|p2a: Clefable|348\/394|[from] item: Leftovers
|upkeep
|turn|2
|choice|*|*move 3
|inactiveoff|El cronómetro ha sido APAGADO.
|choice|*switch 6|*
|choice|switch 6|move moonblast
|
|switch|p1a: Magearna|Magearna|364\/364
|move|p2a: Clefable|Moonblast|p1a: Magearna
|-resisted|p1a: Magearna
|-damage|p1a: Magearna|337\/364
|
|-heal|p2a: Clefable|372\/394|[from] item: Leftovers
|upkeep
|turn|3
|choice|*move 2|*
|choice|*|*switch 4
|choice|move icebeam|switch 4
|
|switch|p2a: Snorlax|Snorlax, F|518\/518
|move|p1a: Magearna|Ice Beam|p2a: Snorlax
|-damage|p2a: Snorlax|486\/518
|
|-heal|p2a: Snorlax|518\/518|[from] item: Leftovers
|upkeep
|turn|4
|choice|*|*move 4
|choice|*move 4|*
|choice|move voltswitch|move yawn
|
|move|p1a: Magearna|Volt Switch|p2a: Snorlax
|-damage|p2a: Snorlax|461\/518
|choice|*switch 3|*
|choice|switch 3|
|
|switch|p1a: Landorus|Landorus-Therian, M|382\/382|[from]move: Volt Switch
|-ability|p1a: Landorus|Intimidate|boost
|-unboost|p2a: Snorlax|atk|1
|move|p2a: Snorlax|Yawn|p1a: Landorus
|-start|p1a: Landorus|move: Yawn|[of] p2a: Snorlax
|
|-heal|p2a: Snorlax|493\/518|[from] item: Leftovers
|upkeep
|turn|5
|choice|*move 2|*
|choice|*|*move 4
|choice|move stealthrock|move yawn
|
|move|p1a: Landorus|Stealth Rock|p2a: Snorlax
|-sidestart|p2: Mahvel Party|move: Stealth Rock
|move|p2a: Snorlax|Yawn|p1a: Landorus
|-fail|p2a: Snorlax
|
|-end|p1a: Landorus|move: Yawn|[silent]
|-status|p1a: Landorus|slp
|-heal|p2a: Snorlax|518\/518|[from] item: Leftovers
|upkeep
|turn|6
|choice|*switch 6|*
|choice|*|*switch 2
|choice|switch 6|switch 2
|
|switch|p1a: Lopunny|Lopunny-Mega, F, shiny|272\/272
|switch|p2a: Landorus|Landorus-Therian, M|375\/375
|-damage|p2a: Landorus|329\/375|[from] Stealth Rock
|-ability|p2a: Landorus|Intimidate|boost
|-unboost|p1a: Lopunny|atk|1
|
|upkeep
|turn|7
|choice|*move 4|*
|choice|*|*move 4
|choice|move icepunch|move defog
|
|move|p1a: Lopunny|Ice Punch|p2a: Landorus
|-supereffective|p2a: Landorus
|-damage|p2a: Landorus|121\/375
|-damage|p1a: Lopunny|227\/272|[from] item: Rocky Helmet|[of] p2a: Landorus
|move|p2a: Landorus|Defog|p1a: Lopunny
|-unboost|p1a: Lopunny|evasion|1
|-sideend|p2: Mahvel Party|Stealth Rock|[from] move: Defog|[of] p2a: Landorus
|
|upkeep
|turn|8
|choice|*|*switch 4
|choice|*move 3|*
|choice|move frustration|switch 4
|
|switch|p2a: Clefable|Clefable, F|372\/394
|move|p1a: Lopunny|Frustration|p2a: Clefable
|-damage|p2a: Clefable|258\/394
|
|-heal|p2a: Clefable|282\/394|[from] item: Leftovers
|upkeep
|turn|9
|choice|*switch 2|*
|choice|*switch 3|*
|choice|*|*move 1
|choice|switch 3|move wish
|
|switch|p1a: Magearna|Magearna|337\/364
|move|p2a: Clefable|Wish|p2a: Clefable
|
|-heal|p2a: Clefable|306\/394|[from] item: Leftovers
|upkeep
|turn|10
|choice|*move 2|*
|choice|*|*move 4
|choice|move icebeam|move flamethrower
|
|move|p1a: Magearna|Ice Beam|p2a: Clefable
|-damage|p2a: Clefable|224\/394
|move|p2a: Clefable|Flamethrower|p1a: Magearna
|-supereffective|p1a: Magearna
|-damage|p1a: Magearna|271\/364
|
|-heal|p2a: Clefable|394\/394|[from] move: Wish|[wisher] Clefable
|upkeep
|turn|11
|choice|*move 4|*
|choice|*|*move 3
|choice|move voltswitch|move moonblast
|
|move|p1a: Magearna|Volt Switch|p2a: Clefable
|-damage|p2a: Clefable|322\/394
|choice|*switch 5|*
|choice|switch 5|
|
|switch|p1a: Kyurem|Kyurem-Black|392\/392|[from]move: Volt Switch
|-ability|p1a: Kyurem|Teravolt
|move|p2a: Clefable|Moonblast|p1a: Kyurem
|-supereffective|p1a: Kyurem
|-damage|p1a: Kyurem|164\/392
|
|-heal|p2a: Clefable|346\/394|[from] item: Leftovers
|upkeep
|turn|12
|choice|*|*move 3
|choice|*move 1 zmove|*
|choice|move freezeshock zmove|move moonblast
|
|-zpower|p1a: Kyurem
|move|p1a: Kyurem|Subzero Slammer|p2a: Clefable|[zeffect]
|-damage|p2a: Clefable|0 fnt
|faint|p2a: Clefable
|
|upkeep
|choice|*|*switch 5
|choice||switch 5
|
|switch|p2a: Gallade|Gallade, M|277\/277
|turn|13
|choice|*move 4|*
|choice|*|*move 1 mega
|choice|move icebeam|move swordsdance mega
|
|-mega|p2a: Gallade|Gallade|Galladite
|detailschange|p2a: Gallade|Gallade-Mega, M
|move|p2a: Gallade|Swords Dance|p2a: Gallade
|-boost|p2a: Gallade|atk|2
|move|p1a: Kyurem|Ice Beam|p2a: Gallade
|-damage|p2a: Gallade|171\/277
|
|upkeep
|turn|14
|choice|*move 2|*
|choice|*|*move 2
|choice|*switch 6|*
|choice|switch 6|move drainpunch
|
|switch|p1a: Landorus|Landorus-Therian, M|382\/382 slp
|-ability|p1a: Landorus|Intimidate|boost
|-unboost|p2a: Gallade|atk|1
|move|p2a: Gallade|Drain Punch|p1a: Landorus
|-resisted|p1a: Landorus
|-damage|p1a: Landorus|290\/382 slp
|-heal|p2a: Gallade|217\/277|[from] drain|[of] p1a: Landorus
|-damage|p2a: Gallade|171\/277|[from] item: Rocky Helmet|[of] p1a: Landorus
|
|upkeep
|turn|15
|choice|*|*move 3
|choice|*switch 6|*
|choice|switch 6|move icepunch
|
|switch|p1a: Kyurem|Kyurem-Black|164\/392
|-ability|p1a: Kyurem|Teravolt
|move|p2a: Gallade|Ice Punch|p1a: Kyurem
|-damage|p1a: Kyurem|5\/392
|
|upkeep
|turn|16
|choice|*switch 6|*
|choice|*move 2|*
|choice|*|*move 3
|choice|move fusionbolt|move icepunch
|
|move|p2a: Gallade|Ice Punch|p1a: Kyurem
|-damage|p1a: Kyurem|0 fnt
|faint|p1a: Kyurem
|
|upkeep
|choice|*switch 3|*
|choice|switch 3|
|
|switch|p1a: Lopunny|Lopunny-Mega, F, shiny|227\/272
|turn|17
|choice|*move 2|*
|choice|*|*switch 4
|choice|move fakeout|switch 4
|
|switch|p2a: Landorus|Landorus-Therian, M|121\/375
|-ability|p2a: Landorus|Intimidate|boost
|-unboost|p1a: Lopunny|atk|1
|move|p1a: Lopunny|Fake Out|p2a: Landorus
|-damage|p2a: Landorus|84\/375
|-damage|p1a: Lopunny|182\/272|[from] item: Rocky Helmet|[of] p2a: Landorus
|
|upkeep
|turn|18
|choice|*move 3|*
|choice|*|*move 3
|choice|move frustration|move stealthrock
|
|move|p1a: Lopunny|Frustration|p2a: Landorus
|-crit|p2a: Landorus
|-damage|p2a: Landorus|0 fnt
|-damage|p1a: Lopunny|137\/272|[from] item: Rocky Helmet|[of] p2a: Landorus
|faint|p2a: Landorus
|
|upkeep
|choice|*|*switch 3
|choice||switch 3
|
|switch|p2a: Breloom|Breloom, F|324\/324
|turn|19
|choice|*switch 4|*
|choice|*|*move 2
|choice|switch 4|move leechseed
|
|switch|p1a: Tornadus|Tornadus-Therian, M|300\/300
|move|p2a: Breloom|Leech Seed|p1a: Tornadus
|-start|p1a: Tornadus|move: Leech Seed
|
|-damage|p1a: Tornadus|263\/300|[from] Leech Seed|[of] p2a: Breloom
|-status|p2a: Breloom|tox|[from] item: Toxic Orb
|upkeep
|turn|20
|choice|*move 1|*
|choice|*move 3|*
|choice|*|*move 4
|choice|move knockoff|move protect
|
|move|p2a: Breloom|Protect|p2a: Breloom
|-singleturn|p2a: Breloom|Protect
|move|p1a: Tornadus|Knock Off|p2a: Breloom
|-activate|p2a: Breloom|move: Protect
|
|-damage|p1a: Tornadus|226\/300|[from] Leech Seed|[of] p2a: Breloom
|upkeep
|turn|21
|choice|*move 1|*
|choice|*|*switch 2
|choice|move hurricane|switch 2
|
|switch|p2a: Snorlax|Snorlax, F|518\/518
|move|p1a: Tornadus|Hurricane|p2a: Snorlax
|-damage|p2a: Snorlax|349\/518
|-damage|p1a: Tornadus|196\/300|[from] item: Life Orb
|
|-heal|p2a: Snorlax|381\/518|[from] item: Leftovers
|-damage|p1a: Tornadus|159\/300|[from] Leech Seed|[of] p2a: Snorlax
|-heal|p2a: Snorlax|418\/518|[silent]
|upkeep
|turn|22
|choice|*switch 6|*
|choice|*move 4|*
|choice|*|*switch 2
|choice|*switch 4|*
|choice|switch 4|switch 2
|
|switch|p1a: Lopunny|Lopunny-Mega, F, shiny|137\/272
|switch|p2a: Breloom|Breloom, F|324\/324 tox
|
|upkeep
|turn|23
|choice|*move 2|*
|choice|*|*move 3
|choice|move fakeout|move drainpunch
|
|move|p1a: Lopunny|Fake Out|p2a: Breloom
|-damage|p2a: Breloom|263\/324 tox
|cant|p2a: Breloom|flinch
|
|-heal|p2a: Breloom|303\/324 tox|[from] ability: Poison Heal
|upkeep
|turn|24
|choice|*|*move 3
|choice|*move 3|*
|choice|move frustration|move drainpunch
|
|move|p1a: Lopunny|Frustration|p2a: Breloom
|-damage|p2a: Breloom|138\/324 tox
|move|p2a: Breloom|Drain Punch|p1a: Lopunny
|-supereffective|p1a: Lopunny
|-damage|p1a: Lopunny|0 fnt
|-heal|p2a: Breloom|207\/324 tox|[from] drain|[of] p1a: Lopunny
|faint|p1a: Lopunny
|
|-heal|p2a: Breloom|247\/324 tox|[from] ability: Poison Heal
|upkeep
|choice|*switch 4|*
|choice|switch 4|
|
|switch|p1a: Tornadus|Tornadus-Therian, M|259\/300
|turn|25
|choice|*move 1|*
|choice|*|*move 4
|choice|move hurricane|move protect
|
|move|p2a: Breloom|Protect|p2a: Breloom
|-singleturn|p2a: Breloom|Protect
|move|p1a: Tornadus|Hurricane|p2a: Breloom
|-activate|p2a: Breloom|move: Protect
|
|-heal|p2a: Breloom|287\/324 tox|[from] ability: Poison Heal
|upkeep
|turn|26
|choice|*move 1|*
|choice|*|*switch 2
|choice|move hurricane|switch 2
|
|switch|p2a: Snorlax|Snorlax, F|418\/518
|move|p1a: Tornadus|Hurricane|p2a: Snorlax
|-damage|p2a: Snorlax|250\/518
|-damage|p1a: Tornadus|229\/300|[from] item: Life Orb
|
|-heal|p2a: Snorlax|282\/518|[from] item: Leftovers
|upkeep
|turn|27
|choice|*move 4|*
|choice|*|*move 1
|choice|move superpower|move facade
|
|move|p1a: Tornadus|Superpower|p2a: Snorlax
|-supereffective|p2a: Snorlax
|-damage|p2a: Snorlax|6\/518
|-unboost|p1a: Tornadus|atk|1
|-unboost|p1a: Tornadus|def|1
|-damage|p1a: Tornadus|199\/300|[from] item: Life Orb
|move|p2a: Snorlax|Facade|p1a: Tornadus
|-damage|p1a: Tornadus|28\/300
|
|-heal|p2a: Snorlax|38\/518|[from] item: Leftovers
|upkeep
|turn|28
|choice|*move 3|*
|choice|*|*move 1
|choice|move knockoff|move facade
|
|move|p1a: Tornadus|Knock Off|p2a: Snorlax
|-damage|p2a: Snorlax|0 fnt
|-enditem|p2a: Snorlax|Leftovers|[from] move: Knock Off|[of] p1a: Tornadus
|-damage|p1a: Tornadus|0 fnt|[from] item: Life Orb
|faint|p2a: Snorlax
|faint|p1a: Tornadus
|
|upkeep
|choice|*switch 2|*
|choice|*switch 5|*
|choice|*|*switch 4
|choice|switch 5|switch 4
|
|switch|p1a: Magearna|Magearna|271\/364
|switch|p2a: Gallade|Gallade-Mega, M|171\/277
|turn|29
|choice|*move 1|*
|choice|*|*move 2
|choice|move fleurcannon|move drainpunch
|
|move|p2a: Gallade|Drain Punch|p1a: Magearna
|-damage|p1a: Magearna|130\/364
|-heal|p2a: Gallade|242\/277|[from] drain|[of] p1a: Magearna
|move|p1a: Magearna|Fleur Cannon|p2a: Gallade
|-supereffective|p2a: Gallade
|-damage|p2a: Gallade|0 fnt
|-unboost|p1a: Magearna|spa|2
|faint|p2a: Gallade
|-ability|p1a: Magearna|Soul-Heart|boost
|-boost|p1a: Magearna|spa|1
|
|upkeep
|choice|*|*switch 6
|choice||switch 6
|
|switch|p2a: Gengar|Gengar, M|261\/261
|turn|30
|choice|*switch 6|*
|choice|*|*move 1
|choice|switch 6|move shadowball
|
|switch|p1a: Landorus|Landorus-Therian, M|290\/382 slp
|-ability|p1a: Landorus|Intimidate|boost
|-unboost|p2a: Gengar|atk|1
|move|p2a: Gengar|Shadow Ball|p1a: Landorus
|-damage|p1a: Landorus|121\/382 slp
|
|upkeep
|turn|31
|choice|*|*move 1
|choice|*move 3|*
|choice|move earthquake|move shadowball
|
|move|p2a: Gengar|Shadow Ball|p1a: Landorus
|-damage|p1a: Landorus|0 fnt
|faint|p1a: Landorus
|
|upkeep
|choice|*switch 2|*
|choice|switch 2|
|
|switch|p1a: Rotom|Rotom-Wash|304\/304
|turn|32
|choice|*move 3|*
|choice|*|*switch 2
|choice|move hydropump|switch 2
|
|switch|p2a: Breloom|Breloom, F|287\/324 tox
|move|p1a: Rotom|Hydro Pump|p2a: Breloom
|-resisted|p2a: Breloom
|-damage|p2a: Breloom|192\/324 tox
|
|-heal|p2a: Breloom|232\/324 tox|[from] ability: Poison Heal
|upkeep
|turn|33
|choice|*move 2|*
|choice|*|*move 2
|choice|move voltswitch|move leechseed
|
|move|p1a: Rotom|Volt Switch|p2a: Breloom
|-resisted|p2a: Breloom
|-damage|p2a: Breloom|172\/324 tox
|choice|*switch 6|*
|choice|switch 6|
|
|switch|p1a: Magearna|Magearna|130\/364|[from]move: Volt Switch
|move|p2a: Breloom|Leech Seed|p1a: Magearna
|-start|p1a: Magearna|move: Leech Seed
|
|-damage|p1a: Magearna|85\/364|[from] Leech Seed|[of] p2a: Breloom
|-heal|p2a: Breloom|217\/324 tox|[silent]
|-heal|p2a: Breloom|257\/324 tox|[from] ability: Poison Heal
|upkeep
|turn|34
|choice|*move 1|*
|choice|*|*move 4
|choice|move fleurcannon|move protect
|
|move|p2a: Breloom|Protect|p2a: Breloom
|-singleturn|p2a: Breloom|Protect
|move|p1a: Magearna|Fleur Cannon|p2a: Breloom
|-activate|p2a: Breloom|move: Protect
|
|-damage|p1a: Magearna|40\/364|[from] Leech Seed|[of] p2a: Breloom
|-heal|p2a: Breloom|302\/324 tox|[silent]
|-heal|p2a: Breloom|324\/324 tox|[from] ability: Poison Heal
|upkeep
|turn|35
|choice|*move 1|*
|choice|*|*move 3
|choice|move fleurcannon|move drainpunch
|
|move|p2a: Breloom|Drain Punch|p1a: Magearna
|-damage|p1a: Magearna|0 fnt
|faint|p1a: Magearna
|
|upkeep
|choice|*switch 6|*
|choice|switch 6|
|
|switch|p1a: Rotom|Rotom-Wash|304\/304
|turn|36
|choice|*|*move 1
|choice|*move 3|*
|choice|move hydropump|move spore
|
|move|p1a: Rotom|Hydro Pump|p2a: Breloom|[miss]
|-miss|p1a: Rotom|p2a: Breloom
|move|p2a: Breloom|Spore|p1a: Rotom
|-status|p1a: Rotom|slp
|
|upkeep
|turn|37
|choice|*|*move 2
|-message|RayParK_ se rindió.
|
|win|Mahvel Party
Mahvel Party ha ganado 6.75 PokeDolares.
|raw|Puntaje de RayParK_: 1381 &rarr; <strong>1350<\/strong><br \/>(-31 por perder)
|raw|Puntaje de Mahvel Party: 1179 &rarr; <strong>1220<\/strong><br \/>(+41 por ganar)
|c|☆Mahvel Party|g
|c|☆RayParK_|gg
|c|☆Mahvel Party|g
|c|☆Mahvel Party|gg
</script>
</div>
<div class="battle-log battle-log-inline"><div class="inner"><div class="battle-options"></div><div class="inner"><div class=""><small>Format:</small> <br><strong>OU</strong></div><div class="rated"><strong>Rated battle</strong></div><div class=""><small><em>Cláusula-Mod de Dormir:</em> solo puedes dormir a uno de tus oponentes a la vez.</small></div><div class=""><small><em>Cláusula de Especie:</em> Hasta un Pokémon de cada especie</small></div><div class=""><small><em>Cláusula de Golpe Fulminante:</em> los movimientos fulminantes (OHKO) estan prohibidos</small></div><div class=""><small><em>Cláusula de Veleta:</em> la habilidad Veleta está prohibida</small></div><div class=""><small><em>Cláusula de Movimientos Evasivos:</em> los movimientos de Evasión están prohibidos.</small></div><div class=""><small><em>Cláusula de Batallas Eternas:</em> forzar batallas eternas está prohibido</small></div><div class="chat battle-history"><strong>RayParK_'s team:</strong> <em style="color:#445566;display:block;">Magearna / Rotom-Wash / Landorus-Therian / Tornadus-Therian / Kyurem-Black / Lopunny</em></div><div class="chat battle-history"><strong>Mahvel Party's team:</strong> <em style="color:#445566;display:block;">Gengar / Landorus-Therian / Breloom / Snorlax / Gallade / Clefable</em></div><div class="spacer battle-history"><br></div><div class="battle-history">Battle started between RayParK_ and Mahvel Party!<br></div><div class="spacer battle-history"><br></div><div class="battle-history">Go! <strong>Lopunny</strong>!<br></div><div class="spacer battle-history"><br></div><div class="battle-history">Mahvel Party sent out <strong>Clefable</strong>!<br></div><div class="spacer battle-history"><br></div><h2 class="battle-history">Turn 1</h2><div class="chat message-error">Reloj de batalla ENCENDIDO. El jugador inactivo será descalificado (solicitado por RayParK_).</div><div class="spacer battle-history"><br></div><div class="battle-history"><small>Lopunny's Lopunnite is reacting to the Key Stone!</small><br>Lopunny has Mega Evolved into Mega Lopunny!<br></div><div class="spacer battle-history"><br></div><div class="battle-history">Lopunny used <strong>Fake Out</strong>!<br></div><div class="battle-history"><small>(The opposing Clefable lost <abbr title="−70/394">17.8%</abbr> of its health!)</small><br></div><div class="spacer battle-history"><br></div><div class="battle-history">The opposing Clefable flinched and couldn't move!<br></div><div class="spacer battle-history"><br></div><div class="battle-history"><small>The opposing Clefable restored a little HP using its Leftovers!</small><br></div><div class="spacer battle-history"><br></div><h2 class="battle-history">Turn 2</h2><div class="chat message-error">El cronómetro ha sido APAGADO.</div><div class="spacer battle-history"><br></div><div class="battle-history">Lopunny, come back!<br></div><div class="battle-history">Go! <strong>Magearna</strong>!<br></div><div class="spacer battle-history"><br></div><div class="battle-history">The opposing Clefable used <strong>Moonblast</strong>!<br></div><div class="battle-history"><small>It's not very effective...</small><br></div><div class="battle-history"><small>(Magearna lost <abbr title="−27/364">7.4%</abbr> of its health!)</small><br></div><div class="spacer battle-history"><br></div><div class="battle-history"><small>The opposing Clefable restored a little HP using its Leftovers!</small><br></div><div class="spacer battle-history"><br></div><h2 class="battle-history">Turn 3</h2><div class="spacer battle-history"><br></div><div class="battle-history">Mahvel Party withdrew Clefable!<br></div><div class="battle-history">Mahvel Party sent out <strong>Snorlax</strong>!<br></div><div class="spacer battle-history"><br></div><div class="battle-history">Magearna used <strong>Ice Beam</strong>!<br></div><div class="battle-history"><small>(The opposing Snorlax lost <abbr title="−32/518">6.2%</abbr> of its health!)</small><br></div><div class="spacer battle-history"><br></div><div class="battle-history"><small>The opposing Snorlax restored a little HP using its Leftovers!</small><br></div><div class="spacer battle-history"><br></div><h2 class="battle-history">Turn 4</h2><div class="spacer battle-history"><br></div><div class="battle-history">Magearna used <strong>Volt Switch</strong>!<br></div><div class="battle-history"><small>(The opposing Snorlax lost <abbr title="−57/518">11.0%</abbr> of its health!)</small><br></div><div class="spacer battle-history"><br></div><div class="battle-history">Magearna went back to RayParK_!<br></div><div class="battle-history">Go! Landorus (<strong>Landorus-Therian</strong>)!<br></div><div class="battle-history"><small>[Landorus's Intimidate]</small><br></div><div class="battle-history"><small>The opposing Snorlax's Attack fell!</small><br></div><div class="spacer battle-history"><br></div><div class="battle-history">The opposing Snorlax used <strong>Yawn</strong>!<br></div><div class="battle-history"><small>Landorus grew drowsy!</small><br></div><div class="spacer battle-history"><br></div><div class="battle-history"><small>The opposing Snorlax restored a little HP using its Leftovers!</small><br></div><div class="spacer battle-history"><br></div><h2 class="battle-history">Turn 5</h2><div class="spacer battle-history"><br></div><div class="battle-history">Landorus used <strong>Stealth Rock</strong>!<br></div><div class="battle-history"><small>Pointed stones float in the air around the opposing team!</small><br></div><div class="spacer battle-history"><br></div><div class="battle-history">The opposing Snorlax used <strong>Yawn</strong>!<br></div><div class="battle-history"><small>But it failed!</small><br></div><div class="spacer battle-history"><br></div><div class="battle-history"><small>Landorus fell asleep!</small><br></div><div class="battle-history"><small>The opposing Snorlax restored a little HP using its Leftovers!</small><br></div><div class="spacer battle-history"><br></div><h2 class="battle-history">Turn 6</h2><div class="spacer battle-history"><br></div><div class="battle-history">Landorus, come back!<br></div><div class="battle-history">Go! Lopunny (<strong>Lopunny-Mega</strong>)!<br></div><div class="spacer battle-history"><br></div><div class="battle-history">Mahvel Party withdrew Snorlax!<br></div><div class="battle-history">Mahvel Party sent out Landorus (<strong>Landorus-Therian</strong>)!<br></div><div class="battle-history"><small>Pointed stones dug into the opposing Landorus!</small><br></div><div class="battle-history"><small>[The opposing Landorus's Intimidate]</small><br></div><div class="battle-history"><small>Lopunny's Attack fell!</small><br></div><div class="spacer battle-history"><br></div><h2 class="battle-history">Turn 7</h2><div class="spacer battle-history"><br></div><div class="battle-history">Lopunny used <strong>Ice Punch</strong>!<br></div><div class="battle-history"><small>It's super effective!</small><br></div><div class="battle-history"><small>(The opposing Landorus lost <abbr title="−208/375">55.5%</abbr> of its health!)</small><br></div><div class="battle-history"><small>Lopunny was hurt by the Rocky Helmet!</small><br></div><div class="spacer battle-history"><br></div><div class="battle-history">The opposing Landorus used <strong>Defog</strong>!<br></div><div class="battle-history"><small>Lopunny's evasiveness fell!</small><br></div><div class="battle-history"><small>The pointed stones disappeared from around the opposing team!</small><br></div><div class="spacer battle-history"><br></div><h2 class="battle-history">Turn 8</h2><div class="spacer battle-history"><br></div><div class="battle-history">Mahvel Party withdrew Landorus!<br></div><div class="battle-history">Mahvel Party sent out <strong>Clefable</strong>!<br></div><div class="spacer battle-history"><br></div><div class="battle-history">Lopunny used <strong>Frustration</strong>!<br></div><div class="battle-history"><small>(The opposing Clefable lost <abbr title="−114/394">28.9%</abbr> of its health!)</small><br></div><div class="spacer battle-history"><br></div><div class="battle-history"><small>The opposing Clefable restored a little HP using its Leftovers!</small><br></div><div class="spacer battle-history"><br></div><h2 class="battle-history">Turn 9</h2><div class="spacer battle-history"><br></div><div class="battle-history">Lopunny, come back!<br></div><div class="battle-history">Go! <strong>Magearna</strong>!<br></div><div class="spacer battle-history"><br></div><div class="battle-history">The opposing Clefable used <strong>Wish</strong>!<br></div><div class="spacer battle-history"><br></div><div class="battle-history"><small>The opposing Clefable restored a little HP using its Leftovers!</small><br></div><div class="spacer battle-history"><br></div><h2 class="battle-history">Turn 10</h2><div class="spacer battle-history"><br></div><div class="battle-history">Magearna used <strong>Ice Beam</strong>!<br></div><div class="battle-history"><small>(The opposing Clefable lost <abbr title="−82/394">20.8%</abbr> of its health!)</small><br></div><div class="spacer battle-history"><br></div><div class="battle-history">The opposing Clefable used <strong>Flamethrower</strong>!<br></div><div class="battle-history"><small>It's super effective!</small><br></div><div class="battle-history"><small>(Magearna lost <abbr title="−66/364">18.1%</abbr> of its health!)</small><br></div><div class="spacer battle-history"><br></div><div class="battle-history"><small>Clefable's wish came true!</small><br></div><div class="spacer battle-history"><br></div><h2 class="battle-history">Turn 11</h2><div class="spacer battle-history"><br></div><div class="battle-history">Magearna used <strong>Volt Switch</strong>!<br></div><div class="battle-history"><small>(The opposing Clefable lost <abbr title="−72/394">18.3%</abbr> of its health!)</small><br></div><div class="spacer battle-history"><br></div><div class="battle-history">Magearna went back to RayParK_!<br></div><div class="battle-history">Go! Kyurem (<strong>Kyurem-Black</strong>)!<br></div><div class="battle-history"><small>[Kyurem's Teravolt]</small><br><small>Kyurem is radiating a bursting aura!</small><br></div><div class="spacer battle-history"><br></div><div class="battle-history">The opposing Clefable used <strong>Moonblast</strong>!<br></div><div class="battle-history"><small>It's super effective!</small><br></div><div class="battle-history"><small>(Kyurem lost <abbr title="−228/392">58.2%</abbr> of its health!)</small><br></div><div class="spacer battle-history"><br></div><div class="battle-history"><small>The opposing Clefable restored a little HP using its Leftovers!</small><br></div><div class="spacer battle-history"><br></div><h2 class="battle-history">Turn 12</h2><div class="spacer battle-history"><br></div><div class="battle-history"><small>Kyurem surrounded itself with its Z-Power!</small><br></div><div class="spacer battle-history"><br></div><div class="battle-history">Kyurem used <strong>Subzero Slammer</strong>!<br></div><div class="battle-history"><small>(The opposing Clefable lost <abbr title="−346/394">87.8%</abbr> of its health!)</small><br></div><div class="spacer battle-history"><br></div><div class="battle-history">The opposing Clefable fainted!<br></div><div class="spacer battle-history"><br></div><div class="battle-history">Mahvel Party sent out <strong>Gallade</strong>!<br></div><div class="spacer battle-history"><br></div><h2 class="battle-history">Turn 13</h2><div class="spacer battle-history"><br></div><div class="battle-history"><small>The opposing Gallade's Galladite is reacting to the Key Stone!</small><br>The opposing Gallade has Mega Evolved into Mega Gallade!<br></div><div class="spacer battle-history"><br></div><div class="battle-history">The opposing Gallade used <strong>Swords Dance</strong>!<br></div><div class="battle-history"><small>The opposing Gallade's Attack rose sharply!</small><br></div><div class="spacer battle-history"><br></div><div class="battle-history">Kyurem used <strong>Ice Beam</strong>!<br></div><div class="battle-history"><small>(The opposing Gallade lost <abbr title="−106/277">38.3%</abbr> of its health!)</small><br></div><div class="spacer battle-history"><br></div><h2 class="battle-history">Turn 14</h2><div class="spacer battle-history"><br></div><div class="battle-history">Kyurem, come back!<br></div><div class="battle-history">Go! Landorus (<strong>Landorus-Therian</strong>)!<br></div><div class="battle-history"><small>[Landorus's Intimidate]</small><br></div><div class="battle-history"><small>The opposing Gallade's Attack fell!</small><br></div><div class="spacer battle-history"><br></div><div class="battle-history">The opposing Gallade used <strong>Drain Punch</strong>!<br></div><div class="battle-history"><small>It's not very effective...</small><br></div><div class="battle-history"><small>(Landorus lost <abbr title="−92/382">24.1%</abbr> of its health!)</small><br></div><div class="battle-history"><small>Landorus had its energy drained!</small><br></div><div class="battle-history"><small>The opposing Gallade was hurt by the Rocky Helmet!</small><br></div><div class="spacer battle-history"><br></div><h2 class="battle-history">Turn 15</h2><div class="spacer battle-history"><br></div><div class="battle-history">Landorus, come back!<br></div><div class="battle-history">Go! Kyurem (<strong>Kyurem-Black</strong>)!<br></div><div class="battle-history"><small>[Kyurem's Teravolt]</small><br><small>Kyurem is radiating a bursting aura!</small><br></div><div class="spacer battle-history"><br></div><div class="battle-history">The opposing Gallade used <strong>Ice Punch</strong>!<br></div><div class="battle-history"><small>(Kyurem lost <abbr title="−159/392">40.6%</abbr> of its health!)</small><br></div><div class="spacer battle-history"><br></div><h2 class="battle-history">Turn 16</h2><div class="spacer battle-history"><br></div><div class="battle-history">The opposing Gallade used <strong>Ice Punch</strong>!<br></div><div class="battle-history"><small>(Kyurem lost <abbr title="−5/392">1.3%</abbr> of its health!)</small><br></div><div class="spacer battle-history"><br></div><div class="battle-history">Kyurem fainted!<br></div><div class="spacer battle-history"><br></div><div class="battle-history">Go! Lopunny (<strong>Lopunny-Mega</strong>)!<br></div><div class="spacer battle-history"><br></div><h2 class="battle-history">Turn 17</h2><div class="spacer battle-history"><br></div><div class="battle-history">Mahvel Party withdrew Gallade!<br></div><div class="battle-history">Mahvel Party sent out Landorus (<strong>Landorus-Therian</strong>)!<br></div><div class="battle-history"><small>[The opposing Landorus's Intimidate]</small><br></div><div class="battle-history"><small>Lopunny's Attack fell!</small><br></div><div class="spacer battle-history"><br></div><div class="battle-history">Lopunny used <strong>Fake Out</strong>!<br></div><div class="battle-history"><small>(The opposing Landorus lost <abbr title="−37/375">9.9%</abbr> of its health!)</small><br></div><div class="battle-history"><small>Lopunny was hurt by the Rocky Helmet!</small><br></div><div class="spacer battle-history"><br></div><h2 class="battle-history">Turn 18</h2><div class="spacer battle-history"><br></div><div class="battle-history">Lopunny used <strong>Frustration</strong>!<br></div><div class="battle-history"><small>A critical hit!</small><br></div><div class="battle-history"><small>(The opposing Landorus lost <abbr title="−84/375">22.4%</abbr> of its health!)</small><br></div><div class="battle-history"><small>Lopunny was hurt by the Rocky Helmet!</small><br></div><div class="spacer battle-history"><br></div><div class="battle-history">The opposing Landorus fainted!<br></div><div class="spacer battle-history"><br></div><div class="battle-history">Mahvel Party sent out <strong>Breloom</strong>!<br></div><div class="spacer battle-history"><br></div><h2 class="battle-history">Turn 19</h2><div class="spacer battle-history"><br></div><div class="battle-history">Lopunny, come back!<br></div><div class="battle-history">Go! Tornadus (<strong>Tornadus-Therian</strong>)!<br></div><div class="spacer battle-history"><br></div><div class="battle-history">The opposing Breloom used <strong>Leech Seed</strong>!<br></div><div class="battle-history"><small>Tornadus was seeded!</small><br></div><div class="spacer battle-history"><br></div><div class="battle-history"><small>Tornadus's health is sapped by Leech Seed!</small><br></div><div class="battle-history"><small>The opposing Breloom was badly poisoned!</small><br></div><div class="spacer battle-history"><br></div><h2 class="battle-history">Turn 20</h2><div class="spacer battle-history"><br></div><div class="battle-history">The opposing Breloom used <strong>Protect</strong>!<br></div><div class="battle-history"><small>The opposing Breloom protected itself!</small><br></div><div class="spacer battle-history"><br></div><div class="battle-history">Tornadus used <strong>Knock Off</strong>!<br></div><div class="battle-history"><small>The opposing Breloom protected itself!</small><br></div><div class="spacer battle-history"><br></div><div class="battle-history"><small>Tornadus's health is sapped by Leech Seed!</small><br></div><div class="spacer battle-history"><br></div><h2 class="battle-history">Turn 21</h2><div class="spacer battle-history"><br></div><div class="battle-history">Mahvel Party withdrew Breloom!<br></div><div class="battle-history">Mahvel Party sent out <strong>Snorlax</strong>!<br></div><div class="spacer battle-history"><br></div><div class="battle-history">Tornadus used <strong>Hurricane</strong>!<br></div><div class="battle-history"><small>(The opposing Snorlax lost <abbr title="−169/518">32.6%</abbr> of its health!)</small><br></div><div class="battle-history"><small>Tornadus lost some of its HP!</small><br></div><div class="spacer battle-history"><br></div><div class="battle-history"><small>The opposing Snorlax restored a little HP using its Leftovers!</small><br></div><div class="battle-history"><small>Tornadus's health is sapped by Leech Seed!</small><br></div><div class="spacer battle-history"><br></div><h2 class="battle-history">Turn 22</h2><div class="spacer battle-history"><br></div><div class="battle-history">Tornadus, come back!<br></div><div class="battle-history">Go! Lopunny (<strong>Lopunny-Mega</strong>)!<br></div><div class="spacer battle-history"><br></div><div class="battle-history">Mahvel Party withdrew Snorlax!<br></div><div class="battle-history">Mahvel Party sent out <strong>Breloom</strong>!<br></div><div class="spacer battle-history"><br></div><h2 class="battle-history">Turn 23</h2><div class="spacer battle-history"><br></div><div class="battle-history">Lopunny used <strong>Fake Out</strong>!<br></div><div class="battle-history"><small>(The opposing Breloom lost <abbr title="−61/324">18.8%</abbr> of its health!)</small><br></div><div class="spacer battle-history"><br></div><div class="battle-history">The opposing Breloom flinched and couldn't move!<br></div><div class="spacer battle-history"><br></div><div class="battle-history"><small>[The opposing Breloom's Poison Heal]</small><br><small>The opposing Breloom restored its HP.</small><br></div><div class="spacer battle-history"><br></div><h2 class="battle-history">Turn 24</h2><div class="spacer battle-history"><br></div><div class="battle-history">Lopunny used <strong>Frustration</strong>!<br></div><div class="battle-history"><small>(The opposing Breloom lost <abbr title="−165/324">50.9%</abbr> of its health!)</small><br></div><div class="spacer battle-history"><br></div><div class="battle-history">The opposing Breloom used <strong>Drain Punch</strong>!<br></div><div class="battle-history"><small>It's super effective!</small><br></div><div class="battle-history"><small>(Lopunny lost <abbr title="−137/272">50.4%</abbr> of its health!)</small><br></div><div class="battle-history"><small>Lopunny had its energy drained!</small><br></div><div class="spacer battle-history"><br></div><div class="battle-history">Lopunny fainted!<br></div><div class="spacer battle-history"><br></div><div class="battle-history"><small>[The opposing Breloom's Poison Heal]</small><br><small>The opposing Breloom restored its HP.</small><br></div><div class="spacer battle-history"><br></div><div class="battle-history">Go! Tornadus (<strong>Tornadus-Therian</strong>)!<br></div><div class="spacer battle-history"><br></div><h2 class="battle-history">Turn 25</h2><div class="spacer battle-history"><br></div><div class="battle-history">The opposing Breloom used <strong>Protect</strong>!<br></div><div class="battle-history"><small>The opposing Breloom protected itself!</small><br></div><div class="spacer battle-history"><br></div><div class="battle-history">Tornadus used <strong>Hurricane</strong>!<br></div><div class="battle-history"><small>The opposing Breloom protected itself!</small><br></div><div class="spacer battle-history"><br></div><div class="battle-history"><small>[The opposing Breloom's Poison Heal]</small><br><small>The opposing Breloom restored its HP.</small><br></div><div class="spacer battle-history"><br></div><h2 class="battle-history">Turn 26</h2><div class="spacer battle-history"><br></div><div class="battle-history">Mahvel Party withdrew Breloom!<br></div><div class="battle-history">Mahvel Party sent out <strong>Snorlax</strong>!<br></div><div class="spacer battle-history"><br></div><div class="battle-history">Tornadus used <strong>Hurricane</strong>!<br></div><div class="battle-history"><small>(The opposing Snorlax lost <abbr title="−168/518">32.4%</abbr> of its health!)</small><br></div><div class="battle-history"><small>Tornadus lost some of its HP!</small><br></div><div class="spacer battle-history"><br></div><div class="battle-history"><small>The opposing Snorlax restored a little HP using its Leftovers!</small><br></div><div class="spacer battle-history"><br></div><h2 class="battle-history">Turn 27</h2><div class="spacer battle-history"><br></div><div class="battle-history">Tornadus used <strong>Superpower</strong>!<br></div><div class="battle-history"><small>It's super effective!</small><br></div><div class="battle-history"><small>(The opposing Snorlax lost <abbr title="−276/518">53.3%</abbr> of its health!)</small><br></div><div class="battle-history"><small>Tornadus's Attack fell!</small><br></div><div class="battle-history"><small>Tornadus's Defense fell!</small><br></div><div class="battle-history"><small>Tornadus lost some of its HP!</small><br></div><div class="spacer battle-history"><br></div><div class="battle-history">The opposing Snorlax used <strong>Facade</strong>!<br></div><div class="battle-history"><small>(Tornadus lost <abbr title="−171/300">57.0%</abbr> of its health!)</small><br></div><div class="spacer battle-history"><br></div><div class="battle-history"><small>The opposing Snorlax restored a little HP using its Leftovers!</small><br></div><div class="spacer battle-history"><br></div><h2 class="battle-history">Turn 28</h2><div class="spacer battle-history"><br></div><div class="battle-history">Tornadus used <strong>Knock Off</strong>!<br></div><div class="battle-history"><small>(The opposing Snorlax lost <abbr title="−38/518">7.3%</abbr> of its health!)</small><br></div><div class="battle-history"><small>Tornadus knocked off the opposing Snorlax's Leftovers!</small><br></div><div class="battle-history"><small>Tornadus lost some of its HP!</small><br></div><div class="spacer battle-history"><br></div><div class="battle-history">The opposing Snorlax fainted!<br></div><div class="battle-history">Tornadus fainted!<br></div><div class="spacer battle-history"><br></div><div class="battle-history">Go! <strong>Magearna</strong>!<br></div><div class="spacer battle-history"><br></div><div class="battle-history">Mahvel Party sent out Gallade (<strong>Gallade-Mega</strong>)!<br></div><div class="spacer battle-history"><br></div><h2 class="battle-history">Turn 29</h2><div class="spacer battle-history"><br></div><div class="battle-history">The opposing Gallade used <strong>Drain Punch</strong>!<br></div><div class="battle-history"><small>(Magearna lost <abbr title="−141/364">38.7%</abbr> of its health!)</small><br></div><div class="battle-history"><small>Magearna had its energy drained!</small><br></div><div class="spacer battle-history"><br></div><div class="battle-history">Magearna used <strong>Fleur Cannon</strong>!<br></div><div class="battle-history"><small>It's super effective!</small><br></div><div class="battle-history"><small>(The opposing Gallade lost <abbr title="−242/277">87.4%</abbr> of its health!)</small><br></div><div class="battle-history"><small>Magearna's Special Attack fell harshly!</small><br></div><div class="spacer battle-history"><br></div><div class="battle-history">The opposing Gallade fainted!<br></div><div class="battle-history"><small>[Magearna's Soul-Heart]</small><br></div><div class="battle-history"><small>Magearna's Special Attack rose!</small><br></div><div class="spacer battle-history"><br></div><div class="battle-history">Mahvel Party sent out <strong>Gengar</strong>!<br></div><div class="spacer battle-history"><br></div><h2 class="battle-history">Turn 30</h2><div class="spacer battle-history"><br></div><div class="battle-history">Magearna, come back!<br></div><div class="battle-history">Go! Landorus (<strong>Landorus-Therian</strong>)!<br></div><div class="battle-history"><small>[Landorus's Intimidate]</small><br></div><div class="battle-history"><small>The opposing Gengar's Attack fell!</small><br></div><div class="spacer battle-history"><br></div><div class="battle-history">The opposing Gengar used <strong>Shadow Ball</strong>!<br></div><div class="battle-history"><small>(Landorus lost <abbr title="−169/382">44.2%</abbr> of its health!)</small><br></div><div class="spacer battle-history"><br></div><h2 class="battle-history">Turn 31</h2><div class="spacer battle-history"><br></div><div class="battle-history">The opposing Gengar used <strong>Shadow Ball</strong>!<br></div><div class="battle-history"><small>(Landorus lost <abbr title="−121/382">31.7%</abbr> of its health!)</small><br></div><div class="spacer battle-history"><br></div><div class="battle-history">Landorus fainted!<br></div><div class="spacer battle-history"><br></div><div class="battle-history">Go! Rotom (<strong>Rotom-Wash</strong>)!<br></div><div class="spacer battle-history"><br></div><h2 class="battle-history">Turn 32</h2><div class="spacer battle-history"><br></div><div class="battle-history">Mahvel Party withdrew Gengar!<br></div><div class="battle-history">Mahvel Party sent out <strong>Breloom</strong>!<br></div><div class="spacer battle-history"><br></div><div class="battle-history">Rotom used <strong>Hydro Pump</strong>!<br></div><div class="battle-history"><small>It's not very effective...</small><br></div><div class="battle-history"><small>(The opposing Breloom lost <abbr title="−95/324">29.3%</abbr> of its health!)</small><br></div><div class="spacer battle-history"><br></div><div class="battle-history"><small>[The opposing Breloom's Poison Heal]</small><br><small>The opposing Breloom restored its HP.</small><br></div><div class="spacer battle-history"><br></div><h2 class="battle-history">Turn 33</h2><div class="spacer battle-history"><br></div><div class="battle-history">Rotom used <strong>Volt Switch</strong>!<br></div><div class="battle-history"><small>It's not very effective...</small><br></div><div class="battle-history"><small>(The opposing Breloom lost <abbr title="−60/324">18.5%</abbr> of its health!)</small><br></div><div class="spacer battle-history"><br></div><div class="battle-history">Rotom went back to RayParK_!<br></div><div class="battle-history">Go! <strong>Magearna</strong>!<br></div><div class="spacer battle-history"><br></div><div class="battle-history">The opposing Breloom used <strong>Leech Seed</strong>!<br></div><div class="battle-history"><small>Magearna was seeded!</small><br></div><div class="spacer battle-history"><br></div><div class="battle-history"><small>Magearna's health is sapped by Leech Seed!</small><br></div><div class="battle-history"><small>[The opposing Breloom's Poison Heal]</small><br><small>The opposing Breloom restored its HP.</small><br></div><div class="spacer battle-history"><br></div><h2 class="battle-history">Turn 34</h2><div class="spacer battle-history"><br></div><div class="battle-history">The opposing Breloom used <strong>Protect</strong>!<br></div><div class="battle-history"><small>The opposing Breloom protected itself!</small><br></div><div class="spacer battle-history"><br></div><div class="battle-history">Magearna used <strong>Fleur Cannon</strong>!<br></div><div class="battle-history"><small>The opposing Breloom protected itself!</small><br></div><div class="spacer battle-history"><br></div><div class="battle-history"><small>Magearna's health is sapped by Leech Seed!</small><br></div><div class="battle-history"><small>[The opposing Breloom's Poison Heal]</small><br><small>The opposing Breloom restored its HP.</small><br></div><div class="spacer battle-history"><br></div><h2 class="battle-history">Turn 35</h2><div class="spacer battle-history"><br></div><div class="battle-history">The opposing Breloom used <strong>Drain Punch</strong>!<br></div><div class="battle-history"><small>(Magearna lost <abbr title="−40/364">11.0%</abbr> of its health!)</small><br></div><div class="spacer battle-history"><br></div><div class="battle-history">Magearna fainted!<br></div><div class="spacer battle-history"><br></div><div class="battle-history">Go! Rotom (<strong>Rotom-Wash</strong>)!<br></div><div class="spacer battle-history"><br></div><h2 class="battle-history">Turn 36</h2><div class="spacer battle-history"><br></div><div class="battle-history">Rotom used <strong>Hydro Pump</strong>!<br></div><div class="battle-history"><small>The opposing Breloom avoided the attack!</small><br></div><div class="spacer battle-history"><br></div><div class="battle-history">The opposing Breloom used <strong>Spore</strong>!<br></div><div class="battle-history"><small>Rotom fell asleep!</small><br></div><div class="spacer battle-history"><br></div><h2 class="battle-history">Turn 37</h2><div class="spacer battle-history"><br></div><div class="battle-history"><small>RayParK_ se rindió.</small><br></div><div class="spacer battle-history"><br></div><div class="battle-history"><strong>Mahvel Party</strong> won the battle!<br></div><div class="chat">Mahvel Party ha ganado 6.75 PokeDolares.</div><div class="chat">Puntaje de RayParK_: 1381 → <strong>1350</strong><br>(-31 por perder)</div><div class="chat">Puntaje de Mahvel Party: 1179 → <strong>1220</strong><br>(+41 por ganar)</div><div class="chat chatmessage-mahvelparty"><strong style="color:hsl(214,54%,49.959496616864456%)"><small>☆</small><span class="username" data-name="Mahvel Party">Mahvel Party</span>:</strong> <em>g</em></div><div class="chat chatmessage-raypark"><strong style="color:hsl(303,43%,49.435043293560454%)"><small>☆</small><span class="username" data-name="RayParK_">RayParK_</span>:</strong> <em>gg</em></div><div class="chat chatmessage-mahvelparty"><strong style="color:hsl(214,54%,49.959496616864456%)"><small>☆</small><span class="username" data-name="Mahvel Party">Mahvel Party</span>:</strong> <em>g</em></div><div class="chat chatmessage-mahvelparty"><strong style="color:hsl(214,54%,49.959496616864456%)"><small>☆</small><span class="username" data-name="Mahvel Party">Mahvel Party</span>:</strong> <em>gg</em></div></div><div class="inner-preempt"></div></div></div>
</div>
<script>
let daily = Math.floor(Date.now()/1000/60/60/24);document.write('<script src="https://play.pokemonshowdown.com/js/replay-embed.js?version'+daily+'"></'+'script>');
</script>
