<!DOCTYPE html>
<meta charset="utf-8" />
<!-- version 1 -->
<title>OU replay: LoD TacoLugia vs. LoD Fullkawaii</title>
<style>
html,body {font-family:Verdana, sans-serif;font-size:10pt;margin:0;padding:0;}body{padding:12px 0;} .battle-log {font-family:Verdana, sans-serif;font-size:10pt;} .battle-log-inline {border:1px solid #AAAAAA;background:#EEF2F5;color:black;max-width:640px;margin:0 auto 80px;padding-bottom:5px;} .battle-log .inner {padding:4px 8px 0px 8px;} .battle-log .inner-preempt {padding:0 8px 4px 8px;} .battle-log .inner-after {margin-top:0.5em;} .battle-log h2 {margin:0.5em -8px;padding:4px 8px;border:1px solid #AAAAAA;background:#E0E7EA;border-left:0;border-right:0;font-family:Verdana, sans-serif;font-size:13pt;} .battle-log .chat {vertical-align:middle;padding:3px 0 3px 0;font-size:8pt;} .battle-log .chat strong {color:#40576A;} .battle-log .chat em {padding:1px 4px 1px 3px;color:#000000;font-style:normal;} .chat.mine {background:rgba(0,0,0,0.05);margin-left:-8px;margin-right:-8px;padding-left:8px;padding-right:8px;} .spoiler {color:#BBBBBB;background:#BBBBBB;padding:0px 3px;} .spoiler:hover, .spoiler:active, .spoiler-shown {color:#000000;background:#E2E2E2;padding:0px 3px;} .spoiler a {color:#BBBBBB;} .spoiler:hover a, .spoiler:active a, .spoiler-shown a {color:#2288CC;} .chat code, .chat .spoiler:hover code, .chat .spoiler:active code, .chat .spoiler-shown code {border:1px solid #C0C0C0;background:#EEEEEE;color:black;padding:0 2px;} .chat .spoiler code {border:1px solid #CCCCCC;background:#CCCCCC;color:#CCCCCC;} .battle-log .rated {padding:3px 4px;} .battle-log .rated strong {color:white;background:#89A;padding:1px 4px;border-radius:4px;} .spacer {margin-top:0.5em;} .message-announce {background:#6688AA;color:white;padding:1px 4px 2px;} .message-announce a, .broadcast-green a, .broadcast-blue a, .broadcast-red a {color:#DDEEFF;} .broadcast-green {background-color:#559955;color:white;padding:2px 4px;} .broadcast-blue {background-color:#6688AA;color:white;padding:2px 4px;} .infobox {border:1px solid #6688AA;padding:2px 4px;} .infobox-limited {max-height:200px;overflow:auto;overflow-x:hidden;} .broadcast-red {background-color:#AA5544;color:white;padding:2px 4px;} .message-learn-canlearn {font-weight:bold;color:#228822;text-decoration:underline;} .message-learn-cannotlearn {font-weight:bold;color:#CC2222;text-decoration:underline;} .message-effect-weak {font-weight:bold;color:#CC2222;} .message-effect-resist {font-weight:bold;color:#6688AA;} .message-effect-immune {font-weight:bold;color:#666666;} .message-learn-list {margin-top:0;margin-bottom:0;} .message-throttle-notice, .message-error {color:#992222;} .message-overflow, .chat small.message-overflow {font-size:0pt;} .message-overflow::before {font-size:9pt;content:'...';} .subtle {color:#3A4A66;}
</style>
<div class="wrapper replay-wrapper" style="max-width:1180px;margin:0 auto">
<input type="hidden" name="replayid" value="destiny-ou-445889" />
<div class="battle"></div><div class="battle-log"></div><div class="replay-controls"></div><div class="replay-controls-2"></div>
<h1 style="font-weight:normal;text-align:center"><strong>OU</strong><br /><a href="http://pokemonshowdown.com/users/lodtacolugia" class="subtle" target="_blank">LoD TacoLugia</a> vs. <a href="http://pokemonshowdown.com/users/lodfullkawaii" class="subtle" target="_blank">LoD Fullkawaii</a></h1>
<script type="text/plain" class="battle-log-data">|unlink|||tour
|player|p1|LoD TacoLugia|2
|teamsize|p1|6
|player|p2|LoD Fullkawaii|155
|teamsize|p2|6
|teamsize|p1|6
|teamsize|p2|6
|gametype|singles
|gen|7
|tier|OU
|seed|56868,26166,38377,44787
|rule|Cláusula-Mod de Dormir: solo puedes dormir a uno de tus oponentes a la vez.
|rule|Cláusula de Especie: Hasta un Pokémon de cada especie
|rule|Cláusula de Golpe Fulminante: los movimientos fulminantes (OHKO) estan prohibidos
|rule|Cláusula de Veleta: la habilidad Veleta está prohibida
|rule|Cláusula de Movimientos Evasivos: los movimientos de Evasión están prohibidos.
|rule|Cláusula de Batallas Eternas: forzar batallas eternas está prohibido
|clearpoke
|poke|p1|Mawile, F, shiny|item
|poke|p1|Gliscor, M|item
|poke|p1|Tornadus-Therian, M|item
|poke|p1|Tapu Bulu|item
|poke|p1|Heatran, M|item
|poke|p1|Tyranitar, M|item
|poke|p2|Alakazam, M|item
|poke|p2|Hippowdon, M|item
|poke|p2|Excadrill, F|item
|poke|p2|Toxapex, M|item
|poke|p2|Tapu Lele|item
|poke|p2|Ferrothorn, M|item
|teampreview|undefined
|c|☆LoD TacoLugia|Hf
|c|☆LoD Fullkawaii|u2
|choice|*|*team 123456
|choice|*team 423156|*
|choice|team 4, 2, 3, 1, 5, 6|team 1, 2, 3, 4, 5, 6
|
|start
|switch|p1a: Tapu Bulu|Tapu Bulu|343\/343
|switch|p2a: Alakazam|Alakazam, M|251\/251
|-fieldstart|move: Grassy Terrain|[from] ability: Grassy Surge|[of] p1a: Tapu Bulu
|turn|1
|choice|*|*switch 6
|choice|*move 2|*
|choice|move hornleech|switch 6
|
|switch|p2a: Ferrothorn|Ferrothorn, M|352\/352
|move|p1a: Tapu Bulu|Horn Leech|p2a: Ferrothorn
|-resisted|p2a: Ferrothorn
|-damage|p2a: Ferrothorn|323\/352
|-damage|p1a: Tapu Bulu|301\/343|[from] ability: Iron Barbs|[of] p2a: Ferrothorn
|
|-heal|p1a: Tapu Bulu|322\/343|[from] item: Leftovers
|-heal|p1a: Tapu Bulu|343\/343|[from] Grassy Terrain
|-heal|p2a: Ferrothorn|345\/352|[from] item: Leftovers
|-heal|p2a: Ferrothorn|352\/352|[from] Grassy Terrain
|upkeep
|turn|2
|choice|*switch 5|*
|choice|*|*move 4
|choice|switch 5|move gyroball
|
|switch|p1a: Heatran|Heatran, M|383\/383
|move|p2a: Ferrothorn|Gyro Ball|p1a: Heatran
|-resisted|p1a: Heatran
|-damage|p1a: Heatran|349\/383
|
|-heal|p1a: Heatran|372\/383|[from] item: Leftovers
|-heal|p1a: Heatran|383\/383|[from] Grassy Terrain
|upkeep
|turn|3
|choice|*move 4|*
|choice|*|*switch 2
|choice|move stealthrock|switch 2
|
|switch|p2a: Hippowdon|Hippowdon, M|420\/420
|-weather|Sandstorm|[from] ability: Sand Stream|[of] p2a: Hippowdon
|move|p1a: Heatran|Stealth Rock|p2a: Hippowdon
|-sidestart|p2: LoD Fullkawaii|move: Stealth Rock
|
|-weather|Sandstorm|[upkeep]
|upkeep
|turn|4
|choice|*|*move 1
|choice|*|*move 3
|choice|*switch 5|*
|choice|switch 5|move earthquake
|
|switch|p1a: Tapu Bulu|Tapu Bulu|343\/343
|move|p2a: Hippowdon|Earthquake|p1a: Tapu Bulu
|-resisted|p1a: Tapu Bulu
|-damage|p1a: Tapu Bulu|320\/343
|
|-weather|Sandstorm|[upkeep]
|-damage|p1a: Tapu Bulu|299\/343|[from] sandstorm
|-heal|p1a: Tapu Bulu|320\/343|[from] item: Leftovers
|-heal|p1a: Tapu Bulu|341\/343|[from] Grassy Terrain
|upkeep
|turn|5
|choice|*|*move 1
|choice|*move 3|*
|choice|move superpower|move stealthrock
|
|move|p1a: Tapu Bulu|Superpower|p2a: Hippowdon
|-damage|p2a: Hippowdon|338\/420
|-unboost|p1a: Tapu Bulu|atk|1
|-unboost|p1a: Tapu Bulu|def|1
|move|p2a: Hippowdon|Stealth Rock|p1a: Tapu Bulu
|-sidestart|p1: LoD TacoLugia|move: Stealth Rock
|
|-weather|Sandstorm|[upkeep]
|-damage|p1a: Tapu Bulu|320\/343|[from] sandstorm
|-heal|p1a: Tapu Bulu|341\/343|[from] item: Leftovers
|-heal|p1a: Tapu Bulu|343\/343|[from] Grassy Terrain
|-heal|p2a: Hippowdon|364\/420|[from] item: Leftovers
|-heal|p2a: Hippowdon|390\/420|[from] Grassy Terrain
|-fieldend|move: Grassy Terrain
|upkeep
|turn|6
|choice|*|*switch 2
|choice|*move 2|*
|choice|move hornleech|switch 2
|
|switch|p2a: Ferrothorn|Ferrothorn, M|352\/352
|-damage|p2a: Ferrothorn|330\/352|[from] Stealth Rock
|move|p1a: Tapu Bulu|Horn Leech|p2a: Ferrothorn
|-resisted|p2a: Ferrothorn
|-damage|p2a: Ferrothorn|317\/352
|-damage|p1a: Tapu Bulu|301\/343|[from] ability: Iron Barbs|[of] p2a: Ferrothorn
|
|-weather|Sandstorm|[upkeep]
|-damage|p1a: Tapu Bulu|280\/343|[from] sandstorm
|-heal|p1a: Tapu Bulu|301\/343|[from] item: Leftovers
|-heal|p2a: Ferrothorn|339\/352|[from] item: Leftovers
|upkeep
|turn|7
|choice|*switch 5|*
|choice|*|*move 3
|choice|switch 5|move leechseed
|
|switch|p1a: Heatran|Heatran, M|383\/383
|-damage|p1a: Heatran|336\/383|[from] Stealth Rock
|move|p2a: Ferrothorn|Leech Seed|p1a: Heatran
|-start|p1a: Heatran|move: Leech Seed
|
|-weather|none
|-heal|p1a: Heatran|359\/383|[from] item: Leftovers
|-heal|p2a: Ferrothorn|352\/352|[from] item: Leftovers
|-damage|p1a: Heatran|312\/383|[from] Leech Seed|[of] p2a: Ferrothorn
|upkeep
|turn|8
|choice|*move 1|*
|choice|*|*move 1
|choice|move lavaplume|move protect
|
|move|p2a: Ferrothorn|Protect|p2a: Ferrothorn
|-singleturn|p2a: Ferrothorn|Protect
|move|p1a: Heatran|Lava Plume|p2a: Ferrothorn
|-activate|p2a: Ferrothorn|move: Protect
|
|-heal|p1a: Heatran|335\/383|[from] item: Leftovers
|-damage|p1a: Heatran|288\/383|[from] Leech Seed|[of] p2a: Ferrothorn
|upkeep
|turn|9
|choice|*|*switch 4
|choice|*move 3|*
|choice|move toxic|switch 4
|
|switch|p2a: Toxapex|Toxapex, M|303\/303
|-damage|p2a: Toxapex|266\/303|[from] Stealth Rock
|move|p1a: Heatran|Toxic|p2a: Toxapex
|-immune|p2a: Toxapex|[msg]
|
|-heal|p1a: Heatran|311\/383|[from] item: Leftovers
|-heal|p2a: Toxapex|284\/303|[from] item: Black Sludge
|-damage|p1a: Heatran|264\/383|[from] Leech Seed|[of] p2a: Toxapex
|-heal|p2a: Toxapex|303\/303|[silent]
|upkeep
|turn|10
|choice|*|*move 2
|choice|*switch 3|*
|choice|switch 3|move toxicspikes
|
|switch|p1a: Tornadus|Tornadus-Therian, M|357\/357
|-damage|p1a: Tornadus|268\/357|[from] Stealth Rock
|move|p2a: Toxapex|Toxic Spikes|p1a: Tornadus
|-sidestart|p1: LoD TacoLugia|move: Toxic Spikes
|
|upkeep
|turn|11
|choice|*move 2|*
|choice|*|*move 1
|choice|move knockoff|move scald
|
|move|p1a: Tornadus|Knock Off|p2a: Toxapex
|-crit|p2a: Toxapex
|-damage|p2a: Toxapex|236\/303
|-enditem|p2a: Toxapex|Black Sludge|[from] move: Knock Off|[of] p1a: Tornadus
|move|p2a: Toxapex|Scald|p1a: Tornadus
|-damage|p1a: Tornadus|210\/357
|
|upkeep
|turn|12
|choice|*|*move 1
|choice|*move 1|*
|choice|move hurricane|move scald
|
|move|p1a: Tornadus|Hurricane|p2a: Toxapex
|-damage|p2a: Toxapex|158\/303
|move|p2a: Toxapex|Scald|p1a: Tornadus
|-damage|p1a: Tornadus|150\/357
|-status|p1a: Tornadus|brn
|
|-damage|p1a: Tornadus|128\/357 brn|[from] brn
|upkeep
|turn|13
|choice|*|*move 3
|choice|*move 3|*
|choice|move uturn|move recover
|
|move|p1a: Tornadus|U-turn|p2a: Toxapex
|-resisted|p2a: Toxapex
|-damage|p2a: Toxapex|150\/303
|choice|*switch 5|*
|choice|switch 5|
|
|switch|p1a: Tapu Bulu|Tapu Bulu|301\/343|[from]move: U-turn
|-damage|p1a: Tapu Bulu|259\/343|[from] Stealth Rock
|-status|p1a: Tapu Bulu|psn
|-fieldstart|move: Grassy Terrain|[from] ability: Grassy Surge|[of] p1a: Tapu Bulu
|move|p2a: Toxapex|Recover|p2a: Toxapex
|-heal|p2a: Toxapex|302\/303
|
|-heal|p1a: Tapu Bulu|280\/343 psn|[from] item: Leftovers
|-heal|p1a: Tapu Bulu|301\/343 psn|[from] Grassy Terrain
|-heal|p2a: Toxapex|303\/303|[from] Grassy Terrain
|-damage|p1a: Tapu Bulu|259\/343 psn|[from] psn
|upkeep
|turn|14
|choice|*move 1|*
|choice|*|*move 3
|choice|move swordsdance|move recover
|
|move|p1a: Tapu Bulu|Swords Dance|p1a: Tapu Bulu
|-boost|p1a: Tapu Bulu|atk|2
|move|p2a: Toxapex|Recover|p2a: Toxapex
|-fail|p2a: Toxapex
|
|-heal|p1a: Tapu Bulu|280\/343 psn|[from] item: Leftovers
|-heal|p1a: Tapu Bulu|301\/343 psn|[from] Grassy Terrain
|-damage|p1a: Tapu Bulu|259\/343 psn|[from] psn
|upkeep
|turn|15
|c|☆LoD Fullkawaii|uh
|choice|*move 2|*
|choice|*|*switch 4
|choice|move hornleech|switch 4
|
|switch|p2a: Ferrothorn|Ferrothorn, M|352\/352
|-damage|p2a: Ferrothorn|330\/352|[from] Stealth Rock
|move|p1a: Tapu Bulu|Horn Leech|p2a: Ferrothorn
|-resisted|p2a: Ferrothorn
|-damage|p2a: Ferrothorn|272\/352
|-heal|p1a: Tapu Bulu|288\/343 psn|[from] drain|[of] p2a: Ferrothorn
|-damage|p1a: Tapu Bulu|246\/343 psn|[from] ability: Iron Barbs|[of] p2a: Ferrothorn
|
|-heal|p1a: Tapu Bulu|267\/343 psn|[from] item: Leftovers
|-heal|p1a: Tapu Bulu|288\/343 psn|[from] Grassy Terrain
|-heal|p2a: Ferrothorn|294\/352|[from] item: Leftovers
|-heal|p2a: Ferrothorn|316\/352|[from] Grassy Terrain
|-damage|p1a: Tapu Bulu|246\/343 psn|[from] psn
|upkeep
|turn|16
|choice|*|*move 1
|choice|*move 3|*
|choice|move superpower|move protect
|
|move|p2a: Ferrothorn|Protect|p2a: Ferrothorn
|-singleturn|p2a: Ferrothorn|Protect
|move|p1a: Tapu Bulu|Superpower|p2a: Ferrothorn
|-activate|p2a: Ferrothorn|move: Protect
|
|-heal|p1a: Tapu Bulu|267\/343 psn|[from] item: Leftovers
|-heal|p1a: Tapu Bulu|288\/343 psn|[from] Grassy Terrain
|-heal|p2a: Ferrothorn|338\/352|[from] item: Leftovers
|-heal|p2a: Ferrothorn|352\/352|[from] Grassy Terrain
|-damage|p1a: Tapu Bulu|246\/343 psn|[from] psn
|upkeep
|turn|17
|choice|*move 2|*
|choice|*|*move 4
|choice|move hornleech|move gyroball
|
|move|p1a: Tapu Bulu|Horn Leech|p2a: Ferrothorn
|-resisted|p2a: Ferrothorn
|-damage|p2a: Ferrothorn|294\/352
|-heal|p1a: Tapu Bulu|275\/343 psn|[from] drain|[of] p2a: Ferrothorn
|-damage|p1a: Tapu Bulu|233\/343 psn|[from] ability: Iron Barbs|[of] p2a: Ferrothorn
|move|p2a: Ferrothorn|Gyro Ball|p1a: Tapu Bulu
|-supereffective|p1a: Tapu Bulu
|-damage|p1a: Tapu Bulu|29\/343 psn
|
|-heal|p1a: Tapu Bulu|50\/343 psn|[from] item: Leftovers
|-heal|p1a: Tapu Bulu|71\/343 psn|[from] Grassy Terrain
|-heal|p2a: Ferrothorn|316\/352|[from] item: Leftovers
|-heal|p2a: Ferrothorn|338\/352|[from] Grassy Terrain
|-fieldend|move: Grassy Terrain
|-damage|p1a: Tapu Bulu|29\/343 psn|[from] psn
|upkeep
|turn|18
|choice|*move 3|*
|choice|*|*switch 2
|choice|move superpower|switch 2
|
|switch|p2a: Hippowdon|Hippowdon, M|390\/420
|-damage|p2a: Hippowdon|364\/420|[from] Stealth Rock
|-weather|Sandstorm|[from] ability: Sand Stream|[of] p2a: Hippowdon
|move|p1a: Tapu Bulu|Superpower|p2a: Hippowdon
|-damage|p2a: Hippowdon|197\/420
|-unboost|p1a: Tapu Bulu|atk|1
|-unboost|p1a: Tapu Bulu|def|1
|
|-weather|Sandstorm|[upkeep]
|-damage|p1a: Tapu Bulu|8\/343 psn|[from] sandstorm
|-heal|p1a: Tapu Bulu|29\/343 psn|[from] item: Leftovers
|-heal|p2a: Hippowdon|223\/420|[from] item: Leftovers
|-damage|p1a: Tapu Bulu|0 fnt|[from] psn
|upkeep
|faint|p1a: Tapu Bulu
|choice|*switch 2|*
|choice|switch 2|
|
|switch|p1a: Gliscor|Gliscor, M|352\/352
|-damage|p1a: Gliscor|308\/352|[from] Stealth Rock
|turn|19
|choice|*move 3|*
|choice|*|*move 2
|choice|move icefang|move slackoff
|
|move|p1a: Gliscor|Ice Fang|p2a: Hippowdon
|-supereffective|p2a: Hippowdon
|-damage|p2a: Hippowdon|151\/420
|move|p2a: Hippowdon|Slack Off|p2a: Hippowdon
|-heal|p2a: Hippowdon|361\/420
|
|-weather|Sandstorm|[upkeep]
|-heal|p2a: Hippowdon|387\/420|[from] item: Leftovers
|-status|p1a: Gliscor|tox|[from] item: Toxic Orb
|upkeep
|turn|20
|choice|*|*move 4
|choice|*move 1|*
|choice|move swordsdance|move whirlwind
|
|move|p1a: Gliscor|Swords Dance|p1a: Gliscor
|-boost|p1a: Gliscor|atk|2
|move|p2a: Hippowdon|Whirlwind|p1a: Gliscor
|drag|p1a: Tornadus|Tornadus-Therian, M|247\/357 brn
|-damage|p1a: Tornadus|158\/357 brn|[from] Stealth Rock
|
|-weather|Sandstorm|[upkeep]
|-damage|p1a: Tornadus|136\/357 brn|[from] sandstorm
|-heal|p2a: Hippowdon|413\/420|[from] item: Leftovers
|-damage|p1a: Tornadus|114\/357 brn|[from] brn
|upkeep
|turn|21
|choice|*move 3|*
|choice|*|*switch 4
|choice|move uturn|switch 4
|
|switch|p2a: Toxapex|Toxapex, M|303\/303
|-damage|p2a: Toxapex|266\/303|[from] Stealth Rock
|move|p1a: Tornadus|U-turn|p2a: Toxapex
|-resisted|p2a: Toxapex
|-damage|p2a: Toxapex|258\/303
|choice|*switch 5|*
|choice|switch 5|
|
|switch|p1a: Gliscor|Gliscor, M|308\/352 tox|[from]move: U-turn
|-damage|p1a: Gliscor|264\/352 tox|[from] Stealth Rock
|
|-weather|Sandstorm|[upkeep]
|-damage|p2a: Toxapex|240\/303|[from] sandstorm
|-heal|p1a: Gliscor|308\/352 tox|[from] ability: Poison Heal
|upkeep
|turn|22
|choice|*move 2|*
|choice|*|*switch 4
|choice|move earthquake|switch 4
|
|switch|p2a: Hippowdon|Hippowdon, M|413\/420
|-damage|p2a: Hippowdon|387\/420|[from] Stealth Rock
|move|p1a: Gliscor|Earthquake|p2a: Hippowdon
|-damage|p2a: Hippowdon|303\/420
|
|-weather|none
|-heal|p2a: Hippowdon|329\/420|[from] item: Leftovers
|-heal|p1a: Gliscor|352\/352 tox|[from] ability: Poison Heal
|upkeep
|turn|23
|choice|*|*move 4
|choice|*move 3|*
|choice|move icefang|move whirlwind
|
|move|p1a: Gliscor|Ice Fang|p2a: Hippowdon
|-supereffective|p2a: Hippowdon
|-damage|p2a: Hippowdon|259\/420
|move|p2a: Hippowdon|Whirlwind|p1a: Gliscor
|drag|p1a: Heatran|Heatran, M|264\/383
|-damage|p1a: Heatran|217\/383|[from] Stealth Rock
|
|-heal|p1a: Heatran|240\/383|[from] item: Leftovers
|-heal|p2a: Hippowdon|285\/420|[from] item: Leftovers
|upkeep
|turn|24
|choice|*|*switch 4
|choice|*move 3|*
|choice|move toxic|switch 4
|
|switch|p2a: Toxapex|Toxapex, M|240\/303
|-damage|p2a: Toxapex|203\/303|[from] Stealth Rock
|move|p1a: Heatran|Toxic|p2a: Toxapex
|-immune|p2a: Toxapex|[msg]
|
|-heal|p1a: Heatran|263\/383|[from] item: Leftovers
|upkeep
|turn|25
|choice|*|*move 3
|choice|*|*move 1
|choice|*move 3|*
|choice|move toxic|move scald
|
|move|p1a: Heatran|Toxic|p2a: Toxapex|[miss]
|-miss|p1a: Heatran|p2a: Toxapex
|move|p2a: Toxapex|Scald|p1a: Heatran
|-supereffective|p1a: Heatran
|-damage|p1a: Heatran|185\/383
|
|-heal|p1a: Heatran|208\/383|[from] item: Leftovers
|upkeep
|turn|26
|choice|*switch 3|*
|choice|*|*switch 5
|choice|switch 3|switch 5
|
|switch|p1a: Gliscor|Gliscor, M|352\/352 tox
|-damage|p1a: Gliscor|308\/352 tox|[from] Stealth Rock
|switch|p2a: Tapu Lele|Tapu Lele|281\/281
|-damage|p2a: Tapu Lele|246\/281|[from] Stealth Rock
|-fieldstart|move: Psychic Terrain|[from] ability: Psychic Surge|[of] p2a: Tapu Lele
|
|-heal|p1a: Gliscor|352\/352 tox|[from] ability: Poison Heal
|upkeep
|turn|27
|choice|*|*move 3
|choice|*switch 3|*
|choice|switch 3|move moonblast
|
|switch|p1a: Heatran|Heatran, M|208\/383
|-damage|p1a: Heatran|161\/383|[from] Stealth Rock
|move|p2a: Tapu Lele|Moonblast|p1a: Heatran
|-resisted|p1a: Heatran
|-damage|p1a: Heatran|115\/383
|
|-heal|p1a: Heatran|138\/383|[from] item: Leftovers
|upkeep
|turn|28
|choice|*move 3|*
|choice|*move 1|*
|choice|*|*switch 5
|choice|move lavaplume|switch 5
|
|switch|p2a: Toxapex|Toxapex, M|203\/303
|-damage|p2a: Toxapex|166\/303|[from] Stealth Rock
|move|p1a: Heatran|Lava Plume|p2a: Toxapex
|-resisted|p2a: Toxapex
|-damage|p2a: Toxapex|133\/303
|
|-heal|p1a: Heatran|161\/383|[from] item: Leftovers
|upkeep
|turn|29
|choice|*|*move 3
|choice|*move 2|*
|choice|move protect|move recover
|
|move|p1a: Heatran|Protect|p1a: Heatran
|-singleturn|p1a: Heatran|Protect
|move|p2a: Toxapex|Recover|p2a: Toxapex
|-heal|p2a: Toxapex|285\/303
|
|-heal|p1a: Heatran|184\/383|[from] item: Leftovers
|upkeep
|turn|30
|choice|*switch 3|*
|choice|*|*move 1
|choice|switch 3|move scald
|
|switch|p1a: Gliscor|Gliscor, M|352\/352 tox
|-damage|p1a: Gliscor|308\/352 tox|[from] Stealth Rock
|move|p2a: Toxapex|Scald|p1a: Gliscor
|-supereffective|p1a: Gliscor
|-crit|p1a: Gliscor
|-damage|p1a: Gliscor|122\/352 tox
|
|-heal|p1a: Gliscor|166\/352 tox|[from] ability: Poison Heal
|-fieldend|move: Psychic Terrain
|upkeep
|turn|31
|choice|*|*switch 5
|choice|*move 4|*
|choice|move roost|switch 5
|
|switch|p2a: Tapu Lele|Tapu Lele|246\/281
|-damage|p2a: Tapu Lele|211\/281|[from] Stealth Rock
|-fieldstart|move: Psychic Terrain|[from] ability: Psychic Surge|[of] p2a: Tapu Lele
|move|p1a: Gliscor|Roost|p1a: Gliscor
|-heal|p1a: Gliscor|342\/352 tox
|
|-heal|p1a: Gliscor|352\/352 tox|[from] ability: Poison Heal
|upkeep
|turn|32
|choice|*|*move 2
|choice|*switch 3|*
|choice|switch 3|move psychic
|
|switch|p1a: Heatran|Heatran, M|184\/383
|-damage|p1a: Heatran|137\/383|[from] Stealth Rock
|move|p2a: Tapu Lele|Psychic|p1a: Heatran
|-resisted|p1a: Heatran
|-damage|p1a: Heatran|8\/383
|
|-heal|p1a: Heatran|31\/383|[from] item: Leftovers
|upkeep
|turn|33
|choice|*move 1|*
|choice|*|*move 2
|choice|move lavaplume|move psychic
|
|move|p2a: Tapu Lele|Psychic|p1a: Heatran
|-resisted|p1a: Heatran
|-damage|p1a: Heatran|0 fnt
|faint|p1a: Heatran
|
|upkeep
|choice|*switch 6|*
|choice|switch 6|
|
|switch|p1a: Tyranitar|Tyranitar, M|341\/341
|-status|p1a: Tyranitar|psn
|-damage|p1a: Tyranitar|299\/341 psn|[from] Stealth Rock
|-weather|Sandstorm|[from] ability: Sand Stream|[of] p1a: Tyranitar
|turn|34
|choice|*move 2|*
|c|☆LoD Fullkawaii|Pursuit? :C
|choice|*|*switch 4
|choice|move pursuit|switch 4
|
|-activate|p2a: Tapu Lele|move: Pursuit
|move|p1a: Tyranitar|Pursuit|p2a: Tapu Lele|[from]Pursuit
|-damage|p2a: Tapu Lele|27\/281
|switch|p2a: Hippowdon|Hippowdon, M|285\/420
|-damage|p2a: Hippowdon|259\/420|[from] Stealth Rock
|
|-weather|Sandstorm|[upkeep]
|-heal|p2a: Hippowdon|285\/420|[from] item: Leftovers
|-damage|p1a: Tyranitar|257\/341 psn|[from] psn
|upkeep
|turn|35
|c|☆LoD Fullkawaii|:C
|choice|*|*move 2
|choice|*switch 3|*
|choice|switch 3|move slackoff
|
|switch|p1a: Gliscor|Gliscor, M|352\/352 tox
|-damage|p1a: Gliscor|308\/352 tox|[from] Stealth Rock
|move|p2a: Hippowdon|Slack Off|p2a: Hippowdon
|-heal|p2a: Hippowdon|420\/420
|
|-weather|Sandstorm|[upkeep]
|-heal|p1a: Gliscor|352\/352 tox|[from] ability: Poison Heal
|-fieldend|move: Psychic Terrain
|upkeep
|turn|36
|choice|*|*move 4
|choice|*move 3|*
|choice|move icefang|move whirlwind
|
|move|p1a: Gliscor|Ice Fang|p2a: Hippowdon
|-supereffective|p2a: Hippowdon
|-damage|p2a: Hippowdon|348\/420
|move|p2a: Hippowdon|Whirlwind|p1a: Gliscor
|drag|p1a: Tyranitar|Tyranitar, M|257\/341 psn
|-damage|p1a: Tyranitar|215\/341 psn|[from] Stealth Rock
|
|-weather|Sandstorm|[upkeep]
|-heal|p2a: Hippowdon|374\/420|[from] item: Leftovers
|-damage|p1a: Tyranitar|173\/341 psn|[from] psn
|upkeep
|turn|37
|choice|*|*switch 2
|choice|*move 4|*
|choice|move icepunch|switch 2
|
|switch|p2a: Ferrothorn|Ferrothorn, M|338\/352
|-damage|p2a: Ferrothorn|316\/352|[from] Stealth Rock
|move|p1a: Tyranitar|Ice Punch|p2a: Ferrothorn
|-damage|p2a: Ferrothorn|254\/352
|-damage|p1a: Tyranitar|131\/341 psn|[from] ability: Iron Barbs|[of] p2a: Ferrothorn
|
|-weather|Sandstorm|[upkeep]
|-heal|p2a: Ferrothorn|276\/352|[from] item: Leftovers
|-damage|p1a: Tyranitar|89\/341 psn|[from] psn
|upkeep
|turn|38
|choice|*switch 4|*
|choice|*|*move 3
|choice|switch 4|move leechseed
|
|switch|p1a: Mawile|Mawile, F, shiny|281\/281
|-damage|p1a: Mawile|264\/281|[from] Stealth Rock
|-ability|p1a: Mawile|Intimidate|boost
|-unboost|p2a: Ferrothorn|atk|1
|move|p2a: Ferrothorn|Leech Seed|p1a: Mawile
|-start|p1a: Mawile|move: Leech Seed
|
|-weather|none
|-heal|p2a: Ferrothorn|298\/352|[from] item: Leftovers
|-damage|p1a: Mawile|229\/281|[from] Leech Seed|[of] p2a: Ferrothorn
|-heal|p2a: Ferrothorn|333\/352|[silent]
|upkeep
|turn|39
|choice|*|*switch 2
|choice|*move 1 mega|*
|choice|move swordsdance mega|switch 2
|
|switch|p2a: Hippowdon|Hippowdon, M|374\/420
|-damage|p2a: Hippowdon|348\/420|[from] Stealth Rock
|-weather|Sandstorm|[from] ability: Sand Stream|[of] p2a: Hippowdon
|-mega|p1a: Mawile|Mawile|Mawilite
|detailschange|p1a: Mawile|Mawile-Mega, F, shiny
|move|p1a: Mawile|Swords Dance|p1a: Mawile
|-boost|p1a: Mawile|atk|2
|
|-weather|Sandstorm|[upkeep]
|-heal|p2a: Hippowdon|374\/420|[from] item: Leftovers
|-damage|p1a: Mawile|194\/281|[from] Leech Seed|[of] p2a: Hippowdon
|-heal|p2a: Hippowdon|409\/420|[silent]
|upkeep
|turn|40
|choice|*move 2|*
|choice|*|*move 3
|choice|move playrough|move earthquake
|
|move|p1a: Mawile|Play Rough|p2a: Hippowdon
|-damage|p2a: Hippowdon|0 fnt
|faint|p2a: Hippowdon
|
|-weather|Sandstorm|[upkeep]
|upkeep
|choice|*|*switch 3
|choice||switch 3
|
|switch|p2a: Excadrill|Excadrill, F|361\/361
|-damage|p2a: Excadrill|350\/361|[from] Stealth Rock
|turn|41
|choice|*|*move 1
|choice|*switch 3|*
|choice|switch 3|move earthquake
|
|switch|p1a: Gliscor|Gliscor, M|352\/352 tox
|-damage|p1a: Gliscor|308\/352 tox|[from] Stealth Rock
|move|p2a: Excadrill|Earthquake|p1a: Gliscor
|-immune|p1a: Gliscor|[msg]
|
|-weather|Sandstorm|[upkeep]
|-heal|p1a: Gliscor|352\/352 tox|[from] ability: Poison Heal
|upkeep
|turn|42
|choice|*move 2|*
|choice|*|*move 4 zmove
|choice|move earthquake|move ironhead zmove
|
|-zpower|p2a: Excadrill
|move|p2a: Excadrill|Corkscrew Crash|p1a: Gliscor|[zeffect]
|-damage|p1a: Gliscor|111\/352 tox
|move|p1a: Gliscor|Earthquake|p2a: Excadrill
|-supereffective|p2a: Excadrill
|-damage|p2a: Excadrill|20\/361
|
|-weather|Sandstorm|[upkeep]
|-heal|p1a: Gliscor|155\/352 tox|[from] ability: Poison Heal
|upkeep
|turn|43
|choice|*|*move 3
|choice|*move 4|*
|choice|move roost|move swordsdance
|
|move|p2a: Excadrill|Swords Dance|p2a: Excadrill
|-boost|p2a: Excadrill|atk|2
|move|p1a: Gliscor|Roost|p1a: Gliscor
|-heal|p1a: Gliscor|331\/352 tox
|
|-weather|none
|-heal|p1a: Gliscor|352\/352 tox|[from] ability: Poison Heal
|upkeep
|turn|44
|choice|*|*move 4
|choice|*move 2|*
|choice|move earthquake|move ironhead
|
|move|p2a: Excadrill|Iron Head|p1a: Gliscor
|-damage|p1a: Gliscor|106\/352 tox
|cant|p1a: Gliscor|flinch
|
|-heal|p1a: Gliscor|150\/352 tox|[from] ability: Poison Heal
|upkeep
|turn|45
|c|☆LoD Fullkawaii|srry lol
|c| LoD Naskourge|oh
|choice|*|*move 4
|choice|*switch 5|*
|choice|switch 5|move ironhead
|
|switch|p1a: Tornadus|Tornadus-Therian, M|233\/357 brn
|-damage|p1a: Tornadus|144\/357 brn|[from] Stealth Rock
|move|p2a: Excadrill|Iron Head|p1a: Tornadus
|-damage|p1a: Tornadus|0 fnt
|-damage|p2a: Excadrill|0 fnt|[from] item: Rocky Helmet|[of] p1a: Tornadus
|faint|p1a: Tornadus
|faint|p2a: Excadrill
|
|upkeep
|choice|*|*switch 4
|choice|*|*switch 2
|choice|*switch 3|*
|choice|switch 3|switch 2
|
|switch|p1a: Mawile|Mawile-Mega, F, shiny|194\/281
|switch|p2a: Ferrothorn|Ferrothorn, M|333\/352
|-damage|p1a: Mawile|177\/281|[from] Stealth Rock
|-damage|p2a: Ferrothorn|311\/352|[from] Stealth Rock
|turn|46
|choice|*move 3|*
|choice|*|*move 3
|choice|move knockoff|move leechseed
|
|move|p1a: Mawile|Knock Off|p2a: Ferrothorn
|-damage|p2a: Ferrothorn|139\/352
|-damage|p1a: Mawile|142\/281|[from] ability: Iron Barbs|[of] p2a: Ferrothorn
|-enditem|p2a: Ferrothorn|Leftovers|[from] move: Knock Off|[of] p1a: Mawile
|move|p2a: Ferrothorn|Leech Seed|p1a: Mawile
|-start|p1a: Mawile|move: Leech Seed
|
|-damage|p1a: Mawile|107\/281|[from] Leech Seed|[of] p2a: Ferrothorn
|-heal|p2a: Ferrothorn|174\/352|[silent]
|upkeep
|turn|47
|choice|*|*move 4
|choice|*move 1|*
|choice|move swordsdance|move gyroball
|
|move|p1a: Mawile|Swords Dance|p1a: Mawile
|-boost|p1a: Mawile|atk|2
|move|p2a: Ferrothorn|Gyro Ball|p1a: Mawile
|-damage|p1a: Mawile|11\/281
|
|-damage|p1a: Mawile|0 fnt|[from] Leech Seed|[of] p2a: Ferrothorn
|-heal|p2a: Ferrothorn|185\/352|[silent]
|upkeep
|faint|p1a: Mawile
|choice|*switch 5|*
|choice|switch 5|
|
|switch|p1a: Gliscor|Gliscor, M|150\/352 tox
|-damage|p1a: Gliscor|106\/352 tox|[from] Stealth Rock
|turn|48
|choice|*|*move 3
|choice|*move 4|*
|choice|move roost|move leechseed
|
|move|p1a: Gliscor|Roost|p1a: Gliscor
|-heal|p1a: Gliscor|282\/352 tox
|move|p2a: Ferrothorn|Leech Seed|p1a: Gliscor
|-start|p1a: Gliscor|move: Leech Seed
|
|-damage|p1a: Gliscor|238\/352 tox|[from] Leech Seed|[of] p2a: Ferrothorn
|-heal|p2a: Ferrothorn|229\/352|[silent]
|-heal|p1a: Gliscor|282\/352 tox|[from] ability: Poison Heal
|upkeep
|turn|49
|choice|*|*move 4
|choice|*move 1|*
|choice|move swordsdance|move gyroball
|
|move|p1a: Gliscor|Swords Dance|p1a: Gliscor
|-boost|p1a: Gliscor|atk|2
|move|p2a: Ferrothorn|Gyro Ball|p1a: Gliscor
|-damage|p1a: Gliscor|149\/352 tox
|
|-damage|p1a: Gliscor|105\/352 tox|[from] Leech Seed|[of] p2a: Ferrothorn
|-heal|p2a: Ferrothorn|273\/352|[silent]
|-heal|p1a: Gliscor|149\/352 tox|[from] ability: Poison Heal
|upkeep
|turn|50
|choice|*move 4|*
|choice|*|*move 2
|choice|move roost|move powerwhip
|
|move|p1a: Gliscor|Roost|p1a: Gliscor
|-heal|p1a: Gliscor|325\/352 tox
|move|p2a: Ferrothorn|Power Whip|p1a: Gliscor
|-supereffective|p1a: Gliscor
|-damage|p1a: Gliscor|109\/352 tox
|
|-damage|p1a: Gliscor|65\/352 tox|[from] Leech Seed|[of] p2a: Ferrothorn
|-heal|p2a: Ferrothorn|317\/352|[silent]
|-heal|p1a: Gliscor|109\/352 tox|[from] ability: Poison Heal
|upkeep
|turn|51
|choice|*|*move 2
|choice|*move 4|*
|choice|move roost|move powerwhip
|
|move|p1a: Gliscor|Roost|p1a: Gliscor
|-heal|p1a: Gliscor|285\/352 tox
|move|p2a: Ferrothorn|Power Whip|p1a: Gliscor|[miss]
|-miss|p2a: Ferrothorn|p1a: Gliscor
|
|-damage|p1a: Gliscor|241\/352 tox|[from] Leech Seed|[of] p2a: Ferrothorn
|-heal|p2a: Ferrothorn|352\/352|[silent]
|-heal|p1a: Gliscor|285\/352 tox|[from] ability: Poison Heal
|upkeep
|turn|52
|choice|*|*move 2
|choice|*move 2|*
|choice|move earthquake|move powerwhip
|
|move|p1a: Gliscor|Earthquake|p2a: Ferrothorn
|-damage|p2a: Ferrothorn|177\/352
|move|p2a: Ferrothorn|Power Whip|p1a: Gliscor
|-damage|p1a: Gliscor|176\/352 tox
|
|-damage|p1a: Gliscor|132\/352 tox|[from] Leech Seed|[of] p2a: Ferrothorn
|-heal|p2a: Ferrothorn|221\/352|[silent]
|-heal|p1a: Gliscor|176\/352 tox|[from] ability: Poison Heal
|upkeep
|turn|53
|choice|*|*move 2
|choice|*move 4|*
|choice|move roost|move powerwhip
|
|move|p1a: Gliscor|Roost|p1a: Gliscor
|-heal|p1a: Gliscor|352\/352 tox
|move|p2a: Ferrothorn|Power Whip|p1a: Gliscor
|-supereffective|p1a: Gliscor
|-damage|p1a: Gliscor|128\/352 tox
|
|-damage|p1a: Gliscor|84\/352 tox|[from] Leech Seed|[of] p2a: Ferrothorn
|-heal|p2a: Ferrothorn|265\/352|[silent]
|-heal|p1a: Gliscor|128\/352 tox|[from] ability: Poison Heal
|upkeep
|turn|54
|choice|*|*move 2
|choice|*move 4|*
|choice|move roost|move powerwhip
|
|move|p1a: Gliscor|Roost|p1a: Gliscor
|-heal|p1a: Gliscor|304\/352 tox
|move|p2a: Ferrothorn|Power Whip|p1a: Gliscor|[miss]
|-miss|p2a: Ferrothorn|p1a: Gliscor
|
|-damage|p1a: Gliscor|260\/352 tox|[from] Leech Seed|[of] p2a: Ferrothorn
|-heal|p2a: Ferrothorn|309\/352|[silent]
|-heal|p1a: Gliscor|304\/352 tox|[from] ability: Poison Heal
|upkeep
|turn|55
|choice|*|*move 4
|choice|*|*move 1
|choice|*move 1|*
|choice|move swordsdance|move protect
|
|move|p2a: Ferrothorn|Protect|p2a: Ferrothorn
|-singleturn|p2a: Ferrothorn|Protect
|move|p1a: Gliscor|Swords Dance|p1a: Gliscor
|-boost|p1a: Gliscor|atk|2
|
|-damage|p1a: Gliscor|260\/352 tox|[from] Leech Seed|[of] p2a: Ferrothorn
|-heal|p2a: Ferrothorn|352\/352|[silent]
|-heal|p1a: Gliscor|304\/352 tox|[from] ability: Poison Heal
|upkeep
|turn|56
|choice|*move 2|*
|choice|*|*move 4
|choice|move earthquake|move gyroball
|
|move|p1a: Gliscor|Earthquake|p2a: Ferrothorn
|-damage|p2a: Ferrothorn|106\/352
|move|p2a: Ferrothorn|Gyro Ball|p1a: Gliscor
|-damage|p1a: Gliscor|172\/352 tox
|
|-damage|p1a: Gliscor|128\/352 tox|[from] Leech Seed|[of] p2a: Ferrothorn
|-heal|p2a: Ferrothorn|150\/352|[silent]
|-heal|p1a: Gliscor|172\/352 tox|[from] ability: Poison Heal
|upkeep
|turn|57
|choice|*|*move 2
|choice|*move 4|*
|choice|move roost|move powerwhip
|
|move|p1a: Gliscor|Roost|p1a: Gliscor
|-heal|p1a: Gliscor|348\/352 tox
|move|p2a: Ferrothorn|Power Whip|p1a: Gliscor|[miss]
|-miss|p2a: Ferrothorn|p1a: Gliscor
|
|-damage|p1a: Gliscor|304\/352 tox|[from] Leech Seed|[of] p2a: Ferrothorn
|-heal|p2a: Ferrothorn|194\/352|[silent]
|-heal|p1a: Gliscor|348\/352 tox|[from] ability: Poison Heal
|upkeep
|turn|58
|choice|*move 2|*
|choice|*|*move 2
|choice|move earthquake|move powerwhip
|
|move|p1a: Gliscor|Earthquake|p2a: Ferrothorn
|-damage|p2a: Ferrothorn|0 fnt
|faint|p2a: Ferrothorn
|
|-heal|p1a: Gliscor|352\/352 tox|[from] ability: Poison Heal
|upkeep
|choice|*|*switch 6
|choice||switch 6
|
|switch|p2a: Alakazam|Alakazam, M|251\/251
|turn|59
|choice|*|*move 2 mega
|choice|*move 2|*
|choice|move earthquake|move psyshock mega
|
|-mega|p2a: Alakazam|Alakazam|Alakazite
|detailschange|p2a: Alakazam|Alakazam-Mega, M
|-ability|p2a: Alakazam|Poison Heal|[from] ability: Trace|[of] p1a: Gliscor
|move|p2a: Alakazam|Psyshock|p1a: Gliscor
|-damage|p1a: Gliscor|216\/352 tox
|move|p1a: Gliscor|Earthquake|p2a: Alakazam
|-damage|p2a: Alakazam|0 fnt
|faint|p2a: Alakazam
|
|-heal|p1a: Gliscor|260\/352 tox|[from] ability: Poison Heal
|upkeep
|choice|*|*switch 4
|choice||switch 4
|
|switch|p2a: Tapu Lele|Tapu Lele|27\/281
|-damage|p2a: Tapu Lele|0 fnt|[from] Stealth Rock
|faint|p2a: Tapu Lele
|choice|*|*switch 5
|choice||switch 5
|
|switch|p2a: Toxapex|Toxapex, M|285\/303
|-damage|p2a: Toxapex|248\/303|[from] Stealth Rock
|turn|60
|c|☆LoD TacoLugia|ahh
|c|☆LoD TacoLugia|nice no hp ice
|choice|*move 2|*
|c|☆LoD Fullkawaii|yeah xd
|c|☆LoD Fullkawaii|gg
|choice|*|*move 1
|choice|move earthquake|move scald
|
|move|p1a: Gliscor|Earthquake|p2a: Toxapex
|-supereffective|p2a: Toxapex
|-damage|p2a: Toxapex|0 fnt
|faint|p2a: Toxapex
|
|win|LoD TacoLugia
|c|☆LoD TacoLugia|gg
</script>
</div>
<div class="battle-log battle-log-inline"><div class="inner"><div class="battle-options"></div><div class="inner"><div class=""><small>Format:</small> <br><strong>OU</strong></div><div class=""><small><em>Cláusula-Mod de Dormir:</em> solo puedes dormir a uno de tus oponentes a la vez.</small></div><div class=""><small><em>Cláusula de Especie:</em> Hasta un Pokémon de cada especie</small></div><div class=""><small><em>Cláusula de Golpe Fulminante:</em> los movimientos fulminantes (OHKO) estan prohibidos</small></div><div class=""><small><em>Cláusula de Veleta:</em> la habilidad Veleta está prohibida</small></div><div class=""><small><em>Cláusula de Movimientos Evasivos:</em> los movimientos de Evasión están prohibidos.</small></div><div class=""><small><em>Cláusula de Batallas Eternas:</em> forzar batallas eternas está prohibido</small></div><div class="chat battle-history"><strong>LoD TacoLugia's team:</strong> <em style="color:#445566;display:block;">Mawile / Gliscor / Tornadus-Therian / Tapu Bulu / Heatran / Tyranitar</em></div><div class="chat battle-history"><strong>LoD Fullkawaii's team:</strong> <em style="color:#445566;display:block;">Alakazam / Hippowdon / Excadrill / Toxapex / Tapu Lele / Ferrothorn</em></div><div class="chat chatmessage-lodtacolugia"><strong style="color:hsl(46,50%,45.39014087948444%)"><small>☆</small><span class="username" data-name="LoD TacoLugia">LoD TacoLugia</span>:</strong> <em>Hf</em></div><div class="chat chatmessage-lodfullkawaii"><strong style="color:hsl(216,68%,47.30039189448961%)"><small>☆</small><span class="username" data-name="LoD Fullkawaii">LoD Fullkawaii</span>:</strong> <em>u2</em></div><div class="spacer battle-history"><br></div><div class="battle-history">Battle started between LoD TacoLugia and LoD Fullkawaii!<br></div><div class="spacer battle-history"><br></div><div class="battle-history">Go! <strong>Tapu Bulu</strong>!<br></div><div class="spacer battle-history"><br></div><div class="battle-history">LoD Fullkawaii sent out <strong>Alakazam</strong>!<br></div><div class="battle-history"><small>[Tapu Bulu's Grassy Surge]</small><br><small>Grass grew to cover the battlefield!</small><br></div><div class="spacer battle-history"><br></div><h2 class="battle-history">Turn 1</h2><div class="spacer battle-history"><br></div><div class="battle-history">LoD Fullkawaii withdrew Alakazam!<br></div><div class="battle-history">LoD Fullkawaii sent out <strong>Ferrothorn</strong>!<br></div><div class="spacer battle-history"><br></div><div class="battle-history">Tapu Bulu used <strong>Horn Leech</strong>!<br></div><div class="battle-history"><small>It's not very effective...</small><br></div><div class="battle-history"><small>(The opposing Ferrothorn lost <abbr title="−29/352">8.2%</abbr> of its health!)</small><br></div><div class="battle-history"><small>[The opposing Ferrothorn's Iron Barbs]</small><br><small>Tapu Bulu was hurt!</small><br></div><div class="spacer battle-history"><br></div><div class="battle-history"><small>Tapu Bulu restored a little HP using its Leftovers!</small><br></div><div class="battle-history"><small>Tapu Bulu restored HP using its Grassy Terrain!</small><br></div><div class="battle-history"><small>The opposing Ferrothorn restored a little HP using its Leftovers!</small><br></div><div class="battle-history"><small>The opposing Ferrothorn restored HP using its Grassy Terrain!</small><br></div><div class="spacer battle-history"><br></div><h2 class="battle-history">Turn 2</h2><div class="spacer battle-history"><br></div><div class="battle-history">Tapu Bulu, come back!<br></div><div class="battle-history">Go! <strong>Heatran</strong>!<br></div><div class="spacer battle-history"><br></div><div class="battle-history">The opposing Ferrothorn used <strong>Gyro Ball</strong>!<br></div><div class="battle-history"><small>It's not very effective...</small><br></div><div class="battle-history"><small>(Heatran lost <abbr title="−34/383">8.9%</abbr> of its health!)</small><br></div><div class="spacer battle-history"><br></div><div class="battle-history"><small>Heatran restored a little HP using its Leftovers!</small><br></div><div class="battle-history"><small>Heatran restored HP using its Grassy Terrain!</small><br></div><div class="spacer battle-history"><br></div><h2 class="battle-history">Turn 3</h2><div class="spacer battle-history"><br></div><div class="battle-history">LoD Fullkawaii withdrew Ferrothorn!<br></div><div class="battle-history">LoD Fullkawaii sent out <strong>Hippowdon</strong>!<br></div><div class="battle-history"><small>[The opposing Hippowdon's Sand Stream]</small><br><small>A sandstorm kicked up!</small><br></div><div class="spacer battle-history"><br></div><div class="battle-history">Heatran used <strong>Stealth Rock</strong>!<br></div><div class="battle-history"><small>Pointed stones float in the air around the opposing team!</small><br></div><div class="spacer battle-history"><br></div><div class="battle-history"><small>The sandstorm is raging.</small><br></div><div class="spacer battle-history"><br></div><h2 class="battle-history">Turn 4</h2><div class="spacer battle-history"><br></div><div class="battle-history">Heatran, come back!<br></div><div class="battle-history">Go! <strong>Tapu Bulu</strong>!<br></div><div class="spacer battle-history"><br></div><div class="battle-history">The opposing Hippowdon used <strong>Earthquake</strong>!<br></div><div class="battle-history"><small>It's not very effective...</small><br></div><div class="battle-history"><small>(Tapu Bulu lost <abbr title="−23/343">6.7%</abbr> of its health!)</small><br></div><div class="spacer battle-history"><br></div><div class="battle-history"><small>The sandstorm is raging.</small><br></div><div class="battle-history"><small>Tapu Bulu is buffeted by the sandstorm!</small><br></div><div class="battle-history"><small>Tapu Bulu restored a little HP using its Leftovers!</small><br></div><div class="battle-history"><small>Tapu Bulu restored HP using its Grassy Terrain!</small><br></div><div class="spacer battle-history"><br></div><h2 class="battle-history">Turn 5</h2><div class="spacer battle-history"><br></div><div class="battle-history">Tapu Bulu used <strong>Superpower</strong>!<br></div><div class="battle-history"><small>(The opposing Hippowdon lost <abbr title="−82/420">19.5%</abbr> of its health!)</small><br></div><div class="battle-history"><small>Tapu Bulu's Attack fell!</small><br></div><div class="battle-history"><small>Tapu Bulu's Defense fell!</small><br></div><div class="spacer battle-history"><br></div><div class="battle-history">The opposing Hippowdon used <strong>Stealth Rock</strong>!<br></div><div class="battle-history"><small>Pointed stones float in the air around your team!</small><br></div><div class="spacer battle-history"><br></div><div class="battle-history"><small>The sandstorm is raging.</small><br></div><div class="battle-history"><small>Tapu Bulu is buffeted by the sandstorm!</small><br></div><div class="battle-history"><small>Tapu Bulu restored a little HP using its Leftovers!</small><br></div><div class="battle-history"><small>Tapu Bulu restored HP using its Grassy Terrain!</small><br></div><div class="battle-history"><small>The opposing Hippowdon restored a little HP using its Leftovers!</small><br></div><div class="battle-history"><small>The opposing Hippowdon restored HP using its Grassy Terrain!</small><br></div><div class="battle-history"><small>The grass disappeared from the battlefield.</small><br></div><div class="spacer battle-history"><br></div><h2 class="battle-history">Turn 6</h2><div class="spacer battle-history"><br></div><div class="battle-history">LoD Fullkawaii withdrew Hippowdon!<br></div><div class="battle-history">LoD Fullkawaii sent out <strong>Ferrothorn</strong>!<br></div><div class="battle-history"><small>Pointed stones dug into the opposing Ferrothorn!</small><br></div><div class="spacer battle-history"><br></div><div class="battle-history">Tapu Bulu used <strong>Horn Leech</strong>!<br></div><div class="battle-history"><small>It's not very effective...</small><br></div><div class="battle-history"><small>(The opposing Ferrothorn lost <abbr title="−13/352">3.7%</abbr> of its health!)</small><br></div><div class="battle-history"><small>[The opposing Ferrothorn's Iron Barbs]</small><br><small>Tapu Bulu was hurt!</small><br></div><div class="spacer battle-history"><br></div><div class="battle-history"><small>The sandstorm is raging.</small><br></div><div class="battle-history"><small>Tapu Bulu is buffeted by the sandstorm!</small><br></div><div class="battle-history"><small>Tapu Bulu restored a little HP using its Leftovers!</small><br></div><div class="battle-history"><small>The opposing Ferrothorn restored a little HP using its Leftovers!</small><br></div><div class="spacer battle-history"><br></div><h2 class="battle-history">Turn 7</h2><div class="spacer battle-history"><br></div><div class="battle-history">Tapu Bulu, come back!<br></div><div class="battle-history">Go! <strong>Heatran</strong>!<br></div><div class="battle-history"><small>Pointed stones dug into Heatran!</small><br></div><div class="spacer battle-history"><br></div><div class="battle-history">The opposing Ferrothorn used <strong>Leech Seed</strong>!<br></div><div class="battle-history"><small>Heatran was seeded!</small><br></div><div class="spacer battle-history"><br></div><div class="battle-history"><small>The sandstorm subsided.</small><br></div><div class="battle-history"><small>Heatran restored a little HP using its Leftovers!</small><br></div><div class="battle-history"><small>The opposing Ferrothorn restored a little HP using its Leftovers!</small><br></div><div class="battle-history"><small>Heatran's health is sapped by Leech Seed!</small><br></div><div class="spacer battle-history"><br></div><h2 class="battle-history">Turn 8</h2><div class="spacer battle-history"><br></div><div class="battle-history">The opposing Ferrothorn used <strong>Protect</strong>!<br></div><div class="battle-history"><small>The opposing Ferrothorn protected itself!</small><br></div><div class="spacer battle-history"><br></div><div class="battle-history">Heatran used <strong>Lava Plume</strong>!<br></div><div class="battle-history"><small>The opposing Ferrothorn protected itself!</small><br></div><div class="spacer battle-history"><br></div><div class="battle-history"><small>Heatran restored a little HP using its Leftovers!</small><br></div><div class="battle-history"><small>Heatran's health is sapped by Leech Seed!</small><br></div><div class="spacer battle-history"><br></div><h2 class="battle-history">Turn 9</h2><div class="spacer battle-history"><br></div><div class="battle-history">LoD Fullkawaii withdrew Ferrothorn!<br></div><div class="battle-history">LoD Fullkawaii sent out <strong>Toxapex</strong>!<br></div><div class="battle-history"><small>Pointed stones dug into the opposing Toxapex!</small><br></div><div class="spacer battle-history"><br></div><div class="battle-history">Heatran used <strong>Toxic</strong>!<br></div><div class="battle-history"><small>It doesn't affect the opposing Toxapex...</small><br></div><div class="spacer battle-history"><br></div><div class="battle-history"><small>Heatran restored a little HP using its Leftovers!</small><br></div><div class="battle-history"><small>The opposing Toxapex restored a little HP using its Black Sludge!</small><br></div><div class="battle-history"><small>Heatran's health is sapped by Leech Seed!</small><br></div><div class="spacer battle-history"><br></div><h2 class="battle-history">Turn 10</h2><div class="spacer battle-history"><br></div><div class="battle-history">Heatran, come back!<br></div><div class="battle-history">Go! Tornadus (<strong>Tornadus-Therian</strong>)!<br></div><div class="battle-history"><small>Pointed stones dug into Tornadus!</small><br></div><div class="spacer battle-history"><br></div><div class="battle-history">The opposing Toxapex used <strong>Toxic Spikes</strong>!<br></div><div class="battle-history"><small>Poison spikes were scattered on the ground all around your team!</small><br></div><div class="spacer battle-history"><br></div><h2 class="battle-history">Turn 11</h2><div class="spacer battle-history"><br></div><div class="battle-history">Tornadus used <strong>Knock Off</strong>!<br></div><div class="battle-history"><small>A critical hit!</small><br></div><div class="battle-history"><small>(The opposing Toxapex lost <abbr title="−67/303">22.1%</abbr> of its health!)</small><br></div><div class="battle-history"><small>Tornadus knocked off the opposing Toxapex's Black Sludge!</small><br></div><div class="spacer battle-history"><br></div><div class="battle-history">The opposing Toxapex used <strong>Scald</strong>!<br></div><div class="battle-history"><small>(Tornadus lost <abbr title="−58/357">16.2%</abbr> of its health!)</small><br></div><div class="spacer battle-history"><br></div><h2 class="battle-history">Turn 12</h2><div class="spacer battle-history"><br></div><div class="battle-history">Tornadus used <strong>Hurricane</strong>!<br></div><div class="battle-history"><small>(The opposing Toxapex lost <abbr title="−78/303">25.7%</abbr> of its health!)</small><br></div><div class="spacer battle-history"><br></div><div class="battle-history">The opposing Toxapex used <strong>Scald</strong>!<br></div><div class="battle-history"><small>(Tornadus lost <abbr title="−60/357">16.8%</abbr> of its health!)</small><br></div><div class="battle-history"><small>Tornadus was burned!</small><br></div><div class="spacer battle-history"><br></div><div class="battle-history"><small>Tornadus was hurt by its burn!</small><br></div><div class="spacer battle-history"><br></div><h2 class="battle-history">Turn 13</h2><div class="spacer battle-history"><br></div><div class="battle-history">Tornadus used <strong>U-turn</strong>!<br></div><div class="battle-history"><small>It's not very effective...</small><br></div><div class="battle-history"><small>(The opposing Toxapex lost <abbr title="−8/303">2.6%</abbr> of its health!)</small><br></div><div class="spacer battle-history"><br></div><div class="battle-history">Tornadus went back to LoD TacoLugia!<br></div><div class="battle-history">Go! <strong>Tapu Bulu</strong>!<br></div><div class="battle-history"><small>Pointed stones dug into Tapu Bulu!</small><br></div><div class="battle-history"><small>Tapu Bulu was poisoned!</small><br></div><div class="battle-history"><small>[Tapu Bulu's Grassy Surge]</small><br><small>Grass grew to cover the battlefield!</small><br></div><div class="spacer battle-history"><br></div><div class="battle-history">The opposing Toxapex used <strong>Recover</strong>!<br></div><div class="battle-history"><small>The opposing Toxapex restored its HP.</small><br></div><div class="spacer battle-history"><br></div><div class="battle-history"><small>Tapu Bulu restored a little HP using its Leftovers!</small><br></div><div class="battle-history"><small>Tapu Bulu restored HP using its Grassy Terrain!</small><br></div><div class="battle-history"><small>The opposing Toxapex restored HP using its Grassy Terrain!</small><br></div><div class="battle-history"><small>Tapu Bulu was hurt by poison!</small><br></div><div class="spacer battle-history"><br></div><h2 class="battle-history">Turn 14</h2><div class="spacer battle-history"><br></div><div class="battle-history">Tapu Bulu used <strong>Swords Dance</strong>!<br></div><div class="battle-history"><small>Tapu Bulu's Attack rose sharply!</small><br></div><div class="spacer battle-history"><br></div><div class="battle-history">The opposing Toxapex used <strong>Recover</strong>!<br></div><div class="battle-history"><small>But it failed!</small><br></div><div class="spacer battle-history"><br></div><div class="battle-history"><small>Tapu Bulu restored a little HP using its Leftovers!</small><br></div><div class="battle-history"><small>Tapu Bulu restored HP using its Grassy Terrain!</small><br></div><div class="battle-history"><small>Tapu Bulu was hurt by poison!</small><br></div><div class="spacer battle-history"><br></div><h2 class="battle-history">Turn 15</h2><div class="chat chatmessage-lodfullkawaii"><strong style="color:hsl(216,68%,47.30039189448961%)"><small>☆</small><span class="username" data-name="LoD Fullkawaii">LoD Fullkawaii</span>:</strong> <em>uh</em></div><div class="spacer battle-history"><br></div><div class="battle-history">LoD Fullkawaii withdrew Toxapex!<br></div><div class="battle-history">LoD Fullkawaii sent out <strong>Ferrothorn</strong>!<br></div><div class="battle-history"><small>Pointed stones dug into the opposing Ferrothorn!</small><br></div><div class="spacer battle-history"><br></div><div class="battle-history">Tapu Bulu used <strong>Horn Leech</strong>!<br></div><div class="battle-history"><small>It's not very effective...</small><br></div><div class="battle-history"><small>(The opposing Ferrothorn lost <abbr title="−58/352">16.5%</abbr> of its health!)</small><br></div><div class="battle-history"><small>The opposing Ferrothorn had its energy drained!</small><br></div><div class="battle-history"><small>[The opposing Ferrothorn's Iron Barbs]</small><br><small>Tapu Bulu was hurt!</small><br></div><div class="spacer battle-history"><br></div><div class="battle-history"><small>Tapu Bulu restored a little HP using its Leftovers!</small><br></div><div class="battle-history"><small>Tapu Bulu restored HP using its Grassy Terrain!</small><br></div><div class="battle-history"><small>The opposing Ferrothorn restored a little HP using its Leftovers!</small><br></div><div class="battle-history"><small>The opposing Ferrothorn restored HP using its Grassy Terrain!</small><br></div><div class="battle-history"><small>Tapu Bulu was hurt by poison!</small><br></div><div class="spacer battle-history"><br></div><h2 class="battle-history">Turn 16</h2><div class="spacer battle-history"><br></div><div class="battle-history">The opposing Ferrothorn used <strong>Protect</strong>!<br></div><div class="battle-history"><small>The opposing Ferrothorn protected itself!</small><br></div><div class="spacer battle-history"><br></div><div class="battle-history">Tapu Bulu used <strong>Superpower</strong>!<br></div><div class="battle-history"><small>The opposing Ferrothorn protected itself!</small><br></div><div class="spacer battle-history"><br></div><div class="battle-history"><small>Tapu Bulu restored a little HP using its Leftovers!</small><br></div><div class="battle-history"><small>Tapu Bulu restored HP using its Grassy Terrain!</small><br></div><div class="battle-history"><small>The opposing Ferrothorn restored a little HP using its Leftovers!</small><br></div><div class="battle-history"><small>The opposing Ferrothorn restored HP using its Grassy Terrain!</small><br></div><div class="battle-history"><small>Tapu Bulu was hurt by poison!</small><br></div><div class="spacer battle-history"><br></div><h2 class="battle-history">Turn 17</h2><div class="spacer battle-history"><br></div><div class="battle-history">Tapu Bulu used <strong>Horn Leech</strong>!<br></div><div class="battle-history"><small>It's not very effective...</small><br></div><div class="battle-history"><small>(The opposing Ferrothorn lost <abbr title="−58/352">16.5%</abbr> of its health!)</small><br></div><div class="battle-history"><small>The opposing Ferrothorn had its energy drained!</small><br></div><div class="battle-history"><small>[The opposing Ferrothorn's Iron Barbs]</small><br><small>Tapu Bulu was hurt!</small><br></div><div class="spacer battle-history"><br></div><div class="battle-history">The opposing Ferrothorn used <strong>Gyro Ball</strong>!<br></div><div class="battle-history"><small>It's super effective!</small><br></div><div class="battle-history"><small>(Tapu Bulu lost <abbr title="−204/343">59.5%</abbr> of its health!)</small><br></div><div class="spacer battle-history"><br></div><div class="battle-history"><small>Tapu Bulu restored a little HP using its Leftovers!</small><br></div><div class="battle-history"><small>Tapu Bulu restored HP using its Grassy Terrain!</small><br></div><div class="battle-history"><small>The opposing Ferrothorn restored a little HP using its Leftovers!</small><br></div><div class="battle-history"><small>The opposing Ferrothorn restored HP using its Grassy Terrain!</small><br></div><div class="battle-history"><small>The grass disappeared from the battlefield.</small><br></div><div class="battle-history"><small>Tapu Bulu was hurt by poison!</small><br></div><div class="spacer battle-history"><br></div><h2 class="battle-history">Turn 18</h2><div class="spacer battle-history"><br></div><div class="battle-history">LoD Fullkawaii withdrew Ferrothorn!<br></div><div class="battle-history">LoD Fullkawaii sent out <strong>Hippowdon</strong>!<br></div><div class="battle-history"><small>Pointed stones dug into the opposing Hippowdon!</small><br></div><div class="battle-history"><small>[The opposing Hippowdon's Sand Stream]</small><br><small>A sandstorm kicked up!</small><br></div><div class="spacer battle-history"><br></div><div class="battle-history">Tapu Bulu used <strong>Superpower</strong>!<br></div><div class="battle-history"><small>(The opposing Hippowdon lost <abbr title="−167/420">39.8%</abbr> of its health!)</small><br></div><div class="battle-history"><small>Tapu Bulu's Attack fell!</small><br></div><div class="battle-history"><small>Tapu Bulu's Defense fell!</small><br></div><div class="spacer battle-history"><br></div><div class="battle-history"><small>The sandstorm is raging.</small><br></div><div class="battle-history"><small>Tapu Bulu is buffeted by the sandstorm!</small><br></div><div class="battle-history"><small>Tapu Bulu restored a little HP using its Leftovers!</small><br></div><div class="battle-history"><small>The opposing Hippowdon restored a little HP using its Leftovers!</small><br></div><div class="battle-history"><small>Tapu Bulu was hurt by poison!</small><br></div><div class="spacer battle-history"><br></div><div class="battle-history">Tapu Bulu fainted!<br></div><div class="spacer battle-history"><br></div><div class="battle-history">Go! <strong>Gliscor</strong>!<br></div><div class="battle-history"><small>Pointed stones dug into Gliscor!</small><br></div><div class="spacer battle-history"><br></div><h2 class="battle-history">Turn 19</h2><div class="spacer battle-history"><br></div><div class="battle-history">Gliscor used <strong>Ice Fang</strong>!<br></div><div class="battle-history"><small>It's super effective!</small><br></div><div class="battle-history"><small>(The opposing Hippowdon lost <abbr title="−72/420">17.1%</abbr> of its health!)</small><br></div><div class="spacer battle-history"><br></div><div class="battle-history">The opposing Hippowdon used <strong>Slack Off</strong>!<br></div><div class="battle-history"><small>The opposing Hippowdon restored its HP.</small><br></div><div class="spacer battle-history"><br></div><div class="battle-history"><small>The sandstorm is raging.</small><br></div><div class="battle-history"><small>The opposing Hippowdon restored a little HP using its Leftovers!</small><br></div><div class="battle-history"><small>Gliscor was badly poisoned!</small><br></div><div class="spacer battle-history"><br></div><h2 class="battle-history">Turn 20</h2><div class="spacer battle-history"><br></div><div class="battle-history">Gliscor used <strong>Swords Dance</strong>!<br></div><div class="battle-history"><small>Gliscor's Attack rose sharply!</small><br></div><div class="spacer battle-history"><br></div><div class="battle-history">The opposing Hippowdon used <strong>Whirlwind</strong>!<br></div><div class="spacer battle-history"><br></div><div class="battle-history">Tornadus (<strong>Tornadus-Therian</strong>) was dragged out!<br></div><div class="battle-history"><small>Pointed stones dug into Tornadus!</small><br></div><div class="spacer battle-history"><br></div><div class="battle-history"><small>The sandstorm is raging.</small><br></div><div class="battle-history"><small>Tornadus is buffeted by the sandstorm!</small><br></div><div class="battle-history"><small>The opposing Hippowdon restored a little HP using its Leftovers!</small><br></div><div class="battle-history"><small>Tornadus was hurt by its burn!</small><br></div><div class="spacer battle-history"><br></div><h2 class="battle-history">Turn 21</h2><div class="spacer battle-history"><br></div><div class="battle-history">LoD Fullkawaii withdrew Hippowdon!<br></div><div class="battle-history">LoD Fullkawaii sent out <strong>Toxapex</strong>!<br></div><div class="battle-history"><small>Pointed stones dug into the opposing Toxapex!</small><br></div><div class="spacer battle-history"><br></div><div class="battle-history">Tornadus used <strong>U-turn</strong>!<br></div><div class="battle-history"><small>It's not very effective...</small><br></div><div class="battle-history"><small>(The opposing Toxapex lost <abbr title="−8/303">2.6%</abbr> of its health!)</small><br></div><div class="spacer battle-history"><br></div><div class="battle-history">Tornadus went back to LoD TacoLugia!<br></div><div class="battle-history">Go! <strong>Gliscor</strong>!<br></div><div class="battle-history"><small>Pointed stones dug into Gliscor!</small><br></div><div class="spacer battle-history"><br></div><div class="battle-history"><small>The sandstorm is raging.</small><br></div><div class="battle-history"><small>The opposing Toxapex is buffeted by the sandstorm!</small><br></div><div class="battle-history"><small>[Gliscor's Poison Heal]</small><br><small>Gliscor restored its HP.</small><br></div><div class="spacer battle-history"><br></div><h2 class="battle-history">Turn 22</h2><div class="spacer battle-history"><br></div><div class="battle-history">LoD Fullkawaii withdrew Toxapex!<br></div><div class="battle-history">LoD Fullkawaii sent out <strong>Hippowdon</strong>!<br></div><div class="battle-history"><small>Pointed stones dug into the opposing Hippowdon!</small><br></div><div class="spacer battle-history"><br></div><div class="battle-history">Gliscor used <strong>Earthquake</strong>!<br></div><div class="battle-history"><small>(The opposing Hippowdon lost <abbr title="−84/420">20%</abbr> of its health!)</small><br></div><div class="spacer battle-history"><br></div><div class="battle-history"><small>The sandstorm subsided.</small><br></div><div class="battle-history"><small>The opposing Hippowdon restored a little HP using its Leftovers!</small><br></div><div class="battle-history"><small>[Gliscor's Poison Heal]</small><br><small>Gliscor restored its HP.</small><br></div><div class="spacer battle-history"><br></div><h2 class="battle-history">Turn 23</h2><div class="spacer battle-history"><br></div><div class="battle-history">Gliscor used <strong>Ice Fang</strong>!<br></div><div class="battle-history"><small>It's super effective!</small><br></div><div class="battle-history"><small>(The opposing Hippowdon lost <abbr title="−70/420">16.7%</abbr> of its health!)</small><br></div><div class="spacer battle-history"><br></div><div class="battle-history">The opposing Hippowdon used <strong>Whirlwind</strong>!<br></div><div class="spacer battle-history"><br></div><div class="battle-history"><strong>Heatran</strong> was dragged out!<br></div><div class="battle-history"><small>Pointed stones dug into Heatran!</small><br></div><div class="spacer battle-history"><br></div><div class="battle-history"><small>Heatran restored a little HP using its Leftovers!</small><br></div><div class="battle-history"><small>The opposing Hippowdon restored a little HP using its Leftovers!</small><br></div><div class="spacer battle-history"><br></div><h2 class="battle-history">Turn 24</h2><div class="spacer battle-history"><br></div><div class="battle-history">LoD Fullkawaii withdrew Hippowdon!<br></div><div class="battle-history">LoD Fullkawaii sent out <strong>Toxapex</strong>!<br></div><div class="battle-history"><small>Pointed stones dug into the opposing Toxapex!</small><br></div><div class="spacer battle-history"><br></div><div class="battle-history">Heatran used <strong>Toxic</strong>!<br></div><div class="battle-history"><small>It doesn't affect the opposing Toxapex...</small><br></div><div class="spacer battle-history"><br></div><div class="battle-history"><small>Heatran restored a little HP using its Leftovers!</small><br></div><div class="spacer battle-history"><br></div><h2 class="battle-history">Turn 25</h2><div class="spacer battle-history"><br></div><div class="battle-history">Heatran used <strong>Toxic</strong>!<br></div><div class="battle-history"><small>The opposing Toxapex avoided the attack!</small><br></div><div class="spacer battle-history"><br></div><div class="battle-history">The opposing Toxapex used <strong>Scald</strong>!<br></div><div class="battle-history"><small>It's super effective!</small><br></div><div class="battle-history"><small>(Heatran lost <abbr title="−78/383">20.4%</abbr> of its health!)</small><br></div><div class="spacer battle-history"><br></div><div class="battle-history"><small>Heatran restored a little HP using its Leftovers!</small><br></div><div class="spacer battle-history"><br></div><h2 class="battle-history">Turn 26</h2><div class="spacer battle-history"><br></div><div class="battle-history">Heatran, come back!<br></div><div class="battle-history">Go! <strong>Gliscor</strong>!<br></div><div class="battle-history"><small>Pointed stones dug into Gliscor!</small><br></div><div class="spacer battle-history"><br></div><div class="battle-history">LoD Fullkawaii withdrew Toxapex!<br></div><div class="battle-history">LoD Fullkawaii sent out <strong>Tapu Lele</strong>!<br></div><div class="battle-history"><small>Pointed stones dug into the opposing Tapu Lele!</small><br></div><div class="battle-history"><small>[The opposing Tapu Lele's Psychic Surge]</small><br><small>The battlefield got weird!</small><br></div><div class="spacer battle-history"><br></div><div class="battle-history"><small>[Gliscor's Poison Heal]</small><br><small>Gliscor restored its HP.</small><br></div><div class="spacer battle-history"><br></div><h2 class="battle-history">Turn 27</h2><div class="spacer battle-history"><br></div><div class="battle-history">Gliscor, come back!<br></div><div class="battle-history">Go! <strong>Heatran</strong>!<br></div><div class="battle-history"><small>Pointed stones dug into Heatran!</small><br></div><div class="spacer battle-history"><br></div><div class="battle-history">The opposing Tapu Lele used <strong>Moonblast</strong>!<br></div><div class="battle-history"><small>It's not very effective...</small><br></div><div class="battle-history"><small>(Heatran lost <abbr title="−46/383">12.0%</abbr> of its health!)</small><br></div><div class="spacer battle-history"><br></div><div class="battle-history"><small>Heatran restored a little HP using its Leftovers!</small><br></div><div class="spacer battle-history"><br></div><h2 class="battle-history">Turn 28</h2><div class="spacer battle-history"><br></div><div class="battle-history">LoD Fullkawaii withdrew Tapu Lele!<br></div><div class="battle-history">LoD Fullkawaii sent out <strong>Toxapex</strong>!<br></div><div class="battle-history"><small>Pointed stones dug into the opposing Toxapex!</small><br></div><div class="spacer battle-history"><br></div><div class="battle-history">Heatran used <strong>Lava Plume</strong>!<br></div><div class="battle-history"><small>It's not very effective...</small><br></div><div class="battle-history"><small>(The opposing Toxapex lost <abbr title="−33/303">10.9%</abbr> of its health!)</small><br></div><div class="spacer battle-history"><br></div><div class="battle-history"><small>Heatran restored a little HP using its Leftovers!</small><br></div><div class="spacer battle-history"><br></div><h2 class="battle-history">Turn 29</h2><div class="spacer battle-history"><br></div><div class="battle-history">Heatran used <strong>Protect</strong>!<br></div><div class="battle-history"><small>Heatran protected itself!</small><br></div><div class="spacer battle-history"><br></div><div class="battle-history">The opposing Toxapex used <strong>Recover</strong>!<br></div><div class="battle-history"><small>The opposing Toxapex restored its HP.</small><br></div><div class="spacer battle-history"><br></div><div class="battle-history"><small>Heatran restored a little HP using its Leftovers!</small><br></div><div class="spacer battle-history"><br></div><h2 class="battle-history">Turn 30</h2><div class="spacer battle-history"><br></div><div class="battle-history">Heatran, come back!<br></div><div class="battle-history">Go! <strong>Gliscor</strong>!<br></div><div class="battle-history"><small>Pointed stones dug into Gliscor!</small><br></div><div class="spacer battle-history"><br></div><div class="battle-history">The opposing Toxapex used <strong>Scald</strong>!<br></div><div class="battle-history"><small>It's super effective!</small><br></div><div class="battle-history"><small>A critical hit!</small><br></div><div class="battle-history"><small>(Gliscor lost <abbr title="−186/352">52.8%</abbr> of its health!)</small><br></div><div class="spacer battle-history"><br></div><div class="battle-history"><small>[Gliscor's Poison Heal]</small><br><small>Gliscor restored its HP.</small><br></div><div class="battle-history"><small>The weirdness disappeared from the battlefield!</small><br></div><div class="spacer battle-history"><br></div><h2 class="battle-history">Turn 31</h2><div class="spacer battle-history"><br></div><div class="battle-history">LoD Fullkawaii withdrew Toxapex!<br></div><div class="battle-history">LoD Fullkawaii sent out <strong>Tapu Lele</strong>!<br></div><div class="battle-history"><small>Pointed stones dug into the opposing Tapu Lele!</small><br></div><div class="battle-history"><small>[The opposing Tapu Lele's Psychic Surge]</small><br><small>The battlefield got weird!</small><br></div><div class="spacer battle-history"><br></div><div class="battle-history">Gliscor used <strong>Roost</strong>!<br></div><div class="battle-history"><small>Gliscor restored its HP.</small><br></div><div class="spacer battle-history"><br></div><div class="battle-history"><small>[Gliscor's Poison Heal]</small><br><small>Gliscor restored its HP.</small><br></div><div class="spacer battle-history"><br></div><h2 class="battle-history">Turn 32</h2><div class="spacer battle-history"><br></div><div class="battle-history">Gliscor, come back!<br></div><div class="battle-history">Go! <strong>Heatran</strong>!<br></div><div class="battle-history"><small>Pointed stones dug into Heatran!</small><br></div><div class="spacer battle-history"><br></div><div class="battle-history">The opposing Tapu Lele used <strong>Psychic</strong>!<br></div><div class="battle-history"><small>It's not very effective...</small><br></div><div class="battle-history"><small>(Heatran lost <abbr title="−129/383">33.7%</abbr> of its health!)</small><br></div><div class="spacer battle-history"><br></div><div class="battle-history"><small>Heatran restored a little HP using its Leftovers!</small><br></div><div class="spacer battle-history"><br></div><h2 class="battle-history">Turn 33</h2><div class="spacer battle-history"><br></div><div class="battle-history">The opposing Tapu Lele used <strong>Psychic</strong>!<br></div><div class="battle-history"><small>It's not very effective...</small><br></div><div class="battle-history"><small>(Heatran lost <abbr title="−31/383">8.1%</abbr> of its health!)</small><br></div><div class="spacer battle-history"><br></div><div class="battle-history">Heatran fainted!<br></div><div class="spacer battle-history"><br></div><div class="battle-history">Go! <strong>Tyranitar</strong>!<br></div><div class="battle-history"><small>Tyranitar was poisoned!</small><br></div><div class="battle-history"><small>Pointed stones dug into Tyranitar!</small><br></div><div class="battle-history"><small>[Tyranitar's Sand Stream]</small><br><small>A sandstorm kicked up!</small><br></div><div class="spacer battle-history"><br></div><h2 class="battle-history">Turn 34</h2><div class="chat chatmessage-lodfullkawaii"><strong style="color:hsl(216,68%,47.30039189448961%)"><small>☆</small><span class="username" data-name="LoD Fullkawaii">LoD Fullkawaii</span>:</strong> <em>Pursuit? :C</em></div><div class="spacer battle-history"><br></div><div class="battle-history"><small>(The opposing Tapu Lele is being withdrawn...)</small><br></div><div class="spacer battle-history"><br></div><div class="battle-history">Tyranitar used <strong>Pursuit</strong>!<br></div><div class="battle-history"><small>(The opposing Tapu Lele lost <abbr title="−184/281">65.5%</abbr> of its health!)</small><br></div><div class="spacer battle-history"><br></div><div class="battle-history">LoD Fullkawaii withdrew Tapu Lele!<br></div><div class="battle-history">LoD Fullkawaii sent out <strong>Hippowdon</strong>!<br></div><div class="battle-history"><small>Pointed stones dug into the opposing Hippowdon!</small><br></div><div class="spacer battle-history"><br></div><div class="battle-history"><small>The sandstorm is raging.</small><br></div><div class="battle-history"><small>The opposing Hippowdon restored a little HP using its Leftovers!</small><br></div><div class="battle-history"><small>Tyranitar was hurt by poison!</small><br></div><div class="spacer battle-history"><br></div><h2 class="battle-history">Turn 35</h2><div class="chat chatmessage-lodfullkawaii"><strong style="color:hsl(216,68%,47.30039189448961%)"><small>☆</small><span class="username" data-name="LoD Fullkawaii">LoD Fullkawaii</span>:</strong> <em>:C</em></div><div class="spacer battle-history"><br></div><div class="battle-history">Tyranitar, come back!<br></div><div class="battle-history">Go! <strong>Gliscor</strong>!<br></div><div class="battle-history"><small>Pointed stones dug into Gliscor!</small><br></div><div class="spacer battle-history"><br></div><div class="battle-history">The opposing Hippowdon used <strong>Slack Off</strong>!<br></div><div class="battle-history"><small>The opposing Hippowdon restored its HP.</small><br></div><div class="spacer battle-history"><br></div><div class="battle-history"><small>The sandstorm is raging.</small><br></div><div class="battle-history"><small>[Gliscor's Poison Heal]</small><br><small>Gliscor restored its HP.</small><br></div><div class="battle-history"><small>The weirdness disappeared from the battlefield!</small><br></div><div class="spacer battle-history"><br></div><h2 class="battle-history">Turn 36</h2><div class="spacer battle-history"><br></div><div class="battle-history">Gliscor used <strong>Ice Fang</strong>!<br></div><div class="battle-history"><small>It's super effective!</small><br></div><div class="battle-history"><small>(The opposing Hippowdon lost <abbr title="−72/420">17.1%</abbr> of its health!)</small><br></div><div class="spacer battle-history"><br></div><div class="battle-history">The opposing Hippowdon used <strong>Whirlwind</strong>!<br></div><div class="spacer battle-history"><br></div><div class="battle-history"><strong>Tyranitar</strong> was dragged out!<br></div><div class="battle-history"><small>Pointed stones dug into Tyranitar!</small><br></div><div class="spacer battle-history"><br></div><div class="battle-history"><small>The sandstorm is raging.</small><br></div><div class="battle-history"><small>The opposing Hippowdon restored a little HP using its Leftovers!</small><br></div><div class="battle-history"><small>Tyranitar was hurt by poison!</small><br></div><div class="spacer battle-history"><br></div><h2 class="battle-history">Turn 37</h2><div class="spacer battle-history"><br></div><div class="battle-history">LoD Fullkawaii withdrew Hippowdon!<br></div><div class="battle-history">LoD Fullkawaii sent out <strong>Ferrothorn</strong>!<br></div><div class="battle-history"><small>Pointed stones dug into the opposing Ferrothorn!</small><br></div><div class="spacer battle-history"><br></div><div class="battle-history">Tyranitar used <strong>Ice Punch</strong>!<br></div><div class="battle-history"><small>(The opposing Ferrothorn lost <abbr title="−62/352">17.6%</abbr> of its health!)</small><br></div><div class="battle-history"><small>[The opposing Ferrothorn's Iron Barbs]</small><br><small>Tyranitar was hurt!</small><br></div><div class="spacer battle-history"><br></div><div class="battle-history"><small>The sandstorm is raging.</small><br></div><div class="battle-history"><small>The opposing Ferrothorn restored a little HP using its Leftovers!</small><br></div><div class="battle-history"><small>Tyranitar was hurt by poison!</small><br></div><div class="spacer battle-history"><br></div><h2 class="battle-history">Turn 38</h2><div class="spacer battle-history"><br></div><div class="battle-history">Tyranitar, come back!<br></div><div class="battle-history">Go! <strong>Mawile</strong>!<br></div><div class="battle-history"><small>Pointed stones dug into Mawile!</small><br></div><div class="battle-history"><small>[Mawile's Intimidate]</small><br></div><div class="battle-history"><small>The opposing Ferrothorn's Attack fell!</small><br></div><div class="spacer battle-history"><br></div><div class="battle-history">The opposing Ferrothorn used <strong>Leech Seed</strong>!<br></div><div class="battle-history"><small>Mawile was seeded!</small><br></div><div class="spacer battle-history"><br></div><div class="battle-history"><small>The sandstorm subsided.</small><br></div><div class="battle-history"><small>The opposing Ferrothorn restored a little HP using its Leftovers!</small><br></div><div class="battle-history"><small>Mawile's health is sapped by Leech Seed!</small><br></div><div class="spacer battle-history"><br></div><h2 class="battle-history">Turn 39</h2><div class="spacer battle-history"><br></div><div class="battle-history">LoD Fullkawaii withdrew Ferrothorn!<br></div><div class="battle-history">LoD Fullkawaii sent out <strong>Hippowdon</strong>!<br></div><div class="battle-history"><small>Pointed stones dug into the opposing Hippowdon!</small><br></div><div class="battle-history"><small>[The opposing Hippowdon's Sand Stream]</small><br><small>A sandstorm kicked up!</small><br></div><div class="spacer battle-history"><br></div><div class="battle-history"><small>Mawile's Mawilite is reacting to the Key Stone!</small><br>Mawile has Mega Evolved into Mega Mawile!<br></div><div class="spacer battle-history"><br></div><div class="battle-history">Mawile used <strong>Swords Dance</strong>!<br></div><div class="battle-history"><small>Mawile's Attack rose sharply!</small><br></div><div class="spacer battle-history"><br></div><div class="battle-history"><small>The sandstorm is raging.</small><br></div><div class="battle-history"><small>The opposing Hippowdon restored a little HP using its Leftovers!</small><br></div><div class="battle-history"><small>Mawile's health is sapped by Leech Seed!</small><br></div><div class="spacer battle-history"><br></div><h2 class="battle-history">Turn 40</h2><div class="spacer battle-history"><br></div><div class="battle-history">Mawile used <strong>Play Rough</strong>!<br></div><div class="battle-history"><small>(The opposing Hippowdon lost <abbr title="−409/420">97.4%</abbr> of its health!)</small><br></div><div class="spacer battle-history"><br></div><div class="battle-history">The opposing Hippowdon fainted!<br></div><div class="spacer battle-history"><br></div><div class="battle-history"><small>The sandstorm is raging.</small><br></div><div class="spacer battle-history"><br></div><div class="battle-history">LoD Fullkawaii sent out <strong>Excadrill</strong>!<br></div><div class="battle-history"><small>Pointed stones dug into the opposing Excadrill!</small><br></div><div class="spacer battle-history"><br></div><h2 class="battle-history">Turn 41</h2><div class="spacer battle-history"><br></div><div class="battle-history">Mawile, come back!<br></div><div class="battle-history">Go! <strong>Gliscor</strong>!<br></div><div class="battle-history"><small>Pointed stones dug into Gliscor!</small><br></div><div class="spacer battle-history"><br></div><div class="battle-history">The opposing Excadrill used <strong>Earthquake</strong>!<br></div><div class="battle-history"><small>It doesn't affect Gliscor...</small><br></div><div class="spacer battle-history"><br></div><div class="battle-history"><small>The sandstorm is raging.</small><br></div><div class="battle-history"><small>[Gliscor's Poison Heal]</small><br><small>Gliscor restored its HP.</small><br></div><div class="spacer battle-history"><br></div><h2 class="battle-history">Turn 42</h2><div class="spacer battle-history"><br></div><div class="battle-history"><small>The opposing Excadrill surrounded itself with its Z-Power!</small><br></div><div class="spacer battle-history"><br></div><div class="battle-history">The opposing Excadrill used <strong>Corkscrew Crash</strong>!<br></div><div class="battle-history"><small>(Gliscor lost <abbr title="−241/352">68.5%</abbr> of its health!)</small><br></div><div class="spacer battle-history"><br></div><div class="battle-history">Gliscor used <strong>Earthquake</strong>!<br></div><div class="battle-history"><small>It's super effective!</small><br></div><div class="battle-history"><small>(The opposing Excadrill lost <abbr title="−330/361">91.4%</abbr> of its health!)</small><br></div><div class="spacer battle-history"><br></div><div class="battle-history"><small>The sandstorm is raging.</small><br></div><div class="battle-history"><small>[Gliscor's Poison Heal]</small><br><small>Gliscor restored its HP.</small><br></div><div class="spacer battle-history"><br></div><h2 class="battle-history">Turn 43</h2><div class="spacer battle-history"><br></div><div class="battle-history">The opposing Excadrill used <strong>Swords Dance</strong>!<br></div><div class="battle-history"><small>The opposing Excadrill's Attack rose sharply!</small><br></div><div class="spacer battle-history"><br></div><div class="battle-history">Gliscor used <strong>Roost</strong>!<br></div><div class="battle-history"><small>Gliscor restored its HP.</small><br></div><div class="spacer battle-history"><br></div><div class="battle-history"><small>The sandstorm subsided.</small><br></div><div class="battle-history"><small>[Gliscor's Poison Heal]</small><br><small>Gliscor restored its HP.</small><br></div><div class="spacer battle-history"><br></div><h2 class="battle-history">Turn 44</h2><div class="spacer battle-history"><br></div><div class="battle-history">The opposing Excadrill used <strong>Iron Head</strong>!<br></div><div class="battle-history"><small>(Gliscor lost <abbr title="−246/352">69.9%</abbr> of its health!)</small><br></div><div class="spacer battle-history"><br></div><div class="battle-history">Gliscor flinched and couldn't move!<br></div><div class="spacer battle-history"><br></div><div class="battle-history"><small>[Gliscor's Poison Heal]</small><br><small>Gliscor restored its HP.</small><br></div><div class="spacer battle-history"><br></div><h2 class="battle-history">Turn 45</h2><div class="chat chatmessage-lodfullkawaii"><strong style="color:hsl(216,68%,47.30039189448961%)"><small>☆</small><span class="username" data-name="LoD Fullkawaii">LoD Fullkawaii</span>:</strong> <em>srry lol</em></div><div class="chat chatmessage-lodnaskourge"><strong style="color:hsl(341,80%,41%)"><small> </small><span class="username" data-name="LoD Naskourge">LoD Naskourge</span>:</strong> <em>oh</em></div><div class="spacer battle-history"><br></div><div class="battle-history">Gliscor, come back!<br></div><div class="battle-history">Go! Tornadus (<strong>Tornadus-Therian</strong>)!<br></div><div class="battle-history"><small>Pointed stones dug into Tornadus!</small><br></div><div class="spacer battle-history"><br></div><div class="battle-history">The opposing Excadrill used <strong>Iron Head</strong>!<br></div><div class="battle-history"><small>(Tornadus lost <abbr title="−144/357">40.3%</abbr> of its health!)</small><br></div><div class="battle-history"><small>The opposing Excadrill was hurt by the Rocky Helmet!</small><br></div><div class="spacer battle-history"><br></div><div class="battle-history">Tornadus fainted!<br></div><div class="battle-history">The opposing Excadrill fainted!<br></div><div class="spacer battle-history"><br></div><div class="battle-history">Go! Mawile (<strong>Mawile-Mega</strong>)!<br></div><div class="spacer battle-history"><br></div><div class="battle-history">LoD Fullkawaii sent out <strong>Ferrothorn</strong>!<br></div><div class="battle-history"><small>Pointed stones dug into Mawile!</small><br></div><div class="battle-history"><small>Pointed stones dug into the opposing Ferrothorn!</small><br></div><div class="spacer battle-history"><br></div><h2 class="battle-history">Turn 46</h2><div class="spacer battle-history"><br></div><div class="battle-history">Mawile used <strong>Knock Off</strong>!<br></div><div class="battle-history"><small>(The opposing Ferrothorn lost <abbr title="−172/352">48.9%</abbr> of its health!)</small><br></div><div class="battle-history"><small>[The opposing Ferrothorn's Iron Barbs]</small><br><small>Mawile was hurt!</small><br></div><div class="battle-history"><small>Mawile knocked off the opposing Ferrothorn's Leftovers!</small><br></div><div class="spacer battle-history"><br></div><div class="battle-history">The opposing Ferrothorn used <strong>Leech Seed</strong>!<br></div><div class="battle-history"><small>Mawile was seeded!</small><br></div><div class="spacer battle-history"><br></div><div class="battle-history"><small>Mawile's health is sapped by Leech Seed!</small><br></div><div class="spacer battle-history"><br></div><h2 class="battle-history">Turn 47</h2><div class="spacer battle-history"><br></div><div class="battle-history">Mawile used <strong>Swords Dance</strong>!<br></div><div class="battle-history"><small>Mawile's Attack rose sharply!</small><br></div><div class="spacer battle-history"><br></div><div class="battle-history">The opposing Ferrothorn used <strong>Gyro Ball</strong>!<br></div><div class="battle-history"><small>(Mawile lost <abbr title="−96/281">34.2%</abbr> of its health!)</small><br></div><div class="spacer battle-history"><br></div><div class="battle-history"><small>Mawile's health is sapped by Leech Seed!</small><br></div><div class="spacer battle-history"><br></div><div class="battle-history">Mawile fainted!<br></div><div class="spacer battle-history"><br></div><div class="battle-history">Go! <strong>Gliscor</strong>!<br></div><div class="battle-history"><small>Pointed stones dug into Gliscor!</small><br></div><div class="spacer battle-history"><br></div><h2 class="battle-history">Turn 48</h2><div class="spacer battle-history"><br></div><div class="battle-history">Gliscor used <strong>Roost</strong>!<br></div><div class="battle-history"><small>Gliscor restored its HP.</small><br></div><div class="spacer battle-history"><br></div><div class="battle-history">The opposing Ferrothorn used <strong>Leech Seed</strong>!<br></div><div class="battle-history"><small>Gliscor was seeded!</small><br></div><div class="spacer battle-history"><br></div><div class="battle-history"><small>Gliscor's health is sapped by Leech Seed!</small><br></div><div class="battle-history"><small>[Gliscor's Poison Heal]</small><br><small>Gliscor restored its HP.</small><br></div><div class="spacer battle-history"><br></div><h2 class="battle-history">Turn 49</h2><div class="spacer battle-history"><br></div><div class="battle-history">Gliscor used <strong>Swords Dance</strong>!<br></div><div class="battle-history"><small>Gliscor's Attack rose sharply!</small><br></div><div class="spacer battle-history"><br></div><div class="battle-history">The opposing Ferrothorn used <strong>Gyro Ball</strong>!<br></div><div class="battle-history"><small>(Gliscor lost <abbr title="−133/352">37.8%</abbr> of its health!)</small><br></div><div class="spacer battle-history"><br></div><div class="battle-history"><small>Gliscor's health is sapped by Leech Seed!</small><br></div><div class="battle-history"><small>[Gliscor's Poison Heal]</small><br><small>Gliscor restored its HP.</small><br></div><div class="spacer battle-history"><br></div><h2 class="battle-history">Turn 50</h2><div class="spacer battle-history"><br></div><div class="battle-history">Gliscor used <strong>Roost</strong>!<br></div><div class="battle-history"><small>Gliscor restored its HP.</small><br></div><div class="spacer battle-history"><br></div><div class="battle-history">The opposing Ferrothorn used <strong>Power Whip</strong>!<br></div><div class="battle-history"><small>It's super effective!</small><br></div><div class="battle-history"><small>(Gliscor lost <abbr title="−216/352">61.4%</abbr> of its health!)</small><br></div><div class="spacer battle-history"><br></div><div class="battle-history"><small>Gliscor's health is sapped by Leech Seed!</small><br></div><div class="battle-history"><small>[Gliscor's Poison Heal]</small><br><small>Gliscor restored its HP.</small><br></div><div class="spacer battle-history"><br></div><h2 class="battle-history">Turn 51</h2><div class="spacer battle-history"><br></div><div class="battle-history">Gliscor used <strong>Roost</strong>!<br></div><div class="battle-history"><small>Gliscor restored its HP.</small><br></div><div class="spacer battle-history"><br></div><div class="battle-history">The opposing Ferrothorn used <strong>Power Whip</strong>!<br></div><div class="battle-history"><small>Gliscor avoided the attack!</small><br></div><div class="spacer battle-history"><br></div><div class="battle-history"><small>Gliscor's health is sapped by Leech Seed!</small><br></div><div class="battle-history"><small>[Gliscor's Poison Heal]</small><br><small>Gliscor restored its HP.</small><br></div><div class="spacer battle-history"><br></div><h2 class="battle-history">Turn 52</h2><div class="spacer battle-history"><br></div><div class="battle-history">Gliscor used <strong>Earthquake</strong>!<br></div><div class="battle-history"><small>(The opposing Ferrothorn lost <abbr title="−175/352">49.7%</abbr> of its health!)</small><br></div><div class="spacer battle-history"><br></div><div class="battle-history">The opposing Ferrothorn used <strong>Power Whip</strong>!<br></div><div class="battle-history"><small>(Gliscor lost <abbr title="−109/352">31.0%</abbr> of its health!)</small><br></div><div class="spacer battle-history"><br></div><div class="battle-history"><small>Gliscor's health is sapped by Leech Seed!</small><br></div><div class="battle-history"><small>[Gliscor's Poison Heal]</small><br><small>Gliscor restored its HP.</small><br></div><div class="spacer battle-history"><br></div><h2 class="battle-history">Turn 53</h2><div class="spacer battle-history"><br></div><div class="battle-history">Gliscor used <strong>Roost</strong>!<br></div><div class="battle-history"><small>Gliscor restored its HP.</small><br></div><div class="spacer battle-history"><br></div><div class="battle-history">The opposing Ferrothorn used <strong>Power Whip</strong>!<br></div><div class="battle-history"><small>It's super effective!</small><br></div><div class="battle-history"><small>(Gliscor lost <abbr title="−224/352">63.6%</abbr> of its health!)</small><br></div><div class="spacer battle-history"><br></div><div class="battle-history"><small>Gliscor's health is sapped by Leech Seed!</small><br></div><div class="battle-history"><small>[Gliscor's Poison Heal]</small><br><small>Gliscor restored its HP.</small><br></div><div class="spacer battle-history"><br></div><h2 class="battle-history">Turn 54</h2><div class="spacer battle-history"><br></div><div class="battle-history">Gliscor used <strong>Roost</strong>!<br></div><div class="battle-history"><small>Gliscor restored its HP.</small><br></div><div class="spacer battle-history"><br></div><div class="battle-history">The opposing Ferrothorn used <strong>Power Whip</strong>!<br></div><div class="battle-history"><small>Gliscor avoided the attack!</small><br></div><div class="spacer battle-history"><br></div><div class="battle-history"><small>Gliscor's health is sapped by Leech Seed!</small><br></div><div class="battle-history"><small>[Gliscor's Poison Heal]</small><br><small>Gliscor restored its HP.</small><br></div><div class="spacer battle-history"><br></div><h2 class="battle-history">Turn 55</h2><div class="spacer battle-history"><br></div><div class="battle-history">The opposing Ferrothorn used <strong>Protect</strong>!<br></div><div class="battle-history"><small>The opposing Ferrothorn protected itself!</small><br></div><div class="spacer battle-history"><br></div><div class="battle-history">Gliscor used <strong>Swords Dance</strong>!<br></div><div class="battle-history"><small>Gliscor's Attack rose sharply!</small><br></div><div class="spacer battle-history"><br></div><div class="battle-history"><small>Gliscor's health is sapped by Leech Seed!</small><br></div><div class="battle-history"><small>[Gliscor's Poison Heal]</small><br><small>Gliscor restored its HP.</small><br></div><div class="spacer battle-history"><br></div><h2 class="battle-history">Turn 56</h2><div class="spacer battle-history"><br></div><div class="battle-history">Gliscor used <strong>Earthquake</strong>!<br></div><div class="battle-history"><small>(The opposing Ferrothorn lost <abbr title="−246/352">69.9%</abbr> of its health!)</small><br></div><div class="spacer battle-history"><br></div><div class="battle-history">The opposing Ferrothorn used <strong>Gyro Ball</strong>!<br></div><div class="battle-history"><small>(Gliscor lost <abbr title="−132/352">37.5%</abbr> of its health!)</small><br></div><div class="spacer battle-history"><br></div><div class="battle-history"><small>Gliscor's health is sapped by Leech Seed!</small><br></div><div class="battle-history"><small>[Gliscor's Poison Heal]</small><br><small>Gliscor restored its HP.</small><br></div><div class="spacer battle-history"><br></div><h2 class="battle-history">Turn 57</h2><div class="spacer battle-history"><br></div><div class="battle-history">Gliscor used <strong>Roost</strong>!<br></div><div class="battle-history"><small>Gliscor restored its HP.</small><br></div><div class="spacer battle-history"><br></div><div class="battle-history">The opposing Ferrothorn used <strong>Power Whip</strong>!<br></div><div class="battle-history"><small>Gliscor avoided the attack!</small><br></div><div class="spacer battle-history"><br></div><div class="battle-history"><small>Gliscor's health is sapped by Leech Seed!</small><br></div><div class="battle-history"><small>[Gliscor's Poison Heal]</small><br><small>Gliscor restored its HP.</small><br></div><div class="spacer battle-history"><br></div><h2 class="battle-history">Turn 58</h2><div class="spacer battle-history"><br></div><div class="battle-history">Gliscor used <strong>Earthquake</strong>!<br></div><div class="battle-history"><small>(The opposing Ferrothorn lost <abbr title="−194/352">55.1%</abbr> of its health!)</small><br></div><div class="spacer battle-history"><br></div><div class="battle-history">The opposing Ferrothorn fainted!<br></div><div class="spacer battle-history"><br></div><div class="battle-history"><small>[Gliscor's Poison Heal]</small><br><small>Gliscor restored its HP.</small><br></div><div class="spacer battle-history"><br></div><div class="battle-history">LoD Fullkawaii sent out <strong>Alakazam</strong>!<br></div><div class="spacer battle-history"><br></div><h2 class="battle-history">Turn 59</h2><div class="spacer battle-history"><br></div><div class="battle-history"><small>The opposing Alakazam's Alakazite is reacting to the Key Stone!</small><br>The opposing Alakazam has Mega Evolved into Mega Alakazam!<br></div><div class="battle-history"><small>[The opposing Alakazam's Trace]</small><br><small>[The opposing Alakazam's Poison Heal]</small><br><small>The opposing Alakazam traced Gliscor's Poison Heal!</small><br></div><div class="spacer battle-history"><br></div><div class="battle-history">The opposing Alakazam used <strong>Psyshock</strong>!<br></div><div class="battle-history"><small>(Gliscor lost <abbr title="−136/352">38.6%</abbr> of its health!)</small><br></div><div class="spacer battle-history"><br></div><div class="battle-history">Gliscor used <strong>Earthquake</strong>!<br></div><div class="battle-history"><small>(The opposing Alakazam lost <abbr title="−251/251">100%</abbr> of its health!)</small><br></div><div class="spacer battle-history"><br></div><div class="battle-history">The opposing Alakazam fainted!<br></div><div class="spacer battle-history"><br></div><div class="battle-history"><small>[Gliscor's Poison Heal]</small><br><small>Gliscor restored its HP.</small><br></div><div class="spacer battle-history"><br></div><div class="battle-history">LoD Fullkawaii sent out <strong>Tapu Lele</strong>!<br></div><div class="battle-history"><small>Pointed stones dug into the opposing Tapu Lele!</small><br></div><div class="spacer battle-history"><br></div><div class="battle-history">The opposing Tapu Lele fainted!<br></div><div class="spacer battle-history"><br></div><div class="battle-history">LoD Fullkawaii sent out <strong>Toxapex</strong>!<br></div><div class="battle-history"><small>Pointed stones dug into the opposing Toxapex!</small><br></div><div class="spacer battle-history"><br></div><h2 class="battle-history">Turn 60</h2><div class="chat chatmessage-lodtacolugia"><strong style="color:hsl(46,50%,45.39014087948444%)"><small>☆</small><span class="username" data-name="LoD TacoLugia">LoD TacoLugia</span>:</strong> <em>ahh</em></div><div class="chat chatmessage-lodtacolugia"><strong style="color:hsl(46,50%,45.39014087948444%)"><small>☆</small><span class="username" data-name="LoD TacoLugia">LoD TacoLugia</span>:</strong> <em>nice no hp ice</em></div><div class="chat chatmessage-lodfullkawaii"><strong style="color:hsl(216,68%,47.30039189448961%)"><small>☆</small><span class="username" data-name="LoD Fullkawaii">LoD Fullkawaii</span>:</strong> <em>yeah xd</em></div><div class="chat chatmessage-lodfullkawaii"><strong style="color:hsl(216,68%,47.30039189448961%)"><small>☆</small><span class="username" data-name="LoD Fullkawaii">LoD Fullkawaii</span>:</strong> <em>gg</em></div><div class="spacer battle-history"><br></div><div class="battle-history">Gliscor used <strong>Earthquake</strong>!<br></div><div class="battle-history"><small>It's super effective!</small><br></div><div class="battle-history"><small>(The opposing Toxapex lost <abbr title="−248/303">81.8%</abbr> of its health!)</small><br></div><div class="spacer battle-history"><br></div><div class="battle-history">The opposing Toxapex fainted!<br></div><div class="spacer battle-history"><br></div><div class="battle-history"><strong>LoD TacoLugia</strong> won the battle!<br></div><div class="chat chatmessage-lodtacolugia"><strong style="color:hsl(46,50%,45.39014087948444%)"><small>☆</small><span class="username" data-name="LoD TacoLugia">LoD TacoLugia</span>:</strong> <em>gg</em></div></div><div class="inner-preempt"></div></div></div>
</div>
<script>
let daily = Math.floor(Date.now()/1000/60/60/24);document.write('<script src="https://play.pokemonshowdown.com/js/replay-embed.js?version'+daily+'"></'+'script>');
</script>
