<!DOCTYPE html>
<meta charset="utf-8" />
<!-- version 1 -->
<title>OU replay: DarkViRuz vs. ✘Nazgrel!~♡</title>
<style>
html,body {font-family:Verdana, sans-serif;font-size:10pt;margin:0;padding:0;}body{padding:12px 0;} .battle-log {font-family:Verdana, sans-serif;font-size:10pt;} .battle-log-inline {border:1px solid #AAAAAA;background:#EEF2F5;color:black;max-width:640px;margin:0 auto 80px;padding-bottom:5px;} .battle-log .inner {padding:4px 8px 0px 8px;} .battle-log .inner-preempt {padding:0 8px 4px 8px;} .battle-log .inner-after {margin-top:0.5em;} .battle-log h2 {margin:0.5em -8px;padding:4px 8px;border:1px solid #AAAAAA;background:#E0E7EA;border-left:0;border-right:0;font-family:Verdana, sans-serif;font-size:13pt;} .battle-log .chat {vertical-align:middle;padding:3px 0 3px 0;font-size:8pt;} .battle-log .chat strong {color:#40576A;} .battle-log .chat em {padding:1px 4px 1px 3px;color:#000000;font-style:normal;} .chat.mine {background:rgba(0,0,0,0.05);margin-left:-8px;margin-right:-8px;padding-left:8px;padding-right:8px;} .spoiler {color:#BBBBBB;background:#BBBBBB;padding:0px 3px;} .spoiler:hover, .spoiler:active, .spoiler-shown {color:#000000;background:#E2E2E2;padding:0px 3px;} .spoiler a {color:#BBBBBB;} .spoiler:hover a, .spoiler:active a, .spoiler-shown a {color:#2288CC;} .chat code, .chat .spoiler:hover code, .chat .spoiler:active code, .chat .spoiler-shown code {border:1px solid #C0C0C0;background:#EEEEEE;color:black;padding:0 2px;} .chat .spoiler code {border:1px solid #CCCCCC;background:#CCCCCC;color:#CCCCCC;} .battle-log .rated {padding:3px 4px;} .battle-log .rated strong {color:white;background:#89A;padding:1px 4px;border-radius:4px;} .spacer {margin-top:0.5em;} .message-announce {background:#6688AA;color:white;padding:1px 4px 2px;} .message-announce a, .broadcast-green a, .broadcast-blue a, .broadcast-red a {color:#DDEEFF;} .broadcast-green {background-color:#559955;color:white;padding:2px 4px;} .broadcast-blue {background-color:#6688AA;color:white;padding:2px 4px;} .infobox {border:1px solid #6688AA;padding:2px 4px;} .infobox-limited {max-height:200px;overflow:auto;overflow-x:hidden;} .broadcast-red {background-color:#AA5544;color:white;padding:2px 4px;} .message-learn-canlearn {font-weight:bold;color:#228822;text-decoration:underline;} .message-learn-cannotlearn {font-weight:bold;color:#CC2222;text-decoration:underline;} .message-effect-weak {font-weight:bold;color:#CC2222;} .message-effect-resist {font-weight:bold;color:#6688AA;} .message-effect-immune {font-weight:bold;color:#666666;} .message-learn-list {margin-top:0;margin-bottom:0;} .message-throttle-notice, .message-error {color:#992222;} .message-overflow, .chat small.message-overflow {font-size:0pt;} .message-overflow::before {font-size:9pt;content:'...';} .subtle {color:#3A4A66;}
</style>
<div class="wrapper replay-wrapper" style="max-width:1180px;margin:0 auto">
<input type="hidden" name="replayid" value="destiny-ou-480513" />
<div class="battle"></div><div class="battle-log"></div><div class="replay-controls"></div><div class="replay-controls-2"></div>
<h1 style="font-weight:normal;text-align:center"><strong>OU</strong><br /><a href="http://pokemonshowdown.com/users/darkviruz" class="subtle" target="_blank">DarkViRuz</a> vs. <a href="http://pokemonshowdown.com/users/nazgrel" class="subtle" target="_blank">✘Nazgrel!~♡</a></h1>
<script type="text/plain" class="battle-log-data">|unlink|||tour
|player|p1|DarkViRuz|darkviruz-7.gif?bd81fc2a
|teamsize|p1|6
|player|p2|✘Nazgrel!~♡|nazgrel-13.gif?c87cab84
|teamsize|p2|6
|teamsize|p1|6
|teamsize|p2|6
|gametype|singles
|gen|7
|tier|OU
|seed|52435,103,41067,21463
|rule|Cláusula-Mod de Dormir: solo puedes dormir a uno de tus oponentes a la vez.
|rule|Cláusula de Especie: Hasta un Pokémon de cada especie
|rule|Cláusula de Golpe Fulminante: los movimientos fulminantes (OHKO) estan prohibidos
|rule|Cláusula de Veleta: la habilidad Veleta está prohibida
|rule|Cláusula de Movimientos Evasivos: los movimientos de Evasión están prohibidos.
|rule|Cláusula de Batallas Eternas: forzar batallas eternas está prohibido
|clearpoke
|poke|p1|Heracross, M|item
|poke|p1|Zygarde|item
|poke|p1|Jirachi|item
|poke|p1|Zapdos|item
|poke|p1|Keldeo|item
|poke|p1|Tapu Bulu|item
|poke|p2|Latias, F|item
|poke|p2|Excadrill, M|item
|poke|p2|Greninja, M|item
|poke|p2|Clefable, F|item
|poke|p2|Zeraora|item
|poke|p2|Ninetales-Alola, F|item
|teampreview|undefined
|c|☆DarkViRuz|gl
|c|☆✘Nazgrel!~♡|u2
|choice|*|*team 523416
|choice|*team 321456|*
|choice|team 3, 2, 1, 4, 5, 6|team 5, 2, 3, 4, 1, 6
|
|start
|switch|p1a: Jirachi|Jirachi|404\/404
|switch|p2a: Zeraora|Zeraora|317\/317
|turn|1
|choice|*move 2|*
|choice|*|*move 1
|choice|move stealthrock|move fakeout
|
|move|p2a: Zeraora|Fake Out|p1a: Jirachi
|-resisted|p1a: Jirachi
|-damage|p1a: Jirachi|377\/404
|-damage|p2a: Zeraora|286\/317|[from] item: Life Orb
|cant|p1a: Jirachi|flinch
|
|-heal|p1a: Jirachi|402\/404|[from] item: Leftovers
|upkeep
|turn|2
|choice|*|*move 3
|choice|*move 2|*
|choice|move stealthrock|move firepunch
|
|move|p2a: Zeraora|Fire Punch|p1a: Jirachi
|-supereffective|p1a: Jirachi
|-damage|p1a: Jirachi|207\/404
|-damage|p2a: Zeraora|255\/317|[from] item: Life Orb
|move|p1a: Jirachi|Stealth Rock|p2a: Zeraora
|-sidestart|p2: ✘Nazgrel!~♡|move: Stealth Rock
|
|-heal|p1a: Jirachi|232\/404|[from] item: Leftovers
|upkeep
|turn|3
|choice|*|*move 4
|choice|*move 4|*
|choice|move wish|move closecombat
|
|move|p2a: Zeraora|Close Combat|p1a: Jirachi
|-damage|p1a: Jirachi|60\/404
|-unboost|p2a: Zeraora|def|1
|-unboost|p2a: Zeraora|spd|1
|-damage|p2a: Zeraora|224\/317|[from] item: Life Orb
|move|p1a: Jirachi|Wish|p1a: Jirachi
|
|-heal|p1a: Jirachi|85\/404|[from] item: Leftovers
|upkeep
|turn|4
|choice|*move 3|*
|choice|*|*move 3
|choice|move protect|move firepunch
|
|move|p1a: Jirachi|Protect|p1a: Jirachi
|-singleturn|p1a: Jirachi|Protect
|move|p2a: Zeraora|Fire Punch|p1a: Jirachi
|-activate|p1a: Jirachi|move: Protect
|
|-heal|p1a: Jirachi|287\/404|[from] move: Wish|[wisher] Jirachi
|-heal|p1a: Jirachi|312\/404|[from] item: Leftovers
|upkeep
|turn|5
|choice|*|*switch 5
|choice|*switch 5|*
|choice|switch 5|switch 5
|
|switch|p2a: Latias|Latias, F|301\/301
|-damage|p2a: Latias|264\/301|[from] Stealth Rock
|switch|p1a: Keldeo|Keldeo|323\/323
|
|upkeep
|turn|6
|choice|*|*move 1 mega
|choice|*switch 6|*
|choice|switch 6|move calmmind mega
|
|switch|p1a: Tapu Bulu|Tapu Bulu|281\/281
|-fieldstart|move: Grassy Terrain|[from] ability: Grassy Surge|[of] p1a: Tapu Bulu
|-mega|p2a: Latias|Latias|Latiasite
|detailschange|p2a: Latias|Latias-Mega, F
|move|p2a: Latias|Calm Mind|p2a: Latias
|-boost|p2a: Latias|spa|1
|-boost|p2a: Latias|spd|1
|
|upkeep
|turn|7
|choice|*|*move 1
|choice|*move 4|*
|choice|move woodhammer|move calmmind
|
|move|p2a: Latias|Calm Mind|p2a: Latias
|-boost|p2a: Latias|spa|1
|-boost|p2a: Latias|spd|1
|move|p1a: Tapu Bulu|Wood Hammer|p2a: Latias
|-resisted|p2a: Latias
|-damage|p2a: Latias|53\/301
|-damage|p1a: Tapu Bulu|211\/281|[from] recoil
|
|-heal|p1a: Tapu Bulu|228\/281|[from] Grassy Terrain
|upkeep
|turn|8
|choice|*move 4|*
|choice|*|*move 3
|choice|move woodhammer|move storedpower
|
|move|p2a: Latias|Stored Power|p1a: Tapu Bulu
|-damage|p1a: Tapu Bulu|0 fnt
|faint|p1a: Tapu Bulu
|
|upkeep
|choice|*switch 6|*
|choice|switch 6|
|
|switch|p1a: Keldeo|Keldeo|323\/323
|turn|9
|choice|*move 3|*
|choice|*|*move 4
|choice|move scald|move roost
|
|move|p1a: Keldeo|Scald|p2a: Latias
|-resisted|p2a: Latias
|-damage|p2a: Latias|29\/301
|-status|p2a: Latias|brn
|move|p2a: Latias|Roost|p2a: Latias
|-heal|p2a: Latias|180\/301 brn
|
|-damage|p2a: Latias|162\/301 brn|[from] brn
|upkeep
|turn|10
|choice|*|*move 4
|c|☆DarkViRuz|re sad
|choice|*switch 5|*
|choice|switch 5|move roost
|
|switch|p1a: Jirachi|Jirachi|312\/404
|move|p2a: Latias|Roost|p2a: Latias
|-heal|p2a: Latias|301\/301 brn
|
|-heal|p1a: Jirachi|337\/404|[from] item: Leftovers
|-heal|p1a: Jirachi|362\/404|[from] Grassy Terrain
|-fieldend|move: Grassy Terrain
|-damage|p2a: Latias|283\/301 brn|[from] brn
|upkeep
|turn|11
|c|☆✘Nazgrel!~♡|
|choice|*|*move 1
|choice|*move 1|*
|choice|move ironhead|move calmmind
|
|move|p2a: Latias|Calm Mind|p2a: Latias
|-boost|p2a: Latias|spa|1
|-boost|p2a: Latias|spd|1
|move|p1a: Jirachi|Iron Head|p2a: Latias
|-damage|p2a: Latias|207\/301 brn
|
|-heal|p1a: Jirachi|387\/404|[from] item: Leftovers
|-damage|p2a: Latias|189\/301 brn|[from] brn
|upkeep
|turn|12
|c|☆✘Nazgrel!~♡|Ah latias mega
|choice|*move 1|*
|c|☆✘Nazgrel!~♡|Le gusta tu team
|c|☆✘Nazgrel!~♡|uwu
|choice|*|*move 1
|choice|move ironhead|move calmmind
|
|move|p2a: Latias|Calm Mind|p2a: Latias
|-boost|p2a: Latias|spa|1
|-boost|p2a: Latias|spd|1
|move|p1a: Jirachi|Iron Head|p2a: Latias
|-damage|p2a: Latias|113\/301 brn
|
|-heal|p1a: Jirachi|404\/404|[from] item: Leftovers
|-damage|p2a: Latias|95\/301 brn|[from] brn
|upkeep
|turn|13
|choice|*|*move 4
|c|☆DarkViRuz|a mi no
|c|☆DarkViRuz|>:v
|c|☆✘Nazgrel!~♡|:(
|choice|*move 1|*
|choice|move ironhead|move roost
|
|move|p2a: Latias|Roost|p2a: Latias
|-heal|p2a: Latias|246\/301 brn
|move|p1a: Jirachi|Iron Head|p2a: Latias
|-damage|p2a: Latias|171\/301 brn
|
|-damage|p2a: Latias|153\/301 brn|[from] brn
|upkeep
|turn|14
|c|☆✘Nazgrel!~♡|para estas cosas
|choice|*move 4|*
|c|☆✘Nazgrel!~♡|necesitas a un lord clefable unaware
|choice|*|*move 4
|choice|move wish|move roost
|
|move|p2a: Latias|Roost|p2a: Latias
|-heal|p2a: Latias|301\/301 brn
|move|p1a: Jirachi|Wish|p1a: Jirachi
|
|-damage|p2a: Latias|283\/301 brn|[from] brn
|upkeep
|turn|15
|choice|*|*move 2
|choice|*|*move 1
|choice|*switch 2|*
|choice|switch 2|move calmmind
|
|switch|p1a: Zygarde|Zygarde|357\/357
|-ability|p1a: Zygarde|Aura Break
|move|p2a: Latias|Calm Mind|p2a: Latias
|-boost|p2a: Latias|spa|1
|-boost|p2a: Latias|spd|1
|
|-damage|p2a: Latias|265\/301 brn|[from] brn
|upkeep
|turn|16
|choice|*move 2|*
|choice|*|*move 2
|choice|move dragondance|move surf
|
|move|p2a: Latias|Surf|p1a: Zygarde
|-damage|p1a: Zygarde|0 fnt
|faint|p1a: Zygarde
|
|-damage|p2a: Latias|247\/301 brn|[from] brn
|upkeep
|choice|*switch 3|*
|choice|switch 3|
|
|switch|p1a: Heracross|Heracross, M|363\/363
|turn|17
|choice|*|*move 3
|choice|*move 4 mega|*
|choice|move pinmissile mega|move storedpower
|
|-mega|p1a: Heracross|Heracross|Heracronite
|detailschange|p1a: Heracross|Heracross-Mega, M
|move|p2a: Latias|Stored Power|p1a: Heracross
|-supereffective|p1a: Heracross
|-damage|p1a: Heracross|0 fnt
|faint|p1a: Heracross
|
|-damage|p2a: Latias|229\/301 brn|[from] brn
|upkeep
|choice|*switch 4|*
|choice|switch 4|
|
|switch|p1a: Zapdos|Zapdos|321\/321
|turn|18
|choice|*move 3|*
|choice|*|*move 3
|choice|move hiddenpower|move storedpower
|
|move|p2a: Latias|Stored Power|p1a: Zapdos
|-damage|p1a: Zapdos|0 fnt
|faint|p1a: Zapdos
|
|-damage|p2a: Latias|211\/301 brn|[from] brn
|upkeep
|choice|*switch 2|*
|choice|switch 2|
|
|switch|p1a: Jirachi|Jirachi|404\/404
|turn|19
|choice|*move 4|*
|choice|*|*move 2
|choice|move wish|move surf
|
|move|p2a: Latias|Surf|p1a: Jirachi
|-damage|p1a: Jirachi|23\/404
|move|p1a: Jirachi|Wish|p1a: Jirachi
|
|-heal|p1a: Jirachi|48\/404|[from] item: Leftovers
|-damage|p2a: Latias|193\/301 brn|[from] brn
|upkeep
|turn|20
|choice|*|*move 2
|choice|*move 1|*
|choice|move ironhead|move surf
|
|move|p2a: Latias|Surf|p1a: Jirachi
|-damage|p1a: Jirachi|0 fnt
|faint|p1a: Jirachi
|
|-damage|p2a: Latias|175\/301 brn|[from] brn
|upkeep
|choice|*switch 5|*
|choice|switch 5|
|
|switch|p1a: Keldeo|Keldeo|323\/323
|turn|21
|choice|*|*move 3
|c|☆DarkViRuz|critic
|c|☆DarkViRuz|siono
|c|☆✘Nazgrel!~♡|da igual
|c|☆✘Nazgrel!~♡|xD
|choice|*move 1|*
|choice|move hydropump|move storedpower
|
|move|p1a: Keldeo|Hydro Pump|p2a: Latias
|-resisted|p2a: Latias
|-damage|p2a: Latias|154\/301 brn
|move|p2a: Latias|Stored Power|p1a: Keldeo
|-supereffective|p1a: Keldeo
|-damage|p1a: Keldeo|0 fnt
|faint|p1a: Keldeo
|
|win|✘Nazgrel!~♡
|c|☆DarkViRuz|0
|c|☆DarkViRuz|dat dmg
|c|☆DarkViRuz|xd
</script>
</div>
<div class="battle-log battle-log-inline"><div class="inner"><div class="battle-options"></div><div class="inner"><div class=""><small>Format:</small> <br><strong>OU</strong></div><div class=""><small><em>Cláusula-Mod de Dormir:</em> solo puedes dormir a uno de tus oponentes a la vez.</small></div><div class=""><small><em>Cláusula de Especie:</em> Hasta un Pokémon de cada especie</small></div><div class=""><small><em>Cláusula de Golpe Fulminante:</em> los movimientos fulminantes (OHKO) estan prohibidos</small></div><div class=""><small><em>Cláusula de Veleta:</em> la habilidad Veleta está prohibida</small></div><div class=""><small><em>Cláusula de Movimientos Evasivos:</em> los movimientos de Evasión están prohibidos.</small></div><div class=""><small><em>Cláusula de Batallas Eternas:</em> forzar batallas eternas está prohibido</small></div><div class="chat battle-history"><strong>DarkViRuz's team:</strong> <em style="color:#445566;display:block;">Heracross / Zygarde / Jirachi / Zapdos / Keldeo / Tapu Bulu</em></div><div class="chat battle-history"><strong>✘Nazgrel!~♡'s team:</strong> <em style="color:#445566;display:block;">Latias / Excadrill / Greninja / Clefable / Zeraora / Ninetales-Alola</em></div><div class="chat chatmessage-darkviruz"><strong style="color:hsl(216,75%,49.56149533814376%)"><small>☆</small><span class="username" data-name="DarkViRuz">DarkViRuz</span>:</strong> <em>gl</em></div><div class="chat chatmessage-nazgrel"><strong style="color:hsl(331,73%,47%)"><small>☆</small><span class="username" data-name="✘Nazgrel!~♡">✘Nazgrel!~♡</span>:</strong> <em>u2</em></div><div class="spacer battle-history"><br></div><div class="battle-history">Battle started between DarkViRuz and ✘Nazgrel!~♡!<br></div><div class="spacer battle-history"><br></div><div class="battle-history">Go! <strong>Jirachi</strong>!<br></div><div class="spacer battle-history"><br></div><div class="battle-history">✘Nazgrel!~♡ sent out <strong>Zeraora</strong>!<br></div><div class="spacer battle-history"><br></div><h2 class="battle-history">Turn 1</h2><div class="spacer battle-history"><br></div><div class="battle-history">The opposing Zeraora used <strong>Fake Out</strong>!<br></div><div class="battle-history"><small>It's not very effective...</small><br></div><div class="battle-history"><small>(Jirachi lost <abbr title="−27/404">6.7%</abbr> of its health!)</small><br></div><div class="battle-history"><small>The opposing Zeraora lost some of its HP!</small><br></div><div class="spacer battle-history"><br></div><div class="battle-history">Jirachi flinched and couldn't move!<br></div><div class="spacer battle-history"><br></div><div class="battle-history"><small>Jirachi restored a little HP using its Leftovers!</small><br></div><div class="spacer battle-history"><br></div><h2 class="battle-history">Turn 2</h2><div class="spacer battle-history"><br></div><div class="battle-history">The opposing Zeraora used <strong>Fire Punch</strong>!<br></div><div class="battle-history"><small>It's super effective!</small><br></div><div class="battle-history"><small>(Jirachi lost <abbr title="−195/404">48.3%</abbr> of its health!)</small><br></div><div class="battle-history"><small>The opposing Zeraora lost some of its HP!</small><br></div><div class="spacer battle-history"><br></div><div class="battle-history">Jirachi used <strong>Stealth Rock</strong>!<br></div><div class="battle-history"><small>Pointed stones float in the air around the opposing team!</small><br></div><div class="spacer battle-history"><br></div><div class="battle-history"><small>Jirachi restored a little HP using its Leftovers!</small><br></div><div class="spacer battle-history"><br></div><h2 class="battle-history">Turn 3</h2><div class="spacer battle-history"><br></div><div class="battle-history">The opposing Zeraora used <strong>Close Combat</strong>!<br></div><div class="battle-history"><small>(Jirachi lost <abbr title="−172/404">42.6%</abbr> of its health!)</small><br></div><div class="battle-history"><small>The opposing Zeraora's Defense fell!</small><br></div><div class="battle-history"><small>The opposing Zeraora's Special Defense fell!</small><br></div><div class="battle-history"><small>The opposing Zeraora lost some of its HP!</small><br></div><div class="spacer battle-history"><br></div><div class="battle-history">Jirachi used <strong>Wish</strong>!<br></div><div class="spacer battle-history"><br></div><div class="battle-history"><small>Jirachi restored a little HP using its Leftovers!</small><br></div><div class="spacer battle-history"><br></div><h2 class="battle-history">Turn 4</h2><div class="spacer battle-history"><br></div><div class="battle-history">Jirachi used <strong>Protect</strong>!<br></div><div class="battle-history"><small>Jirachi protected itself!</small><br></div><div class="spacer battle-history"><br></div><div class="battle-history">The opposing Zeraora used <strong>Fire Punch</strong>!<br></div><div class="battle-history"><small>Jirachi protected itself!</small><br></div><div class="spacer battle-history"><br></div><div class="battle-history"><small>Jirachi's wish came true!</small><br></div><div class="battle-history"><small>Jirachi restored a little HP using its Leftovers!</small><br></div><div class="spacer battle-history"><br></div><h2 class="battle-history">Turn 5</h2><div class="spacer battle-history"><br></div><div class="battle-history">✘Nazgrel!~♡ withdrew Zeraora!<br></div><div class="battle-history">✘Nazgrel!~♡ sent out <strong>Latias</strong>!<br></div><div class="battle-history"><small>Pointed stones dug into the opposing Latias!</small><br></div><div class="spacer battle-history"><br></div><div class="battle-history">Jirachi, come back!<br></div><div class="battle-history">Go! <strong>Keldeo</strong>!<br></div><div class="spacer battle-history"><br></div><h2 class="battle-history">Turn 6</h2><div class="spacer battle-history"><br></div><div class="battle-history">Keldeo, come back!<br></div><div class="battle-history">Go! <strong>Tapu Bulu</strong>!<br></div><div class="battle-history"><small>[Tapu Bulu's Grassy Surge]</small><br><small>Grass grew to cover the battlefield!</small><br></div><div class="spacer battle-history"><br></div><div class="battle-history"><small>The opposing Latias's Latiasite is reacting to the Key Stone!</small><br>The opposing Latias has Mega Evolved into Mega Latias!<br></div><div class="spacer battle-history"><br></div><div class="battle-history">The opposing Latias used <strong>Calm Mind</strong>!<br></div><div class="battle-history"><small>The opposing Latias's Special Attack rose!</small><br></div><div class="battle-history"><small>The opposing Latias's Special Defense rose!</small><br></div><div class="spacer battle-history"><br></div><h2 class="battle-history">Turn 7</h2><div class="spacer battle-history"><br></div><div class="battle-history">The opposing Latias used <strong>Calm Mind</strong>!<br></div><div class="battle-history"><small>The opposing Latias's Special Attack rose!</small><br></div><div class="battle-history"><small>The opposing Latias's Special Defense rose!</small><br></div><div class="spacer battle-history"><br></div><div class="battle-history">Tapu Bulu used <strong>Wood Hammer</strong>!<br></div><div class="battle-history"><small>It's not very effective...</small><br></div><div class="battle-history"><small>(The opposing Latias lost <abbr title="−211/301">70.1%</abbr> of its health!)</small><br></div><div class="battle-history"><small>Tapu Bulu is damaged by the recoil!</small><br></div><div class="spacer battle-history"><br></div><div class="battle-history"><small>Tapu Bulu restored HP using its Grassy Terrain!</small><br></div><div class="spacer battle-history"><br></div><h2 class="battle-history">Turn 8</h2><div class="spacer battle-history"><br></div><div class="battle-history">The opposing Latias used <strong>Stored Power</strong>!<br></div><div class="battle-history"><small>(Tapu Bulu lost <abbr title="−228/281">81.1%</abbr> of its health!)</small><br></div><div class="spacer battle-history"><br></div><div class="battle-history">Tapu Bulu fainted!<br></div><div class="spacer battle-history"><br></div><div class="battle-history">Go! <strong>Keldeo</strong>!<br></div><div class="spacer battle-history"><br></div><h2 class="battle-history">Turn 9</h2><div class="spacer battle-history"><br></div><div class="battle-history">Keldeo used <strong>Scald</strong>!<br></div><div class="battle-history"><small>It's not very effective...</small><br></div><div class="battle-history"><small>(The opposing Latias lost <abbr title="−24/301">8.0%</abbr> of its health!)</small><br></div><div class="battle-history"><small>The opposing Latias was burned!</small><br></div><div class="spacer battle-history"><br></div><div class="battle-history">The opposing Latias used <strong>Roost</strong>!<br></div><div class="battle-history"><small>The opposing Latias restored its HP.</small><br></div><div class="spacer battle-history"><br></div><div class="battle-history"><small>The opposing Latias was hurt by its burn!</small><br></div><div class="spacer battle-history"><br></div><h2 class="battle-history">Turn 10</h2><div class="chat chatmessage-darkviruz"><strong style="color:hsl(216,75%,49.56149533814376%)"><small>☆</small><span class="username" data-name="DarkViRuz">DarkViRuz</span>:</strong> <em>re sad</em></div><div class="spacer battle-history"><br></div><div class="battle-history">Keldeo, come back!<br></div><div class="battle-history">Go! <strong>Jirachi</strong>!<br></div><div class="spacer battle-history"><br></div><div class="battle-history">The opposing Latias used <strong>Roost</strong>!<br></div><div class="battle-history"><small>The opposing Latias restored its HP.</small><br></div><div class="spacer battle-history"><br></div><div class="battle-history"><small>Jirachi restored a little HP using its Leftovers!</small><br></div><div class="battle-history"><small>Jirachi restored HP using its Grassy Terrain!</small><br></div><div class="battle-history"><small>The grass disappeared from the battlefield.</small><br></div><div class="battle-history"><small>The opposing Latias was hurt by its burn!</small><br></div><div class="spacer battle-history"><br></div><h2 class="battle-history">Turn 11</h2><div class="chat chatmessage-nazgrel"><strong style="color:hsl(331,73%,47%)"><small>☆</small><span class="username" data-name="✘Nazgrel!~♡">✘Nazgrel!~♡</span>:</strong> <em></em></div><div class="spacer battle-history"><br></div><div class="battle-history">The opposing Latias used <strong>Calm Mind</strong>!<br></div><div class="battle-history"><small>The opposing Latias's Special Attack rose!</small><br></div><div class="battle-history"><small>The opposing Latias's Special Defense rose!</small><br></div><div class="spacer battle-history"><br></div><div class="battle-history">Jirachi used <strong>Iron Head</strong>!<br></div><div class="battle-history"><small>(The opposing Latias lost <abbr title="−76/301">25.2%</abbr> of its health!)</small><br></div><div class="spacer battle-history"><br></div><div class="battle-history"><small>Jirachi restored a little HP using its Leftovers!</small><br></div><div class="battle-history"><small>The opposing Latias was hurt by its burn!</small><br></div><div class="spacer battle-history"><br></div><h2 class="battle-history">Turn 12</h2><div class="chat chatmessage-nazgrel"><strong style="color:hsl(331,73%,47%)"><small>☆</small><span class="username" data-name="✘Nazgrel!~♡">✘Nazgrel!~♡</span>:</strong> <em>Ah latias mega</em></div><div class="chat chatmessage-nazgrel"><strong style="color:hsl(331,73%,47%)"><small>☆</small><span class="username" data-name="✘Nazgrel!~♡">✘Nazgrel!~♡</span>:</strong> <em>Le gusta tu team</em></div><div class="chat chatmessage-nazgrel"><strong style="color:hsl(331,73%,47%)"><small>☆</small><span class="username" data-name="✘Nazgrel!~♡">✘Nazgrel!~♡</span>:</strong> <em>uwu</em></div><div class="spacer battle-history"><br></div><div class="battle-history">The opposing Latias used <strong>Calm Mind</strong>!<br></div><div class="battle-history"><small>The opposing Latias's Special Attack rose!</small><br></div><div class="battle-history"><small>The opposing Latias's Special Defense rose!</small><br></div><div class="spacer battle-history"><br></div><div class="battle-history">Jirachi used <strong>Iron Head</strong>!<br></div><div class="battle-history"><small>(The opposing Latias lost <abbr title="−76/301">25.2%</abbr> of its health!)</small><br></div><div class="spacer battle-history"><br></div><div class="battle-history"><small>Jirachi restored a little HP using its Leftovers!</small><br></div><div class="battle-history"><small>The opposing Latias was hurt by its burn!</small><br></div><div class="spacer battle-history"><br></div><h2 class="battle-history">Turn 13</h2><div class="chat chatmessage-darkviruz"><strong style="color:hsl(216,75%,49.56149533814376%)"><small>☆</small><span class="username" data-name="DarkViRuz">DarkViRuz</span>:</strong> <em>a mi no</em></div><div class="chat chatmessage-darkviruz"><strong style="color:hsl(216,75%,49.56149533814376%)"><small>☆</small><span class="username" data-name="DarkViRuz">DarkViRuz</span>:</strong> <em>&gt;:v</em></div><div class="chat chatmessage-nazgrel"><strong style="color:hsl(331,73%,47%)"><small>☆</small><span class="username" data-name="✘Nazgrel!~♡">✘Nazgrel!~♡</span>:</strong> <em>:(</em></div><div class="spacer battle-history"><br></div><div class="battle-history">The opposing Latias used <strong>Roost</strong>!<br></div><div class="battle-history"><small>The opposing Latias restored its HP.</small><br></div><div class="spacer battle-history"><br></div><div class="battle-history">Jirachi used <strong>Iron Head</strong>!<br></div><div class="battle-history"><small>(The opposing Latias lost <abbr title="−75/301">24.9%</abbr> of its health!)</small><br></div><div class="spacer battle-history"><br></div><div class="battle-history"><small>The opposing Latias was hurt by its burn!</small><br></div><div class="spacer battle-history"><br></div><h2 class="battle-history">Turn 14</h2><div class="chat chatmessage-nazgrel"><strong style="color:hsl(331,73%,47%)"><small>☆</small><span class="username" data-name="✘Nazgrel!~♡">✘Nazgrel!~♡</span>:</strong> <em>para estas cosas</em></div><div class="chat chatmessage-nazgrel"><strong style="color:hsl(331,73%,47%)"><small>☆</small><span class="username" data-name="✘Nazgrel!~♡">✘Nazgrel!~♡</span>:</strong> <em>necesitas a un lord clefable unaware</em></div><div class="spacer battle-history"><br></div><div class="battle-history">The opposing Latias used <strong>Roost</strong>!<br></div><div class="battle-history"><small>The opposing Latias restored its HP.</small><br></div><div class="spacer battle-history"><br></div><div class="battle-history">Jirachi used <strong>Wish</strong>!<br></div><div class="spacer battle-history"><br></div><div class="battle-history"><small>The opposing Latias was hurt by its burn!</small><br></div><div class="spacer battle-history"><br></div><h2 class="battle-history">Turn 15</h2><div class="spacer battle-history"><br></div><div class="battle-history">Jirachi, come back!<br></div><div class="battle-history">Go! <strong>Zygarde</strong>!<br></div><div class="battle-history"><small>[Zygarde's Aura Break]</small><br><small>Zygarde reversed all other Pokémon's auras!</small><br></div><div class="spacer battle-history"><br></div><div class="battle-history">The opposing Latias used <strong>Calm Mind</strong>!<br></div><div class="battle-history"><small>The opposing Latias's Special Attack rose!</small><br></div><div class="battle-history"><small>The opposing Latias's Special Defense rose!</small><br></div><div class="spacer battle-history"><br></div><div class="battle-history"><small>The opposing Latias was hurt by its burn!</small><br></div><div class="spacer battle-history"><br></div><h2 class="battle-history">Turn 16</h2><div class="spacer battle-history"><br></div><div class="battle-history">The opposing Latias used <strong>Surf</strong>!<br></div><div class="battle-history"><small>(Zygarde lost <abbr title="−357/357">100%</abbr> of its health!)</small><br></div><div class="spacer battle-history"><br></div><div class="battle-history">Zygarde fainted!<br></div><div class="spacer battle-history"><br></div><div class="battle-history"><small>The opposing Latias was hurt by its burn!</small><br></div><div class="spacer battle-history"><br></div><div class="battle-history">Go! <strong>Heracross</strong>!<br></div><div class="spacer battle-history"><br></div><h2 class="battle-history">Turn 17</h2><div class="spacer battle-history"><br></div><div class="battle-history"><small>Heracross's Heracronite is reacting to the Key Stone!</small><br>Heracross has Mega Evolved into Mega Heracross!<br></div><div class="spacer battle-history"><br></div><div class="battle-history">The opposing Latias used <strong>Stored Power</strong>!<br></div><div class="battle-history"><small>It's super effective!</small><br></div><div class="battle-history"><small>(Heracross lost <abbr title="−363/363">100%</abbr> of its health!)</small><br></div><div class="spacer battle-history"><br></div><div class="battle-history">Heracross fainted!<br></div><div class="spacer battle-history"><br></div><div class="battle-history"><small>The opposing Latias was hurt by its burn!</small><br></div><div class="spacer battle-history"><br></div><div class="battle-history">Go! <strong>Zapdos</strong>!<br></div><div class="spacer battle-history"><br></div><h2 class="battle-history">Turn 18</h2><div class="spacer battle-history"><br></div><div class="battle-history">The opposing Latias used <strong>Stored Power</strong>!<br></div><div class="battle-history"><small>(Zapdos lost <abbr title="−321/321">100%</abbr> of its health!)</small><br></div><div class="spacer battle-history"><br></div><div class="battle-history">Zapdos fainted!<br></div><div class="spacer battle-history"><br></div><div class="battle-history"><small>The opposing Latias was hurt by its burn!</small><br></div><div class="spacer battle-history"><br></div><div class="battle-history">Go! <strong>Jirachi</strong>!<br></div><div class="spacer battle-history"><br></div><h2 class="battle-history">Turn 19</h2><div class="spacer battle-history"><br></div><div class="battle-history">The opposing Latias used <strong>Surf</strong>!<br></div><div class="battle-history"><small>(Jirachi lost <abbr title="−381/404">94.3%</abbr> of its health!)</small><br></div><div class="spacer battle-history"><br></div><div class="battle-history">Jirachi used <strong>Wish</strong>!<br></div><div class="spacer battle-history"><br></div><div class="battle-history"><small>Jirachi restored a little HP using its Leftovers!</small><br></div><div class="battle-history"><small>The opposing Latias was hurt by its burn!</small><br></div><div class="spacer battle-history"><br></div><h2 class="battle-history">Turn 20</h2><div class="spacer battle-history"><br></div><div class="battle-history">The opposing Latias used <strong>Surf</strong>!<br></div><div class="battle-history"><small>(Jirachi lost <abbr title="−48/404">11.9%</abbr> of its health!)</small><br></div><div class="spacer battle-history"><br></div><div class="battle-history">Jirachi fainted!<br></div><div class="spacer battle-history"><br></div><div class="battle-history"><small>The opposing Latias was hurt by its burn!</small><br></div><div class="spacer battle-history"><br></div><div class="battle-history">Go! <strong>Keldeo</strong>!<br></div><div class="spacer battle-history"><br></div><h2 class="battle-history">Turn 21</h2><div class="chat chatmessage-darkviruz"><strong style="color:hsl(216,75%,49.56149533814376%)"><small>☆</small><span class="username" data-name="DarkViRuz">DarkViRuz</span>:</strong> <em>critic</em></div><div class="chat chatmessage-darkviruz"><strong style="color:hsl(216,75%,49.56149533814376%)"><small>☆</small><span class="username" data-name="DarkViRuz">DarkViRuz</span>:</strong> <em>siono</em></div><div class="chat chatmessage-nazgrel"><strong style="color:hsl(331,73%,47%)"><small>☆</small><span class="username" data-name="✘Nazgrel!~♡">✘Nazgrel!~♡</span>:</strong> <em>da igual</em></div><div class="chat chatmessage-nazgrel"><strong style="color:hsl(331,73%,47%)"><small>☆</small><span class="username" data-name="✘Nazgrel!~♡">✘Nazgrel!~♡</span>:</strong> <em>xD</em></div><div class="spacer battle-history"><br></div><div class="battle-history">Keldeo used <strong>Hydro Pump</strong>!<br></div><div class="battle-history"><small>It's not very effective...</small><br></div><div class="battle-history"><small>(The opposing Latias lost <abbr title="−21/301">7.0%</abbr> of its health!)</small><br></div><div class="spacer battle-history"><br></div><div class="battle-history">The opposing Latias used <strong>Stored Power</strong>!<br></div><div class="battle-history"><small>It's super effective!</small><br></div><div class="battle-history"><small>(Keldeo lost <abbr title="−323/323">100%</abbr> of its health!)</small><br></div><div class="spacer battle-history"><br></div><div class="battle-history">Keldeo fainted!<br></div><div class="spacer battle-history"><br></div><div class="battle-history"><strong>✘Nazgrel!~♡</strong> won the battle!<br></div><div class="chat chatmessage-darkviruz"><strong style="color:hsl(216,75%,49.56149533814376%)"><small>☆</small><span class="username" data-name="DarkViRuz">DarkViRuz</span>:</strong> <em>0</em></div><div class="chat chatmessage-darkviruz"><strong style="color:hsl(216,75%,49.56149533814376%)"><small>☆</small><span class="username" data-name="DarkViRuz">DarkViRuz</span>:</strong> <em>dat dmg</em></div><div class="chat chatmessage-darkviruz"><strong style="color:hsl(216,75%,49.56149533814376%)"><small>☆</small><span class="username" data-name="DarkViRuz">DarkViRuz</span>:</strong> <em>xd</em></div></div><div class="inner-preempt"></div></div></div>
</div>
<script>
let daily = Math.floor(Date.now()/1000/60/60/24);document.write('<script src="https://play.pokemonshowdown.com/js/replay-embed.js?version'+daily+'"></'+'script>');
</script>
