<!DOCTYPE html>
<meta charset="utf-8" />
<!-- version 1 -->
<title>OU replay: TH3_ONE vs. BloodMoonBlue</title>
<style>
html,body {font-family:Verdana, sans-serif;font-size:10pt;margin:0;padding:0;}body{padding:12px 0;} .battle-log {font-family:Verdana, sans-serif;font-size:10pt;} .battle-log-inline {border:1px solid #AAAAAA;background:#EEF2F5;color:black;max-width:640px;margin:0 auto 80px;padding-bottom:5px;} .battle-log .inner {padding:4px 8px 0px 8px;} .battle-log .inner-preempt {padding:0 8px 4px 8px;} .battle-log .inner-after {margin-top:0.5em;} .battle-log h2 {margin:0.5em -8px;padding:4px 8px;border:1px solid #AAAAAA;background:#E0E7EA;border-left:0;border-right:0;font-family:Verdana, sans-serif;font-size:13pt;} .battle-log .chat {vertical-align:middle;padding:3px 0 3px 0;font-size:8pt;} .battle-log .chat strong {color:#40576A;} .battle-log .chat em {padding:1px 4px 1px 3px;color:#000000;font-style:normal;} .chat.mine {background:rgba(0,0,0,0.05);margin-left:-8px;margin-right:-8px;padding-left:8px;padding-right:8px;} .spoiler {color:#BBBBBB;background:#BBBBBB;padding:0px 3px;} .spoiler:hover, .spoiler:active, .spoiler-shown {color:#000000;background:#E2E2E2;padding:0px 3px;} .spoiler a {color:#BBBBBB;} .spoiler:hover a, .spoiler:active a, .spoiler-shown a {color:#2288CC;} .chat code, .chat .spoiler:hover code, .chat .spoiler:active code, .chat .spoiler-shown code {border:1px solid #C0C0C0;background:#EEEEEE;color:black;padding:0 2px;} .chat .spoiler code {border:1px solid #CCCCCC;background:#CCCCCC;color:#CCCCCC;} .battle-log .rated {padding:3px 4px;} .battle-log .rated strong {color:white;background:#89A;padding:1px 4px;border-radius:4px;} .spacer {margin-top:0.5em;} .message-announce {background:#6688AA;color:white;padding:1px 4px 2px;} .message-announce a, .broadcast-green a, .broadcast-blue a, .broadcast-red a {color:#DDEEFF;} .broadcast-green {background-color:#559955;color:white;padding:2px 4px;} .broadcast-blue {background-color:#6688AA;color:white;padding:2px 4px;} .infobox {border:1px solid #6688AA;padding:2px 4px;} .infobox-limited {max-height:200px;overflow:auto;overflow-x:hidden;} .broadcast-red {background-color:#AA5544;color:white;padding:2px 4px;} .message-learn-canlearn {font-weight:bold;color:#228822;text-decoration:underline;} .message-learn-cannotlearn {font-weight:bold;color:#CC2222;text-decoration:underline;} .message-effect-weak {font-weight:bold;color:#CC2222;} .message-effect-resist {font-weight:bold;color:#6688AA;} .message-effect-immune {font-weight:bold;color:#666666;} .message-learn-list {margin-top:0;margin-bottom:0;} .message-throttle-notice, .message-error {color:#992222;} .message-overflow, .chat small.message-overflow {font-size:0pt;} .message-overflow::before {font-size:9pt;content:'...';} .subtle {color:#3A4A66;}
</style>
<div class="wrapper replay-wrapper" style="max-width:1180px;margin:0 auto">
<input type="hidden" name="replayid" value="destiny-ou-432705" />
<div class="battle"></div><div class="battle-log"></div><div class="replay-controls"></div><div class="replay-controls-2"></div>
<h1 style="font-weight:normal;text-align:center"><strong>OU</strong><br /><a href="http://pokemonshowdown.com/users/th3one" class="subtle" target="_blank">TH3_ONE</a> vs. <a href="http://pokemonshowdown.com/users/bloodmoonblue" class="subtle" target="_blank">BloodMoonBlue</a></h1>
<script type="text/plain" class="battle-log-data">|player|p1|TH3_ONE|163
|teamsize|p1|6
|player|p2|BloodMoonBlue|266
|teamsize|p2|6
|teamsize|p1|6
|teamsize|p2|6
|gametype|singles
|gen|7
|tier|OU
|rated
|seed|48095,29756,4797,27323
|rule|Cláusula-Mod de Dormir: solo puedes dormir a uno de tus oponentes a la vez.
|rule|Cláusula de Especie: Hasta un Pokémon de cada especie
|rule|Cláusula de Golpe Fulminante: los movimientos fulminantes (OHKO) estan prohibidos
|rule|Cláusula de Veleta: la habilidad Veleta está prohibida
|rule|Cláusula de Movimientos Evasivos: los movimientos de Evasión están prohibidos.
|rule|Cláusula de Batallas Eternas: forzar batallas eternas está prohibido
|clearpoke
|poke|p1|Typhlosion, F|item
|poke|p1|Mamoswine, M|item
|poke|p1|Gallade, M|item
|poke|p1|Shedinja|item
|poke|p1|Swampert, F|item
|poke|p1|Ninjask, M|item
|poke|p2|Cofagrigus, M|item
|poke|p2|Stakataka|item
|poke|p2|Azumarill, M|item
|poke|p2|Goodra, M|item
|poke|p2|Mawile, F|item
|poke|p2|Crawdaunt, F|item
|teampreview|undefined
|choice|*|*team 123456
|choice|*team 423156|*
|choice|team 4, 2, 3, 1, 5, 6|team 1, 2, 3, 4, 5, 6
|
|start
|switch|p1a: Shedinja|Shedinja|1\/1
|switch|p2a: Cofagrigus|Cofagrigus, M|319\/319
|turn|1
|choice|*move 4|*
|choice|*|*move 3
|choice|move protect|move trickroom
|
|move|p1a: Shedinja|Protect|p1a: Shedinja
|-singleturn|p1a: Shedinja|Protect
|move|p2a: Cofagrigus|Trick Room|p2a: Cofagrigus
|-fieldstart|move: Trick Room|[of] p2a: Cofagrigus
|
|upkeep
|turn|2
|choice|*|*move 2
|choice|*switch 4|*
|choice|switch 4|move willowisp
|
|switch|p1a: Typhlosion|Typhlosion, F|325\/325
|move|p2a: Cofagrigus|Will-O-Wisp|p1a: Typhlosion
|-start|p1a: Typhlosion|ability: Flash Fire
|
|upkeep
|turn|3
|choice|*move 2|*
|choice|*|*move 1
|choice|move flamethrower|move shadowball
|
|move|p2a: Cofagrigus|Shadow Ball|p1a: Typhlosion
|-damage|p1a: Typhlosion|214\/325
|move|p1a: Typhlosion|Flamethrower|p2a: Cofagrigus
|-damage|p2a: Cofagrigus|157\/319
|
|-heal|p1a: Typhlosion|234\/325|[from] item: Leftovers
|upkeep
|turn|4
|choice|*|*move 1
|choice|*move 2|*
|choice|move flamethrower|move shadowball
|
|move|p2a: Cofagrigus|Shadow Ball|p1a: Typhlosion
|-damage|p1a: Typhlosion|122\/325
|move|p1a: Typhlosion|Flamethrower|p2a: Cofagrigus
|-damage|p2a: Cofagrigus|0 fnt
|faint|p2a: Cofagrigus
|
|-heal|p1a: Typhlosion|142\/325|[from] item: Leftovers
|upkeep
|choice|*|*switch 3
|choice||switch 3
|
|switch|p2a: Azumarill|Azumarill, M|403\/403
|turn|5
|choice|*|*move 4 zmove
|choice|*switch 5|*
|choice|switch 5|move bellydrum zmove
|
|-end|p1a: Typhlosion|ability: Flash Fire|[silent]
|switch|p1a: Swampert|Swampert, F|364\/364
|-zpower|p2a: Azumarill
|move|p2a: Azumarill|Z-Belly Drum|p2a: Azumarill|[anim]Belly Drum
|-damage|p2a: Azumarill|202\/403
|-setboost|p2a: Azumarill|atk|6|[from] move: Belly Drum
|
|-fieldend|move: Trick Room
|upkeep
|turn|6
|choice|*|*move 1
|choice|*move 4|*
|choice|move earthquake|move knockoff
|
|move|p1a: Swampert|Earthquake|p2a: Azumarill
|-damage|p2a: Azumarill|9\/403
|move|p2a: Azumarill|Knock Off|p1a: Swampert
|-damage|p1a: Swampert|0 fnt
|-enditem|p1a: Swampert|Muscle Band|[from] move: Knock Off|[of] p2a: Azumarill
|faint|p1a: Swampert
|
|upkeep
|choice|*switch 6|*
|choice|switch 6|
|
|switch|p1a: Ninjask|Ninjask, M|300\/300
|turn|7
|choice|*|*move 2
|choice|*move 2|*
|choice|move swordsdance|move aquajet
|
|move|p2a: Azumarill|Aqua Jet|p1a: Ninjask
|-damage|p1a: Ninjask|0 fnt
|faint|p1a: Ninjask
|
|upkeep
|choice|*switch 4|*
|choice|switch 4|
|
|switch|p1a: Shedinja|Shedinja|1\/1
|turn|8
|choice|*|*move 2
|choice|*move 4|*
|choice|move protect|move aquajet
|
|move|p1a: Shedinja|Protect|p1a: Shedinja
|-singleturn|p1a: Shedinja|Protect
|move|p2a: Azumarill|Aqua Jet|p1a: Shedinja
|-activate|p1a: Shedinja|move: Protect
|
|upkeep
|turn|9
|choice|*|*move 2
|choice|*move 2|*
|choice|move shadowclaw|move aquajet
|
|move|p2a: Azumarill|Aqua Jet|p1a: Shedinja
|-immune|p1a: Shedinja|[msg]|[from] ability: Wonder Guard
|move|p1a: Shedinja|Shadow Claw|p2a: Azumarill
|-damage|p2a: Azumarill|0 fnt
|faint|p2a: Azumarill
|
|upkeep
|choice|*|*switch 2
|choice||switch 2
|
|switch|p2a: Stakataka|Stakataka|326\/326
|turn|10
|choice|*|*move 3
|choice|*switch 3|*
|choice|switch 3|move trickroom
|
|switch|p1a: Gallade|Gallade, M|302\/302
|move|p2a: Stakataka|Trick Room|p2a: Stakataka
|-fieldstart|move: Trick Room|[of] p2a: Stakataka
|
|upkeep
|turn|11
|choice|*move 2 mega|*
|choice|*|*move 1
|choice|move swordsdance mega|move gyroball
|
|-mega|p1a: Gallade|Gallade|Galladite
|detailschange|p1a: Gallade|Gallade-Mega, M
|move|p2a: Stakataka|Gyro Ball|p1a: Gallade
|-damage|p1a: Gallade|61\/302
|move|p1a: Gallade|Swords Dance|p1a: Gallade
|-boost|p1a: Gallade|atk|2
|
|upkeep
|turn|12
|choice|*|*move 1
|inactive|Reloj de batalla ENCENDIDO. El jugador inactivo será descalificado (solicitado por BloodMoonBlue).
|inactive|TH3_ONE tiene 135 segundos restantes.
|inactive|TH3_ONE tiene 120 segundos restantes.
|inactive|TH3_ONE tiene 105 segundos restantes.
|choice|*switch 3|*
|choice|switch 3|move gyroball
|
|switch|p1a: Shedinja|Shedinja|1\/1
|move|p2a: Stakataka|Gyro Ball|p1a: Shedinja
|-immune|p1a: Shedinja|[msg]|[from] ability: Wonder Guard
|
|upkeep
|turn|13
|choice|*|*move 2
|choice|*move 1|*
|choice|move shadowball|move rockblast
|
|move|p2a: Stakataka|Rock Blast|p1a: Shedinja
|-supereffective|p1a: Shedinja
|-enditem|p1a: Shedinja|Focus Sash
|-damage|p1a: Shedinja|1\/1
|-supereffective|p1a: Shedinja
|-damage|p1a: Shedinja|0 fnt
|-hitcount|p1a: Shedinja|2
|faint|p1a: Shedinja
|-ability|p2a: Stakataka|Beast Boost|boost
|-boost|p2a: Stakataka|def|1
|
|upkeep
|choice|*switch 3|*
|choice|switch 3|
|
|switch|p1a: Gallade|Gallade-Mega, M|61\/302
|turn|14
|choice|*move 4|*
|choice|*|*move 1
|choice|move brickbreak|move gyroball
|
|move|p2a: Stakataka|Gyro Ball|p1a: Gallade
|-damage|p1a: Gallade|0 fnt
|faint|p1a: Gallade
|-ability|p2a: Stakataka|Beast Boost|boost
|-boost|p2a: Stakataka|def|1
|
|-fieldend|move: Trick Room
|upkeep
|choice|*switch 2|*
|choice|switch 2|
|
|switch|p1a: Mamoswine|Mamoswine, M|388\/388
|turn|15
|choice|*|*move 1
|choice|*move 1|*
|choice|move earthquake|move gyroball
|
|move|p1a: Mamoswine|Earthquake|p2a: Stakataka
|-supereffective|p2a: Stakataka
|-damage|p2a: Stakataka|142\/326
|move|p2a: Stakataka|Gyro Ball|p1a: Mamoswine
|-supereffective|p1a: Mamoswine
|-damage|p1a: Mamoswine|0 fnt
|faint|p1a: Mamoswine
|-ability|p2a: Stakataka|Beast Boost|boost
|-boost|p2a: Stakataka|def|1
|
|-heal|p2a: Stakataka|162\/326|[from] item: Leftovers
|upkeep
|choice|*switch 5|*
|choice|switch 5|
|
|switch|p1a: Typhlosion|Typhlosion, F|142\/325
|turn|16
|choice|*|*move 2
|choice|*move 1|*
|choice|move eruption|move rockblast
|
|move|p1a: Typhlosion|Eruption|p2a: Stakataka
|-damage|p2a: Stakataka|66\/326
|move|p2a: Stakataka|Rock Blast|p1a: Typhlosion
|-supereffective|p1a: Typhlosion
|-damage|p1a: Typhlosion|38\/325
|-supereffective|p1a: Typhlosion
|-damage|p1a: Typhlosion|0 fnt
|-hitcount|p1a: Typhlosion|2
|faint|p1a: Typhlosion
|
|win|BloodMoonBlue
BloodMoonBlue ha ganado 6.75 PokeDolares.
|raw|Puntaje de TH3_ONE: 1000 &rarr; <strong>1000<\/strong><br \/>(+0 por perder)
|raw|Puntaje de BloodMoonBlue: 1045 &rarr; <strong>1080<\/strong><br \/>(+35 por ganar)
</script>
</div>
<div class="battle-log battle-log-inline"><div class="inner"><div class="battle-options"></div><div class="inner"><div class=""><small>Format:</small> <br><strong>OU</strong></div><div class="rated"><strong>Rated battle</strong></div><div class=""><small><em>Cláusula-Mod de Dormir:</em> solo puedes dormir a uno de tus oponentes a la vez.</small></div><div class=""><small><em>Cláusula de Especie:</em> Hasta un Pokémon de cada especie</small></div><div class=""><small><em>Cláusula de Golpe Fulminante:</em> los movimientos fulminantes (OHKO) estan prohibidos</small></div><div class=""><small><em>Cláusula de Veleta:</em> la habilidad Veleta está prohibida</small></div><div class=""><small><em>Cláusula de Movimientos Evasivos:</em> los movimientos de Evasión están prohibidos.</small></div><div class=""><small><em>Cláusula de Batallas Eternas:</em> forzar batallas eternas está prohibido</small></div><div class="chat battle-history"><strong>TH3_ONE's team:</strong> <em style="color:#445566;display:block;">Typhlosion / Mamoswine / Gallade / Shedinja / Swampert / Ninjask</em></div><div class="chat battle-history"><strong>BloodMoonBlue's team:</strong> <em style="color:#445566;display:block;">Cofagrigus / Stakataka / Azumarill / Goodra / Mawile / Crawdaunt</em></div><div class="spacer battle-history"><br></div><div class="battle-history">Battle started between TH3_ONE and BloodMoonBlue!<br></div><div class="spacer battle-history"><br></div><div class="battle-history">Go! <strong>Shedinja</strong>!<br></div><div class="spacer battle-history"><br></div><div class="battle-history">BloodMoonBlue sent out <strong>Cofagrigus</strong>!<br></div><div class="spacer battle-history"><br></div><h2 class="battle-history">Turn 1</h2><div class="spacer battle-history"><br></div><div class="battle-history">Shedinja used <strong>Protect</strong>!<br></div><div class="battle-history"><small>Shedinja protected itself!</small><br></div><div class="spacer battle-history"><br></div><div class="battle-history">The opposing Cofagrigus used <strong>Trick Room</strong>!<br></div><div class="battle-history"><small>The opposing Cofagrigus twisted the dimensions!</small><br></div><div class="spacer battle-history"><br></div><h2 class="battle-history">Turn 2</h2><div class="spacer battle-history"><br></div><div class="battle-history">Shedinja, come back!<br></div><div class="battle-history">Go! <strong>Typhlosion</strong>!<br></div><div class="spacer battle-history"><br></div><div class="battle-history">The opposing Cofagrigus used <strong>Will-O-Wisp</strong>!<br></div><div class="battle-history"><small>[Typhlosion's Flash Fire]</small><br><small>The power of Typhlosion's Fire-type moves rose!</small><br></div><div class="spacer battle-history"><br></div><h2 class="battle-history">Turn 3</h2><div class="spacer battle-history"><br></div><div class="battle-history">The opposing Cofagrigus used <strong>Shadow Ball</strong>!<br></div><div class="battle-history"><small>(Typhlosion lost <abbr title="−111/325">34.2%</abbr> of its health!)</small><br></div><div class="spacer battle-history"><br></div><div class="battle-history">Typhlosion used <strong>Flamethrower</strong>!<br></div><div class="battle-history"><small>(The opposing Cofagrigus lost <abbr title="−162/319">50.8%</abbr> of its health!)</small><br></div><div class="spacer battle-history"><br></div><div class="battle-history"><small>Typhlosion restored a little HP using its Leftovers!</small><br></div><div class="spacer battle-history"><br></div><h2 class="battle-history">Turn 4</h2><div class="spacer battle-history"><br></div><div class="battle-history">The opposing Cofagrigus used <strong>Shadow Ball</strong>!<br></div><div class="battle-history"><small>(Typhlosion lost <abbr title="−112/325">34.5%</abbr> of its health!)</small><br></div><div class="spacer battle-history"><br></div><div class="battle-history">Typhlosion used <strong>Flamethrower</strong>!<br></div><div class="battle-history"><small>(The opposing Cofagrigus lost <abbr title="−157/319">49.2%</abbr> of its health!)</small><br></div><div class="spacer battle-history"><br></div><div class="battle-history">The opposing Cofagrigus fainted!<br></div><div class="spacer battle-history"><br></div><div class="battle-history"><small>Typhlosion restored a little HP using its Leftovers!</small><br></div><div class="spacer battle-history"><br></div><div class="battle-history">BloodMoonBlue sent out <strong>Azumarill</strong>!<br></div><div class="spacer battle-history"><br></div><h2 class="battle-history">Turn 5</h2><div class="spacer battle-history"><br></div><div class="battle-history">Typhlosion, come back!<br></div><div class="battle-history">Go! <strong>Swampert</strong>!<br></div><div class="battle-history"><small>The opposing Azumarill surrounded itself with its Z-Power!</small><br></div><div class="spacer battle-history"><br></div><div class="battle-history">The opposing Azumarill used <strong>Z-Belly Drum</strong>!<br></div><div class="battle-history"><small>(The opposing Azumarill lost <abbr title="−201/403">49.9%</abbr> of its health!)</small><br></div><div class="battle-history"><small>The opposing Azumarill cut its own HP and maximized its Attack!</small><br></div><div class="spacer battle-history"><br></div><div class="battle-history"><small>The twisted dimensions returned to normal!</small><br></div><div class="spacer battle-history"><br></div><h2 class="battle-history">Turn 6</h2><div class="spacer battle-history"><br></div><div class="battle-history">Swampert used <strong>Earthquake</strong>!<br></div><div class="battle-history"><small>(The opposing Azumarill lost <abbr title="−193/403">47.9%</abbr> of its health!)</small><br></div><div class="spacer battle-history"><br></div><div class="battle-history">The opposing Azumarill used <strong>Knock Off</strong>!<br></div><div class="battle-history"><small>(Swampert lost <abbr title="−364/364">100%</abbr> of its health!)</small><br></div><div class="battle-history"><small>The opposing Azumarill knocked off Swampert's Muscle Band!</small><br></div><div class="spacer battle-history"><br></div><div class="battle-history">Swampert fainted!<br></div><div class="spacer battle-history"><br></div><div class="battle-history">Go! <strong>Ninjask</strong>!<br></div><div class="spacer battle-history"><br></div><h2 class="battle-history">Turn 7</h2><div class="spacer battle-history"><br></div><div class="battle-history">The opposing Azumarill used <strong>Aqua Jet</strong>!<br></div><div class="battle-history"><small>(Ninjask lost <abbr title="−300/300">100%</abbr> of its health!)</small><br></div><div class="spacer battle-history"><br></div><div class="battle-history">Ninjask fainted!<br></div><div class="spacer battle-history"><br></div><div class="battle-history">Go! <strong>Shedinja</strong>!<br></div><div class="spacer battle-history"><br></div><h2 class="battle-history">Turn 8</h2><div class="spacer battle-history"><br></div><div class="battle-history">Shedinja used <strong>Protect</strong>!<br></div><div class="battle-history"><small>Shedinja protected itself!</small><br></div><div class="spacer battle-history"><br></div><div class="battle-history">The opposing Azumarill used <strong>Aqua Jet</strong>!<br></div><div class="battle-history"><small>Shedinja protected itself!</small><br></div><div class="spacer battle-history"><br></div><h2 class="battle-history">Turn 9</h2><div class="spacer battle-history"><br></div><div class="battle-history">The opposing Azumarill used <strong>Aqua Jet</strong>!<br></div><div class="battle-history"><small>[Shedinja's Wonder Guard]</small><br><small>It doesn't affect Shedinja...</small><br></div><div class="spacer battle-history"><br></div><div class="battle-history">Shedinja used <strong>Shadow Claw</strong>!<br></div><div class="battle-history"><small>(The opposing Azumarill lost <abbr title="−9/403">2.2%</abbr> of its health!)</small><br></div><div class="spacer battle-history"><br></div><div class="battle-history">The opposing Azumarill fainted!<br></div><div class="spacer battle-history"><br></div><div class="battle-history">BloodMoonBlue sent out <strong>Stakataka</strong>!<br></div><div class="spacer battle-history"><br></div><h2 class="battle-history">Turn 10</h2><div class="spacer battle-history"><br></div><div class="battle-history">Shedinja, come back!<br></div><div class="battle-history">Go! <strong>Gallade</strong>!<br></div><div class="spacer battle-history"><br></div><div class="battle-history">The opposing Stakataka used <strong>Trick Room</strong>!<br></div><div class="battle-history"><small>The opposing Stakataka twisted the dimensions!</small><br></div><div class="spacer battle-history"><br></div><h2 class="battle-history">Turn 11</h2><div class="spacer battle-history"><br></div><div class="battle-history"><small>Gallade's Galladite is reacting to the Key Stone!</small><br>Gallade has Mega Evolved into Mega Gallade!<br></div><div class="spacer battle-history"><br></div><div class="battle-history">The opposing Stakataka used <strong>Gyro Ball</strong>!<br></div><div class="battle-history"><small>(Gallade lost <abbr title="−241/302">79.8%</abbr> of its health!)</small><br></div><div class="spacer battle-history"><br></div><div class="battle-history">Gallade used <strong>Swords Dance</strong>!<br></div><div class="battle-history"><small>Gallade's Attack rose sharply!</small><br></div><div class="spacer battle-history"><br></div><h2 class="battle-history">Turn 12</h2><div class="chat message-error">Reloj de batalla ENCENDIDO. El jugador inactivo será descalificado (solicitado por BloodMoonBlue).</div><div class="chat message-error">TH3_ONE tiene 135 segundos restantes.</div><div class="chat message-error">TH3_ONE tiene 120 segundos restantes.</div><div class="chat message-error">TH3_ONE tiene 105 segundos restantes.</div><div class="spacer battle-history"><br></div><div class="battle-history">Gallade, come back!<br></div><div class="battle-history">Go! <strong>Shedinja</strong>!<br></div><div class="spacer battle-history"><br></div><div class="battle-history">The opposing Stakataka used <strong>Gyro Ball</strong>!<br></div><div class="battle-history"><small>[Shedinja's Wonder Guard]</small><br><small>It doesn't affect Shedinja...</small><br></div><div class="spacer battle-history"><br></div><h2 class="battle-history">Turn 13</h2><div class="spacer battle-history"><br></div><div class="battle-history">The opposing Stakataka used <strong>Rock Blast</strong>!<br></div><div class="battle-history"><small>It's super effective!</small><br></div><div class="battle-history"><small>Shedinja hung on using its Focus Sash!</small><br></div><div class="battle-history"><small>(Shedinja lost <abbr title="0/1">0%</abbr> of its health!)</small><br></div><div class="battle-history"><small>It's super effective!</small><br></div><div class="battle-history"><small>(Shedinja lost <abbr title="−1/1">100%</abbr> of its health!)</small><br></div><div class="battle-history"><small>Hit 2 times!</small><br></div><div class="spacer battle-history"><br></div><div class="battle-history">Shedinja fainted!<br></div><div class="battle-history"><small>[The opposing Stakataka's Beast Boost]</small><br></div><div class="battle-history"><small>The opposing Stakataka's Defense rose!</small><br></div><div class="spacer battle-history"><br></div><div class="battle-history">Go! Gallade (<strong>Gallade-Mega</strong>)!<br></div><div class="spacer battle-history"><br></div><h2 class="battle-history">Turn 14</h2><div class="spacer battle-history"><br></div><div class="battle-history">The opposing Stakataka used <strong>Gyro Ball</strong>!<br></div><div class="battle-history"><small>(Gallade lost <abbr title="−61/302">20.2%</abbr> of its health!)</small><br></div><div class="spacer battle-history"><br></div><div class="battle-history">Gallade fainted!<br></div><div class="battle-history"><small>[The opposing Stakataka's Beast Boost]</small><br></div><div class="battle-history"><small>The opposing Stakataka's Defense rose!</small><br></div><div class="spacer battle-history"><br></div><div class="battle-history"><small>The twisted dimensions returned to normal!</small><br></div><div class="spacer battle-history"><br></div><div class="battle-history">Go! <strong>Mamoswine</strong>!<br></div><div class="spacer battle-history"><br></div><h2 class="battle-history">Turn 15</h2><div class="spacer battle-history"><br></div><div class="battle-history">Mamoswine used <strong>Earthquake</strong>!<br></div><div class="battle-history"><small>It's super effective!</small><br></div><div class="battle-history"><small>(The opposing Stakataka lost <abbr title="−184/326">56.4%</abbr> of its health!)</small><br></div><div class="spacer battle-history"><br></div><div class="battle-history">The opposing Stakataka used <strong>Gyro Ball</strong>!<br></div><div class="battle-history"><small>It's super effective!</small><br></div><div class="battle-history"><small>(Mamoswine lost <abbr title="−388/388">100%</abbr> of its health!)</small><br></div><div class="spacer battle-history"><br></div><div class="battle-history">Mamoswine fainted!<br></div><div class="battle-history"><small>[The opposing Stakataka's Beast Boost]</small><br></div><div class="battle-history"><small>The opposing Stakataka's Defense rose!</small><br></div><div class="spacer battle-history"><br></div><div class="battle-history"><small>The opposing Stakataka restored a little HP using its Leftovers!</small><br></div><div class="spacer battle-history"><br></div><div class="battle-history">Go! <strong>Typhlosion</strong>!<br></div><div class="spacer battle-history"><br></div><h2 class="battle-history">Turn 16</h2><div class="spacer battle-history"><br></div><div class="battle-history">Typhlosion used <strong>Eruption</strong>!<br></div><div class="battle-history"><small>(The opposing Stakataka lost <abbr title="−96/326">29.4%</abbr> of its health!)</small><br></div><div class="spacer battle-history"><br></div><div class="battle-history">The opposing Stakataka used <strong>Rock Blast</strong>!<br></div><div class="battle-history"><small>It's super effective!</small><br></div><div class="battle-history"><small>(Typhlosion lost <abbr title="−104/325">32%</abbr> of its health!)</small><br></div><div class="battle-history"><small>It's super effective!</small><br></div><div class="battle-history"><small>(Typhlosion lost <abbr title="−38/325">11.7%</abbr> of its health!)</small><br></div><div class="battle-history"><small>Hit 2 times!</small><br></div><div class="spacer battle-history"><br></div><div class="battle-history">Typhlosion fainted!<br></div><div class="spacer battle-history"><br></div><div class="battle-history"><strong>BloodMoonBlue</strong> won the battle!<br></div><div class="chat">BloodMoonBlue ha ganado 6.75 PokeDolares.</div><div class="chat">Puntaje de TH3_ONE: 1000 → <strong>1000</strong><br>(+0 por perder)</div><div class="chat">Puntaje de BloodMoonBlue: 1045 → <strong>1080</strong><br>(+35 por ganar)</div></div><div class="inner-preempt"></div></div></div>
</div>
<script>
let daily = Math.floor(Date.now()/1000/60/60/24);document.write('<script src="https://play.pokemonshowdown.com/js/replay-embed.js?version'+daily+'"></'+'script>');
</script>
