<!DOCTYPE html>
<meta charset="utf-8" />
<!-- version 1 -->
<title>OU replay: DarkViRuz vs. RSK</title>
<style>
html,body {font-family:Verdana, sans-serif;font-size:10pt;margin:0;padding:0;}body{padding:12px 0;} .battle-log {font-family:Verdana, sans-serif;font-size:10pt;} .battle-log-inline {border:1px solid #AAAAAA;background:#EEF2F5;color:black;max-width:640px;margin:0 auto 80px;padding-bottom:5px;} .battle-log .inner {padding:4px 8px 0px 8px;} .battle-log .inner-preempt {padding:0 8px 4px 8px;} .battle-log .inner-after {margin-top:0.5em;} .battle-log h2 {margin:0.5em -8px;padding:4px 8px;border:1px solid #AAAAAA;background:#E0E7EA;border-left:0;border-right:0;font-family:Verdana, sans-serif;font-size:13pt;} .battle-log .chat {vertical-align:middle;padding:3px 0 3px 0;font-size:8pt;} .battle-log .chat strong {color:#40576A;} .battle-log .chat em {padding:1px 4px 1px 3px;color:#000000;font-style:normal;} .chat.mine {background:rgba(0,0,0,0.05);margin-left:-8px;margin-right:-8px;padding-left:8px;padding-right:8px;} .spoiler {color:#BBBBBB;background:#BBBBBB;padding:0px 3px;} .spoiler:hover, .spoiler:active, .spoiler-shown {color:#000000;background:#E2E2E2;padding:0px 3px;} .spoiler a {color:#BBBBBB;} .spoiler:hover a, .spoiler:active a, .spoiler-shown a {color:#2288CC;} .chat code, .chat .spoiler:hover code, .chat .spoiler:active code, .chat .spoiler-shown code {border:1px solid #C0C0C0;background:#EEEEEE;color:black;padding:0 2px;} .chat .spoiler code {border:1px solid #CCCCCC;background:#CCCCCC;color:#CCCCCC;} .battle-log .rated {padding:3px 4px;} .battle-log .rated strong {color:white;background:#89A;padding:1px 4px;border-radius:4px;} .spacer {margin-top:0.5em;} .message-announce {background:#6688AA;color:white;padding:1px 4px 2px;} .message-announce a, .broadcast-green a, .broadcast-blue a, .broadcast-red a {color:#DDEEFF;} .broadcast-green {background-color:#559955;color:white;padding:2px 4px;} .broadcast-blue {background-color:#6688AA;color:white;padding:2px 4px;} .infobox {border:1px solid #6688AA;padding:2px 4px;} .infobox-limited {max-height:200px;overflow:auto;overflow-x:hidden;} .broadcast-red {background-color:#AA5544;color:white;padding:2px 4px;} .message-learn-canlearn {font-weight:bold;color:#228822;text-decoration:underline;} .message-learn-cannotlearn {font-weight:bold;color:#CC2222;text-decoration:underline;} .message-effect-weak {font-weight:bold;color:#CC2222;} .message-effect-resist {font-weight:bold;color:#6688AA;} .message-effect-immune {font-weight:bold;color:#666666;} .message-learn-list {margin-top:0;margin-bottom:0;} .message-throttle-notice, .message-error {color:#992222;} .message-overflow, .chat small.message-overflow {font-size:0pt;} .message-overflow::before {font-size:9pt;content:'...';} .subtle {color:#3A4A66;}
</style>
<div class="wrapper replay-wrapper" style="max-width:1180px;margin:0 auto">
<input type="hidden" name="replayid" value="destiny-ou-505236" />
<div class="battle"></div><div class="battle-log"></div><div class="replay-controls"></div><div class="replay-controls-2"></div>
<h1 style="font-weight:normal;text-align:center"><strong>OU</strong><br /><a href="http://pokemonshowdown.com/users/darkviruz" class="subtle" target="_blank">DarkViRuz</a> vs. <a href="http://pokemonshowdown.com/users/rsk" class="subtle" target="_blank">RSK</a></h1>
<script type="text/plain" class="battle-log-data">|player|p1|DarkViRuz|darkviruz-9.gif?a4997e3e
|teamsize|p1|6
|player|p2|RSK|xxcamilaxx-2.gif?a982e20f
|teamsize|p2|6
|teamsize|p1|6
|teamsize|p2|6
|gametype|singles
|gen|7
|tier|OU
|seed|31711,37712,46613,35778
|rule|Cláusula-Mod de Dormir: solo puedes dormir a uno de tus oponentes a la vez.
|rule|Cláusula de Especie: Hasta un Pokémon de cada especie
|rule|Cláusula de Golpe Fulminante: los movimientos fulminantes (OHKO) estan prohibidos
|rule|Cláusula de Veleta: la habilidad Veleta está prohibida
|rule|Cláusula de Movimientos Evasivos: los movimientos de Evasión están prohibidos.
|rule|Cláusula de Batallas Eternas: forzar batallas eternas está prohibido
|clearpoke
|poke|p1|Bisharp, M|item
|poke|p1|Tyranitar, M, shiny|item
|poke|p1|Gyarados, M|item
|poke|p1|Tapu Koko|item
|poke|p1|Ferrothorn, F|item
|poke|p1|Garchomp, F|item
|poke|p2|Shuckle, M|item
|poke|p2|Tyranitar, M|item
|poke|p2|Charizard, F|item
|poke|p2|Alakazam, M|item
|poke|p2|Gyarados, M|item
|poke|p2|Raichu, F|item
|teampreview|undefined
|choice|*team 423156|*
|c|☆DarkViRuz|espero
|c|☆DarkViRuz|no falle esta ves
|c|@✘Nazgrel!~♡|darkviruz
|c|@✘Nazgrel!~♡|si ganas
|c|@✘Nazgrel!~♡|tu clan pasa a finales
|c|@✘Nazgrel!~♡|
|c|☆RSK|lol
|c|☆RSK|un koko
|choice|*|*team 123456
|choice|team 4, 2, 3, 1, 5, 6|team 1, 2, 3, 4, 5, 6
|
|start
|switch|p1a: Tapu Koko|Tapu Koko|281\/281
|switch|p2a: Shuckle|Shuckle, M|244\/244
|-fieldstart|move: Electric Terrain|[from] ability: Electric Surge|[of] p1a: Tapu Koko
|turn|1
|choice|*|*move 1
|c|☆DarkViRuz|si un koko
|choice|*move 2|*
|choice|move taunt|move stickyweb
|
|move|p1a: Tapu Koko|Taunt|p2a: Shuckle
|-start|p2a: Shuckle|move: Taunt
|-enditem|p2a: Shuckle|Mental Herb
|-end|p2a: Shuckle|move: Taunt
|move|p2a: Shuckle|Sticky Web|p1a: Tapu Koko
|-sidestart|p1: DarkViRuz|move: Sticky Web
|
|upkeep
|turn|2
|c|@✘Nazgrel!~♡|komaro tiene
|c|@✘Nazgrel!~♡|a koko
|choice|*move 2|*
|choice|*|*switch 2
|choice|move taunt|switch 2
|
|switch|p2a: Tyranitar|Tyranitar, M|341\/341
|-weather|Sandstorm|[from] ability: Sand Stream|[of] p2a: Tyranitar
|move|p1a: Tapu Koko|Taunt|p2a: Tyranitar
|-start|p2a: Tyranitar|move: Taunt
|
|-weather|Sandstorm|[upkeep]
|-damage|p1a: Tapu Koko|264\/281|[from] sandstorm
|-heal|p1a: Tapu Koko|281\/281|[from] item: Leftovers
|upkeep
|turn|3
|choice|*switch 5|*
|choice|*|*switch 2
|choice|switch 5|switch 2
|
|switch|p1a: Ferrothorn|Ferrothorn, F|352\/352
|-activate|p1a: Ferrothorn|move: Sticky Web
|-unboost|p1a: Ferrothorn|spe|1
|switch|p2a: Shuckle|Shuckle, M|244\/244
|
|-weather|Sandstorm|[upkeep]
|upkeep
|turn|4
|choice|*|*move 2
|choice|*move 2|*
|choice|move spikes|move stealthrock
|
|move|p1a: Ferrothorn|Spikes|p2a: Shuckle
|-sidestart|p2: RSK|Spikes
|move|p2a: Shuckle|Stealth Rock|p1a: Ferrothorn
|-sidestart|p1: DarkViRuz|move: Stealth Rock
|
|-weather|Sandstorm|[upkeep]
|upkeep
|turn|5
|choice|*|*switch 3
|choice|*move 4|*
|choice|*|*move 3
|choice|move protect|move encore
|
|move|p1a: Ferrothorn|Protect|p1a: Ferrothorn
|-singleturn|p1a: Ferrothorn|Protect
|move|p2a: Shuckle|Encore|p1a: Ferrothorn
|-activate|p1a: Ferrothorn|move: Protect
|
|-weather|Sandstorm|[upkeep]
|-fieldend|move: Electric Terrain
|upkeep
|turn|6
|choice|*|*move 3
|choice|*|*switch 3
|choice|*|*move 3
|choice|*move 1|*
|choice|*|*move 4
|choice|move leechseed|move toxic
|
|move|p1a: Ferrothorn|Leech Seed|p2a: Shuckle
|-start|p2a: Shuckle|move: Leech Seed
|move|p2a: Shuckle|Toxic|p1a: Ferrothorn
|-immune|p1a: Ferrothorn|[msg]
|
|-weather|none
|-damage|p2a: Shuckle|214\/244|[from] Leech Seed|[of] p1a: Ferrothorn
|upkeep
|turn|7
|choice|*|*switch 3
|choice|*move 4|*
|choice|move protect|switch 3
|
|switch|p2a: Charizard|Charizard, F|298\/298
|move|p1a: Ferrothorn|Protect|p1a: Ferrothorn
|-fail|p1a: Ferrothorn
|
|upkeep
|turn|8
|choice|*move 1|*
|choice|*|*move 3
|choice|move leechseed|move flareblitz
|
|move|p2a: Charizard|Flare Blitz|p1a: Ferrothorn
|-supereffective|p1a: Ferrothorn
|-damage|p1a: Ferrothorn|0 fnt
|-damage|p2a: Charizard|261\/298|[from] ability: Iron Barbs|[of] p1a: Ferrothorn
|-damage|p2a: Charizard|212\/298|[from] item: Rocky Helmet|[of] p1a: Ferrothorn
|-damage|p2a: Charizard|96\/298|[from] recoil
|faint|p1a: Ferrothorn
|
|upkeep
|choice|*switch 3|*
|choice|switch 3|
|
|switch|p1a: Gyarados|Gyarados, M|331\/331
|-damage|p1a: Gyarados|249\/331|[from] Stealth Rock
|turn|9
|choice|*|*move 2 mega
|choice|*move 3|*
|choice|move waterfall|move thunderpunch mega
|
|-mega|p2a: Charizard|Charizard|Charizardite X
|detailschange|p2a: Charizard|Charizard-Mega-X, F
|move|p2a: Charizard|Thunder Punch|p1a: Gyarados
|-supereffective|p1a: Gyarados
|-damage|p1a: Gyarados|0 fnt
|faint|p1a: Gyarados
|
|upkeep
|choice|*switch 4|*
|choice|switch 4|
|
|switch|p1a: Bisharp|Bisharp, M|271\/271
|-damage|p1a: Bisharp|255\/271|[from] Stealth Rock
|-activate|p1a: Bisharp|move: Sticky Web
|-unboost|p1a: Bisharp|spe|1
|-ability|p1a: Bisharp|Defiant|boost
|-boost|p1a: Bisharp|atk|2
|turn|10
|choice|*move 1|*
|choice|*|*move 3
|choice|move swordsdance|move flareblitz
|
|move|p2a: Charizard|Flare Blitz|p1a: Bisharp
|-supereffective|p1a: Bisharp
|-damage|p1a: Bisharp|0 fnt
|-damage|p2a: Charizard|12\/298|[from] recoil
|faint|p1a: Bisharp
|
|upkeep
|choice|*switch 6|*
|choice|switch 6|
|
|switch|p1a: Garchomp|Garchomp, F|357\/357
|-activate|p1a: Garchomp|move: Sticky Web
|-unboost|p1a: Garchomp|spe|1
|-damage|p1a: Garchomp|335\/357|[from] Stealth Rock
|turn|11
|choice|*|*move 3
|choice|*move 3|*
|choice|move substitute|move flareblitz
|
|move|p2a: Charizard|Flare Blitz|p1a: Garchomp
|-resisted|p1a: Garchomp
|-damage|p1a: Garchomp|168\/357
|-damage|p2a: Charizard|0 fnt|[from] ability: Rough Skin|[of] p1a: Garchomp
|faint|p2a: Charizard
|move|p1a: Garchomp|Substitute|p1a: Garchomp
|-start|p1a: Garchomp|Substitute
|-damage|p1a: Garchomp|79\/357
|
|-heal|p1a: Garchomp|101\/357|[from] item: Leftovers
|upkeep
|choice|*|*switch 4
|choice||switch 4
|
|switch|p2a: Alakazam|Alakazam, M|251\/251
|-damage|p2a: Alakazam|220\/251|[from] Spikes
|turn|12
|choice|*|*move 3
|choice|*move 2|*
|choice|move earthquake|move psychic
|
|move|p2a: Alakazam|Psychic|p1a: Garchomp
|-end|p1a: Garchomp|Substitute
|move|p1a: Garchomp|Earthquake|p2a: Alakazam
|-damage|p2a: Alakazam|0 fnt
|faint|p2a: Alakazam
|
|-heal|p1a: Garchomp|123\/357|[from] item: Leftovers
|upkeep
|choice|*|*switch 5
|choice||switch 5
|
|switch|p2a: Gyarados|Gyarados, M|331\/331
|turn|13
|choice|*move 4|*
|choice|*|*move 1
|choice|move stoneedge|move dragondance
|
|move|p2a: Gyarados|Dragon Dance|p2a: Gyarados
|-boost|p2a: Gyarados|atk|1
|-boost|p2a: Gyarados|spe|1
|move|p1a: Garchomp|Stone Edge|p2a: Gyarados
|-supereffective|p2a: Gyarados
|-damage|p2a: Gyarados|49\/331
|
|-heal|p2a: Gyarados|69\/331|[from] item: Leftovers
|-heal|p1a: Garchomp|145\/357|[from] item: Leftovers
|upkeep
|turn|14
|choice|*|*move 2
|choice|*move 4|*
|choice|move stoneedge|move waterfall
|
|move|p2a: Gyarados|Waterfall|p1a: Garchomp
|-damage|p1a: Garchomp|0 fnt
|-damage|p2a: Gyarados|28\/331|[from] ability: Rough Skin|[of] p1a: Garchomp
|faint|p1a: Garchomp
|-ability|p2a: Gyarados|Moxie|boost
|-boost|p2a: Gyarados|atk|1
|
|-heal|p2a: Gyarados|48\/331|[from] item: Leftovers
|upkeep
|choice|*switch 2|*
|choice|switch 2|
|
|switch|p1a: Tyranitar|Tyranitar, M, shiny|341\/341
|-damage|p1a: Tyranitar|299\/341|[from] Stealth Rock
|-activate|p1a: Tyranitar|move: Sticky Web
|-unboost|p1a: Tyranitar|spe|1
|-weather|Sandstorm|[from] ability: Sand Stream|[of] p1a: Tyranitar
|turn|15
|choice|*|*move 2
|choice|*move 4 mega|*
|choice|move crunch mega|move waterfall
|
|-mega|p1a: Tyranitar|Tyranitar|Tyranitarite
|detailschange|p1a: Tyranitar|Tyranitar-Mega, M, shiny
|move|p2a: Gyarados|Waterfall|p1a: Tyranitar
|-supereffective|p1a: Tyranitar
|-damage|p1a: Tyranitar|0 fnt
|faint|p1a: Tyranitar
|-ability|p2a: Gyarados|Moxie|boost
|-boost|p2a: Gyarados|atk|1
|
|-weather|Sandstorm|[upkeep]
|-damage|p2a: Gyarados|28\/331|[from] sandstorm
|-heal|p2a: Gyarados|48\/331|[from] item: Leftovers
|upkeep
|choice|*switch 5|*
|choice|switch 5|
|
|switch|p1a: Tapu Koko|Tapu Koko|281\/281
|-damage|p1a: Tapu Koko|246\/281|[from] Stealth Rock
|-activate|p1a: Tapu Koko|move: Sticky Web
|-unboost|p1a: Tapu Koko|spe|1
|-fieldstart|move: Electric Terrain|[from] ability: Electric Surge|[of] p1a: Tapu Koko
|turn|16
|choice|*|*move 2
|choice|*move 1|*
|choice|move thunderbolt|move waterfall
|
|move|p2a: Gyarados|Waterfall|p1a: Tapu Koko
|-damage|p1a: Tapu Koko|0 fnt
|faint|p1a: Tapu Koko
|
|win|RSK
</script>
</div>
<div class="battle-log battle-log-inline"><div class="inner"><div class="battle-options"></div><div class="inner"><div class=""><small>Format:</small> <br><strong>OU</strong></div><div class=""><small><em>Cláusula-Mod de Dormir:</em> solo puedes dormir a uno de tus oponentes a la vez.</small></div><div class=""><small><em>Cláusula de Especie:</em> Hasta un Pokémon de cada especie</small></div><div class=""><small><em>Cláusula de Golpe Fulminante:</em> los movimientos fulminantes (OHKO) estan prohibidos</small></div><div class=""><small><em>Cláusula de Veleta:</em> la habilidad Veleta está prohibida</small></div><div class=""><small><em>Cláusula de Movimientos Evasivos:</em> los movimientos de Evasión están prohibidos.</small></div><div class=""><small><em>Cláusula de Batallas Eternas:</em> forzar batallas eternas está prohibido</small></div><div class="chat battle-history"><strong>DarkViRuz's team:</strong> <em style="color:#445566;display:block;">Bisharp / Tyranitar / Gyarados / Tapu Koko / Ferrothorn / Garchomp</em></div><div class="chat battle-history"><strong>RSK's team:</strong> <em style="color:#445566;display:block;">Shuckle / Tyranitar / Charizard / Alakazam / Gyarados / Raichu</em></div><div class="chat chatmessage-darkviruz"><strong style="color:hsl(216,75%,49.56149533814376%)"><small>☆</small><span class="username" data-name="DarkViRuz">DarkViRuz</span>:</strong> <em>espero</em></div><div class="chat chatmessage-darkviruz"><strong style="color:hsl(216,75%,49.56149533814376%)"><small>☆</small><span class="username" data-name="DarkViRuz">DarkViRuz</span>:</strong> <em>no falle esta ves</em></div><div class="chat chatmessage-nazgrel"><strong style="color:hsl(331,73%,47%)"><small>@</small><span class="username" data-name="✘Nazgrel!~♡">✘Nazgrel!~♡</span>:</strong> <em>darkviruz</em></div><div class="chat chatmessage-nazgrel"><strong style="color:hsl(331,73%,47%)"><small>@</small><span class="username" data-name="✘Nazgrel!~♡">✘Nazgrel!~♡</span>:</strong> <em>si ganas</em></div><div class="chat chatmessage-nazgrel"><strong style="color:hsl(331,73%,47%)"><small>@</small><span class="username" data-name="✘Nazgrel!~♡">✘Nazgrel!~♡</span>:</strong> <em>tu clan pasa a finales</em></div><div class="chat chatmessage-nazgrel"><strong style="color:hsl(331,73%,47%)"><small>@</small><span class="username" data-name="✘Nazgrel!~♡">✘Nazgrel!~♡</span>:</strong> <em></em></div><div class="chat chatmessage-rsk"><strong style="color:hsl(297,84%,46%)"><small>☆</small><span class="username" data-name="RSK">RSK</span>:</strong> <em>lol</em></div><div class="chat chatmessage-rsk"><strong style="color:hsl(297,84%,46%)"><small>☆</small><span class="username" data-name="RSK">RSK</span>:</strong> <em>un koko</em></div><div class="spacer battle-history"><br></div><div class="battle-history">Battle started between DarkViRuz and RSK!<br></div><div class="spacer battle-history"><br></div><div class="battle-history">Go! <strong>Tapu Koko</strong>!<br></div><div class="spacer battle-history"><br></div><div class="battle-history">RSK sent out <strong>Shuckle</strong>!<br></div><div class="battle-history"><small>[Tapu Koko's Electric Surge]</small><br><small>An electric current runs across the battlefield!</small><br></div><div class="spacer battle-history"><br></div><h2 class="battle-history">Turn 1</h2><div class="chat chatmessage-darkviruz"><strong style="color:hsl(216,75%,49.56149533814376%)"><small>☆</small><span class="username" data-name="DarkViRuz">DarkViRuz</span>:</strong> <em>si un koko</em></div><div class="spacer battle-history"><br></div><div class="battle-history">Tapu Koko used <strong>Taunt</strong>!<br></div><div class="battle-history"><small>The opposing Shuckle fell for the taunt!</small><br></div><div class="battle-history"><small>(The opposing Shuckle used its Mental Herb!)</small><br></div><div class="battle-history"><small>The opposing Shuckle's taunt wore off!</small><br></div><div class="spacer battle-history"><br></div><div class="battle-history">The opposing Shuckle used <strong>Sticky Web</strong>!<br></div><div class="battle-history"><small>A sticky web spreads out on the ground around your team!</small><br></div><div class="spacer battle-history"><br></div><h2 class="battle-history">Turn 2</h2><div class="chat chatmessage-nazgrel"><strong style="color:hsl(331,73%,47%)"><small>@</small><span class="username" data-name="✘Nazgrel!~♡">✘Nazgrel!~♡</span>:</strong> <em>komaro tiene</em></div><div class="chat chatmessage-nazgrel"><strong style="color:hsl(331,73%,47%)"><small>@</small><span class="username" data-name="✘Nazgrel!~♡">✘Nazgrel!~♡</span>:</strong> <em>a koko</em></div><div class="spacer battle-history"><br></div><div class="battle-history">RSK withdrew Shuckle!<br></div><div class="battle-history">RSK sent out <strong>Tyranitar</strong>!<br></div><div class="battle-history"><small>[The opposing Tyranitar's Sand Stream]</small><br><small>A sandstorm kicked up!</small><br></div><div class="spacer battle-history"><br></div><div class="battle-history">Tapu Koko used <strong>Taunt</strong>!<br></div><div class="battle-history"><small>The opposing Tyranitar fell for the taunt!</small><br></div><div class="spacer battle-history"><br></div><div class="battle-history"><small>The sandstorm is raging.</small><br></div><div class="battle-history"><small>Tapu Koko is buffeted by the sandstorm!</small><br></div><div class="battle-history"><small>Tapu Koko restored a little HP using its Leftovers!</small><br></div><div class="spacer battle-history"><br></div><h2 class="battle-history">Turn 3</h2><div class="spacer battle-history"><br></div><div class="battle-history">Tapu Koko, come back!<br></div><div class="battle-history">Go! <strong>Ferrothorn</strong>!<br></div><div class="battle-history"><small>Ferrothorn was caught in a sticky web!</small><br></div><div class="battle-history"><small>Ferrothorn's Speed fell!</small><br></div><div class="spacer battle-history"><br></div><div class="battle-history">RSK withdrew Tyranitar!<br></div><div class="battle-history">RSK sent out <strong>Shuckle</strong>!<br></div><div class="spacer battle-history"><br></div><div class="battle-history"><small>The sandstorm is raging.</small><br></div><div class="spacer battle-history"><br></div><h2 class="battle-history">Turn 4</h2><div class="spacer battle-history"><br></div><div class="battle-history">Ferrothorn used <strong>Spikes</strong>!<br></div><div class="battle-history"><small>Spikes were scattered on the ground all around the opposing team!</small><br></div><div class="spacer battle-history"><br></div><div class="battle-history">The opposing Shuckle used <strong>Stealth Rock</strong>!<br></div><div class="battle-history"><small>Pointed stones float in the air around your team!</small><br></div><div class="spacer battle-history"><br></div><div class="battle-history"><small>The sandstorm is raging.</small><br></div><div class="spacer battle-history"><br></div><h2 class="battle-history">Turn 5</h2><div class="spacer battle-history"><br></div><div class="battle-history">Ferrothorn used <strong>Protect</strong>!<br></div><div class="battle-history"><small>Ferrothorn protected itself!</small><br></div><div class="spacer battle-history"><br></div><div class="battle-history">The opposing Shuckle used <strong>Encore</strong>!<br></div><div class="battle-history"><small>Ferrothorn protected itself!</small><br></div><div class="spacer battle-history"><br></div><div class="battle-history"><small>The sandstorm is raging.</small><br></div><div class="battle-history"><small>The electricity disappeared from the battlefield.</small><br></div><div class="spacer battle-history"><br></div><h2 class="battle-history">Turn 6</h2><div class="spacer battle-history"><br></div><div class="battle-history">Ferrothorn used <strong>Leech Seed</strong>!<br></div><div class="battle-history"><small>The opposing Shuckle was seeded!</small><br></div><div class="spacer battle-history"><br></div><div class="battle-history">The opposing Shuckle used <strong>Toxic</strong>!<br></div><div class="battle-history"><small>It doesn't affect Ferrothorn...</small><br></div><div class="spacer battle-history"><br></div><div class="battle-history"><small>The sandstorm subsided.</small><br></div><div class="battle-history"><small>The opposing Shuckle's health is sapped by Leech Seed!</small><br></div><div class="spacer battle-history"><br></div><h2 class="battle-history">Turn 7</h2><div class="spacer battle-history"><br></div><div class="battle-history">RSK withdrew Shuckle!<br></div><div class="battle-history">RSK sent out <strong>Charizard</strong>!<br></div><div class="spacer battle-history"><br></div><div class="battle-history">Ferrothorn used <strong>Protect</strong>!<br></div><div class="battle-history"><small>But it failed!</small><br></div><div class="spacer battle-history"><br></div><h2 class="battle-history">Turn 8</h2><div class="spacer battle-history"><br></div><div class="battle-history">The opposing Charizard used <strong>Flare Blitz</strong>!<br></div><div class="battle-history"><small>It's super effective!</small><br></div><div class="battle-history"><small>(Ferrothorn lost <abbr title="−352/352">100%</abbr> of its health!)</small><br></div><div class="battle-history"><small>[Ferrothorn's Iron Barbs]</small><br><small>The opposing Charizard was hurt!</small><br></div><div class="battle-history"><small>The opposing Charizard was hurt by the Rocky Helmet!</small><br></div><div class="battle-history"><small>The opposing Charizard is damaged by the recoil!</small><br></div><div class="spacer battle-history"><br></div><div class="battle-history">Ferrothorn fainted!<br></div><div class="spacer battle-history"><br></div><div class="battle-history">Go! <strong>Gyarados</strong>!<br></div><div class="battle-history"><small>Pointed stones dug into Gyarados!</small><br></div><div class="spacer battle-history"><br></div><h2 class="battle-history">Turn 9</h2><div class="spacer battle-history"><br></div><div class="battle-history"><small>The opposing Charizard's Charizardite X is reacting to the Key Stone!</small><br>The opposing Charizard has Mega Evolved into Mega Charizard!<br></div><div class="spacer battle-history"><br></div><div class="battle-history">The opposing Charizard used <strong>Thunder Punch</strong>!<br></div><div class="battle-history"><small>It's super effective!</small><br></div><div class="battle-history"><small>(Gyarados lost <abbr title="−249/331">75.2%</abbr> of its health!)</small><br></div><div class="spacer battle-history"><br></div><div class="battle-history">Gyarados fainted!<br></div><div class="spacer battle-history"><br></div><div class="battle-history">Go! <strong>Bisharp</strong>!<br></div><div class="battle-history"><small>Pointed stones dug into Bisharp!</small><br></div><div class="battle-history"><small>Bisharp was caught in a sticky web!</small><br></div><div class="battle-history"><small>Bisharp's Speed fell!</small><br></div><div class="battle-history"><small>[Bisharp's Defiant]</small><br></div><div class="battle-history"><small>Bisharp's Attack rose sharply!</small><br></div><div class="spacer battle-history"><br></div><h2 class="battle-history">Turn 10</h2><div class="spacer battle-history"><br></div><div class="battle-history">The opposing Charizard used <strong>Flare Blitz</strong>!<br></div><div class="battle-history"><small>It's super effective!</small><br></div><div class="battle-history"><small>(Bisharp lost <abbr title="−255/271">94.1%</abbr> of its health!)</small><br></div><div class="battle-history"><small>The opposing Charizard is damaged by the recoil!</small><br></div><div class="spacer battle-history"><br></div><div class="battle-history">Bisharp fainted!<br></div><div class="spacer battle-history"><br></div><div class="battle-history">Go! <strong>Garchomp</strong>!<br></div><div class="battle-history"><small>Garchomp was caught in a sticky web!</small><br></div><div class="battle-history"><small>Garchomp's Speed fell!</small><br></div><div class="battle-history"><small>Pointed stones dug into Garchomp!</small><br></div><div class="spacer battle-history"><br></div><h2 class="battle-history">Turn 11</h2><div class="spacer battle-history"><br></div><div class="battle-history">The opposing Charizard used <strong>Flare Blitz</strong>!<br></div><div class="battle-history"><small>It's not very effective...</small><br></div><div class="battle-history"><small>(Garchomp lost <abbr title="−167/357">46.8%</abbr> of its health!)</small><br></div><div class="battle-history"><small>[Garchomp's Rough Skin]</small><br><small>The opposing Charizard was hurt!</small><br></div><div class="spacer battle-history"><br></div><div class="battle-history">The opposing Charizard fainted!<br></div><div class="battle-history">Garchomp used <strong>Substitute</strong>!<br></div><div class="battle-history"><small>Garchomp put in a substitute!</small><br></div><div class="battle-history"><small>(Garchomp lost <abbr title="−89/357">24.9%</abbr> of its health!)</small><br></div><div class="spacer battle-history"><br></div><div class="battle-history"><small>Garchomp restored a little HP using its Leftovers!</small><br></div><div class="spacer battle-history"><br></div><div class="battle-history">RSK sent out <strong>Alakazam</strong>!<br></div><div class="battle-history"><small>The opposing Alakazam is hurt by the spikes!</small><br></div><div class="spacer battle-history"><br></div><h2 class="battle-history">Turn 12</h2><div class="spacer battle-history"><br></div><div class="battle-history">The opposing Alakazam used <strong>Psychic</strong>!<br></div><div class="battle-history"><small>Garchomp's substitute faded!</small><br></div><div class="spacer battle-history"><br></div><div class="battle-history">Garchomp used <strong>Earthquake</strong>!<br></div><div class="battle-history"><small>(The opposing Alakazam lost <abbr title="−220/251">87.6%</abbr> of its health!)</small><br></div><div class="spacer battle-history"><br></div><div class="battle-history">The opposing Alakazam fainted!<br></div><div class="spacer battle-history"><br></div><div class="battle-history"><small>Garchomp restored a little HP using its Leftovers!</small><br></div><div class="spacer battle-history"><br></div><div class="battle-history">RSK sent out <strong>Gyarados</strong>!<br></div><div class="spacer battle-history"><br></div><h2 class="battle-history">Turn 13</h2><div class="spacer battle-history"><br></div><div class="battle-history">The opposing Gyarados used <strong>Dragon Dance</strong>!<br></div><div class="battle-history"><small>The opposing Gyarados's Attack rose!</small><br></div><div class="battle-history"><small>The opposing Gyarados's Speed rose!</small><br></div><div class="spacer battle-history"><br></div><div class="battle-history">Garchomp used <strong>Stone Edge</strong>!<br></div><div class="battle-history"><small>It's super effective!</small><br></div><div class="battle-history"><small>(The opposing Gyarados lost <abbr title="−282/331">85.2%</abbr> of its health!)</small><br></div><div class="spacer battle-history"><br></div><div class="battle-history"><small>The opposing Gyarados restored a little HP using its Leftovers!</small><br></div><div class="battle-history"><small>Garchomp restored a little HP using its Leftovers!</small><br></div><div class="spacer battle-history"><br></div><h2 class="battle-history">Turn 14</h2><div class="spacer battle-history"><br></div><div class="battle-history">The opposing Gyarados used <strong>Waterfall</strong>!<br></div><div class="battle-history"><small>(Garchomp lost <abbr title="−145/357">40.6%</abbr> of its health!)</small><br></div><div class="battle-history"><small>[Garchomp's Rough Skin]</small><br><small>The opposing Gyarados was hurt!</small><br></div><div class="spacer battle-history"><br></div><div class="battle-history">Garchomp fainted!<br></div><div class="battle-history"><small>[The opposing Gyarados's Moxie]</small><br></div><div class="battle-history"><small>The opposing Gyarados's Attack rose!</small><br></div><div class="spacer battle-history"><br></div><div class="battle-history"><small>The opposing Gyarados restored a little HP using its Leftovers!</small><br></div><div class="spacer battle-history"><br></div><div class="battle-history">Go! <strong>Tyranitar</strong>!<br></div><div class="battle-history"><small>Pointed stones dug into Tyranitar!</small><br></div><div class="battle-history"><small>Tyranitar was caught in a sticky web!</small><br></div><div class="battle-history"><small>Tyranitar's Speed fell!</small><br></div><div class="battle-history"><small>[Tyranitar's Sand Stream]</small><br><small>A sandstorm kicked up!</small><br></div><div class="spacer battle-history"><br></div><h2 class="battle-history">Turn 15</h2><div class="spacer battle-history"><br></div><div class="battle-history"><small>Tyranitar's Tyranitarite is reacting to the Key Stone!</small><br>Tyranitar has Mega Evolved into Mega Tyranitar!<br></div><div class="spacer battle-history"><br></div><div class="battle-history">The opposing Gyarados used <strong>Waterfall</strong>!<br></div><div class="battle-history"><small>It's super effective!</small><br></div><div class="battle-history"><small>(Tyranitar lost <abbr title="−299/341">87.7%</abbr> of its health!)</small><br></div><div class="spacer battle-history"><br></div><div class="battle-history">Tyranitar fainted!<br></div><div class="battle-history"><small>[The opposing Gyarados's Moxie]</small><br></div><div class="battle-history"><small>The opposing Gyarados's Attack rose!</small><br></div><div class="spacer battle-history"><br></div><div class="battle-history"><small>The sandstorm is raging.</small><br></div><div class="battle-history"><small>The opposing Gyarados is buffeted by the sandstorm!</small><br></div><div class="battle-history"><small>The opposing Gyarados restored a little HP using its Leftovers!</small><br></div><div class="spacer battle-history"><br></div><div class="battle-history">Go! <strong>Tapu Koko</strong>!<br></div><div class="battle-history"><small>Pointed stones dug into Tapu Koko!</small><br></div><div class="battle-history"><small>Tapu Koko was caught in a sticky web!</small><br></div><div class="battle-history"><small>Tapu Koko's Speed fell!</small><br></div><div class="battle-history"><small>[Tapu Koko's Electric Surge]</small><br><small>An electric current runs across the battlefield!</small><br></div><div class="spacer battle-history"><br></div><h2 class="battle-history">Turn 16</h2><div class="spacer battle-history"><br></div><div class="battle-history">The opposing Gyarados used <strong>Waterfall</strong>!<br></div><div class="battle-history"><small>(Tapu Koko lost <abbr title="−246/281">87.5%</abbr> of its health!)</small><br></div><div class="spacer battle-history"><br></div><div class="battle-history">Tapu Koko fainted!<br></div><div class="spacer battle-history"><br></div><div class="battle-history"><strong>RSK</strong> won the battle!<br></div></div><div class="inner-preempt"></div></div></div>
</div>
<script>
let daily = Math.floor(Date.now()/1000/60/60/24);document.write('<script src="https://play.pokemonshowdown.com/js/replay-embed.js?version'+daily+'"></'+'script>');
</script>
