<!DOCTYPE html>
<meta charset="utf-8" />
<!-- version 1 -->
<title>OU replay: Diego spider vs. munder sebastian</title>
<style>
html,body {font-family:Verdana, sans-serif;font-size:10pt;margin:0;padding:0;}body{padding:12px 0;} .battle-log {font-family:Verdana, sans-serif;font-size:10pt;} .battle-log-inline {border:1px solid #AAAAAA;background:#EEF2F5;color:black;max-width:640px;margin:0 auto 80px;padding-bottom:5px;} .battle-log .inner {padding:4px 8px 0px 8px;} .battle-log .inner-preempt {padding:0 8px 4px 8px;} .battle-log .inner-after {margin-top:0.5em;} .battle-log h2 {margin:0.5em -8px;padding:4px 8px;border:1px solid #AAAAAA;background:#E0E7EA;border-left:0;border-right:0;font-family:Verdana, sans-serif;font-size:13pt;} .battle-log .chat {vertical-align:middle;padding:3px 0 3px 0;font-size:8pt;} .battle-log .chat strong {color:#40576A;} .battle-log .chat em {padding:1px 4px 1px 3px;color:#000000;font-style:normal;} .chat.mine {background:rgba(0,0,0,0.05);margin-left:-8px;margin-right:-8px;padding-left:8px;padding-right:8px;} .spoiler {color:#BBBBBB;background:#BBBBBB;padding:0px 3px;} .spoiler:hover, .spoiler:active, .spoiler-shown {color:#000000;background:#E2E2E2;padding:0px 3px;} .spoiler a {color:#BBBBBB;} .spoiler:hover a, .spoiler:active a, .spoiler-shown a {color:#2288CC;} .chat code, .chat .spoiler:hover code, .chat .spoiler:active code, .chat .spoiler-shown code {border:1px solid #C0C0C0;background:#EEEEEE;color:black;padding:0 2px;} .chat .spoiler code {border:1px solid #CCCCCC;background:#CCCCCC;color:#CCCCCC;} .battle-log .rated {padding:3px 4px;} .battle-log .rated strong {color:white;background:#89A;padding:1px 4px;border-radius:4px;} .spacer {margin-top:0.5em;} .message-announce {background:#6688AA;color:white;padding:1px 4px 2px;} .message-announce a, .broadcast-green a, .broadcast-blue a, .broadcast-red a {color:#DDEEFF;} .broadcast-green {background-color:#559955;color:white;padding:2px 4px;} .broadcast-blue {background-color:#6688AA;color:white;padding:2px 4px;} .infobox {border:1px solid #6688AA;padding:2px 4px;} .infobox-limited {max-height:200px;overflow:auto;overflow-x:hidden;} .broadcast-red {background-color:#AA5544;color:white;padding:2px 4px;} .message-learn-canlearn {font-weight:bold;color:#228822;text-decoration:underline;} .message-learn-cannotlearn {font-weight:bold;color:#CC2222;text-decoration:underline;} .message-effect-weak {font-weight:bold;color:#CC2222;} .message-effect-resist {font-weight:bold;color:#6688AA;} .message-effect-immune {font-weight:bold;color:#666666;} .message-learn-list {margin-top:0;margin-bottom:0;} .message-throttle-notice, .message-error {color:#992222;} .message-overflow, .chat small.message-overflow {font-size:0pt;} .message-overflow::before {font-size:9pt;content:'...';} .subtle {color:#3A4A66;}
</style>
<div class="wrapper replay-wrapper" style="max-width:1180px;margin:0 auto">
<input type="hidden" name="replayid" value="destiny-ou-564335" />
<div class="battle"></div><div class="battle-log"></div><div class="replay-controls"></div><div class="replay-controls-2"></div>
<h1 style="font-weight:normal;text-align:center"><strong>OU</strong><br /><a href="http://pokemonshowdown.com/users/diegospider" class="subtle" target="_blank">Diego spider</a> vs. <a href="http://pokemonshowdown.com/users/mundersebastian" class="subtle" target="_blank">munder sebastian</a></h1>
<script type="text/plain" class="battle-log-data">|player|p1|Diego spider|238
|teamsize|p1|6
|player|p2|munder sebastian|2095
|teamsize|p2|6
|teamsize|p1|6
|teamsize|p2|6
|gametype|singles
|gen|7
|tier|OU
|seed|17596,23440,61156,7608
|rule|Cláusula-Mod de Dormir: solo puedes dormir a uno de tus oponentes a la vez.
|rule|Cláusula de Especie: Hasta un Pokémon de cada especie
|rule|Cláusula de Golpe Fulminante: los movimientos fulminantes (OHKO) estan prohibidos
|rule|Cláusula de Veleta: la habilidad Veleta está prohibida
|rule|Cláusula de Movimientos Evasivos: los movimientos de Evasión están prohibidos.
|rule|Cláusula de Batallas Eternas: forzar batallas eternas está prohibido
|clearpoke
|poke|p1|Celesteela|
|poke|p1|Gyarados, M|item
|poke|p1|Greninja, M|
|poke|p1|Charizard, F|item
|poke|p1|Guzzlord|
|poke|p1|Kyurem-Black|
|poke|p2|Magearna|item
|poke|p2|Tapu Koko|item
|poke|p2|Charizard, F|item
|poke|p2|Gyarados, F|item
|poke|p2|Kyurem-Black|item
|poke|p2|Zygarde|item
|teampreview|undefined
|choice|*team 123456|*
|choice|*|*team 213456
|choice|team 1, 2, 3, 4, 5, 6|team 2, 1, 3, 4, 5, 6
|
|start
|switch|p1a: Celesteela|Celesteela|398\/398
|switch|p2a: Tapu Koko|Tapu Koko|281\/281
|-fieldstart|move: Electric Terrain|[from] ability: Electric Surge|[of] p2a: Tapu Koko
|turn|1
|inactive|Reloj de batalla ENCENDIDO. El jugador inactivo será descalificado (solicitado por Diego spider).
|inactive|Diego spider tiene 285 segundos restantes.
|inactive|munder sebastian tiene 285 segundos restantes.
|choice|*move 2|*
|choice|*|*move 1
|choice|move heavyslam|move thunderbolt
|
|move|p2a: Tapu Koko|Thunderbolt|p1a: Celesteela
|-supereffective|p1a: Celesteela
|-damage|p1a: Celesteela|96\/398
|move|p1a: Celesteela|Heavy Slam|p2a: Tapu Koko
|-damage|p2a: Tapu Koko|44\/281
|-enditem|p2a: Tapu Koko|Sitrus Berry|[eat]
|-heal|p2a: Tapu Koko|114\/281|[from] item: Sitrus Berry
|
|upkeep
|turn|2
|choice|*move 2|*
|choice|*|*move 1
|choice|move heavyslam|move thunderbolt
|
|move|p2a: Tapu Koko|Thunderbolt|p1a: Celesteela
|-supereffective|p1a: Celesteela
|-damage|p1a: Celesteela|0 fnt
|faint|p1a: Celesteela
|
|upkeep
|choice|*switch 2|*
|choice|switch 2|
|
|switch|p1a: Gyarados|Gyarados, M|394\/394
|-ability|p1a: Gyarados|Intimidate|boost
|-unboost|p2a: Tapu Koko|atk|1
|turn|3
|choice|*move 2 mega|*
|choice|*|*move 1
|choice|move hydropump mega|move thunderbolt
|
|-mega|p1a: Gyarados|Gyarados|Gyaradosite
|detailschange|p1a: Gyarados|Gyarados-Mega, M
|-ability|p1a: Gyarados|Mold Breaker
|move|p2a: Tapu Koko|Thunderbolt|p1a: Gyarados
|-supereffective|p1a: Gyarados
|-damage|p1a: Gyarados|164\/394
|move|p1a: Gyarados|Hydro Pump|p2a: Tapu Koko
|-damage|p2a: Tapu Koko|0 fnt
|faint|p2a: Tapu Koko
|
|upkeep
|inactive|munder sebastian tiene 285 segundos restantes.
|choice|*|*switch 4
|choice||switch 4
|
|switch|p2a: Gyarados|Gyarados, F|394\/394
|-ability|p2a: Gyarados|Intimidate|boost
|-unboost|p1a: Gyarados|atk|1
|turn|4
|choice|*|*move 4
|choice|*switch 3|*
|choice|switch 3|move crunch
|
|switch|p1a: Greninja|Greninja, M|285\/285
|move|p2a: Gyarados|Crunch|p1a: Greninja
|-resisted|p1a: Greninja
|-damage|p1a: Greninja|211\/285
|
|upkeep
|turn|5
|choice|*move 1|*
|choice|*|*move 4 mega
|choice|move scald|move crunch mega
|
|-mega|p2a: Gyarados|Gyarados|Gyaradosite
|detailschange|p2a: Gyarados|Gyarados-Mega, F
|-ability|p2a: Gyarados|Mold Breaker
|move|p1a: Greninja|Scald|p2a: Gyarados
|-resisted|p2a: Gyarados
|-damage|p2a: Gyarados|341\/394
|-status|p2a: Gyarados|brn
|move|p2a: Gyarados|Crunch|p1a: Greninja
|-resisted|p1a: Greninja
|-damage|p1a: Greninja|146\/285
|
|-damage|p2a: Gyarados|317\/394 brn|[from] brn
|-fieldend|move: Electric Terrain
|upkeep
|turn|6
|choice|*switch 5|*
|choice|*|*move 4
|choice|switch 5|move crunch
|
|switch|p1a: Guzzlord|Guzzlord|650\/650
|move|p2a: Gyarados|Crunch|p1a: Guzzlord
|-resisted|p1a: Guzzlord
|-damage|p1a: Guzzlord|578\/650
|
|-damage|p2a: Gyarados|293\/394 brn|[from] brn
|upkeep
|turn|7
|choice|*move 4|*
|choice|*|*move 2
|choice|move dracometeor|move hydropump
|
|move|p2a: Gyarados|Hydro Pump|p1a: Guzzlord
|-resisted|p1a: Guzzlord
|-damage|p1a: Guzzlord|503\/650
|move|p1a: Guzzlord|Draco Meteor|p2a: Gyarados
|-damage|p2a: Gyarados|169\/394 brn
|-unboost|p1a: Guzzlord|spa|2
|
|-damage|p2a: Gyarados|145\/394 brn|[from] brn
|upkeep
|turn|8
|choice|*move 4|*
|choice|*|*move 1
|choice|move dracometeor|move scald
|
|move|p2a: Gyarados|Scald|p1a: Guzzlord
|-resisted|p1a: Guzzlord
|-damage|p1a: Guzzlord|449\/650
|move|p1a: Guzzlord|Draco Meteor|p2a: Gyarados|[miss]
|-miss|p1a: Guzzlord|p2a: Gyarados
|
|-damage|p2a: Gyarados|121\/394 brn|[from] brn
|upkeep
|turn|9
|choice|*|*move 3
|choice|*move 4|*
|choice|move dracometeor|move waterfall
|
|move|p2a: Gyarados|Waterfall|p1a: Guzzlord
|-resisted|p1a: Guzzlord
|-damage|p1a: Guzzlord|374\/650
|move|p1a: Guzzlord|Draco Meteor|p2a: Gyarados
|-damage|p2a: Gyarados|57\/394 brn
|-unboost|p1a: Guzzlord|spa|2
|
|-damage|p2a: Gyarados|33\/394 brn|[from] brn
|upkeep
|turn|10
|choice|*move 4|*
|choice|*|*move 4
|choice|move dracometeor|move crunch
|
|move|p2a: Gyarados|Crunch|p1a: Guzzlord
|-resisted|p1a: Guzzlord
|-damage|p1a: Guzzlord|307\/650
|move|p1a: Guzzlord|Draco Meteor|p2a: Gyarados
|-damage|p2a: Gyarados|0 fnt
|-unboost|p1a: Guzzlord|spa|2
|faint|p2a: Gyarados
|-ability|p1a: Guzzlord|Beast Boost|boost
|-boost|p1a: Guzzlord|atk|1
|
|upkeep
|choice|*|*switch 5
|choice||switch 5
|
|switch|p2a: Kyurem|Kyurem-Black|454\/454
|-ability|p2a: Kyurem|Teravolt
|turn|11
|choice|*|*move 1
|choice|*move 4|*
|choice|move dracometeor|move icebeam
|
|move|p2a: Kyurem|Ice Beam|p1a: Guzzlord
|-supereffective|p1a: Guzzlord
|-damage|p1a: Guzzlord|0 fnt
|faint|p1a: Guzzlord
|
|upkeep
|choice|*switch 5|*
|choice|switch 5|
|
|switch|p1a: Greninja|Greninja, M|146\/285
|turn|12
|choice|*move 2|*
|choice|*|*move 1
|choice|move hydropump|move icebeam
|
|move|p1a: Greninja|Hydro Pump|p2a: Kyurem|[miss]
|-miss|p1a: Greninja|p2a: Kyurem
|move|p2a: Kyurem|Ice Beam|p1a: Greninja
|-resisted|p1a: Greninja
|-damage|p1a: Greninja|32\/285
|
|upkeep
|turn|13
|choice|*move 4|*
|choice|*|*move 1
|choice|move icepunch|move icebeam
|
|move|p1a: Greninja|Ice Punch|p2a: Kyurem
|-damage|p2a: Kyurem|394\/454
|move|p2a: Kyurem|Ice Beam|p1a: Greninja
|-resisted|p1a: Greninja
|-damage|p1a: Greninja|0 fnt
|faint|p1a: Greninja
|
|upkeep
|choice|*switch 6|*
|choice|switch 6|
|
|switch|p1a: Kyurem|Kyurem-Black|454\/454
|-ability|p1a: Kyurem|Teravolt
|turn|14
|choice|*move 1|*
|inactive|munder sebastian tiene 285 segundos restantes.
|choice|*|*move 2
|choice|move icebeam|move hiddenpower
|
|move|p2a: Kyurem|Hidden Power|p1a: Kyurem
|-crit|p1a: Kyurem
|-damage|p1a: Kyurem|277\/454
|move|p1a: Kyurem|Ice Beam|p2a: Kyurem
|-damage|p2a: Kyurem|214\/454
|-enditem|p2a: Kyurem|Sitrus Berry|[eat]
|-heal|p2a: Kyurem|327\/454|[from] item: Sitrus Berry
|
|upkeep
|turn|15
|choice|*move 1|*
|choice|*|*move 1
|choice|move icebeam|move icebeam
|
|move|p1a: Kyurem|Ice Beam|p2a: Kyurem
|-damage|p2a: Kyurem|135\/454
|move|p2a: Kyurem|Ice Beam|p1a: Kyurem
|-damage|p1a: Kyurem|91\/454
|
|upkeep
|turn|16
|choice|*move 1|*
|choice|*|*move 1
|choice|move icebeam|move icebeam
|
|move|p1a: Kyurem|Ice Beam|p2a: Kyurem
|-damage|p2a: Kyurem|0 fnt
|faint|p2a: Kyurem
|
|upkeep
|choice|*|*switch 6
|choice||switch 6
|
|switch|p2a: Zygarde|Zygarde|420\/420
|-ability|p2a: Zygarde|Aura Break
|turn|17
|choice|*|*move 1
|choice|*switch 4|*
|choice|switch 4|move thousandarrows
|
|switch|p1a: Charizard|Charizard, F|297\/297
|move|p2a: Zygarde|Thousand Arrows|p1a: Charizard
|-damage|p1a: Charizard|107\/297
|-start|p1a: Charizard|Smack Down
|
|upkeep
|turn|18
|choice|*move 1|*
|choice|*|*move 1
|choice|move inferno|move thousandarrows
|
|move|p1a: Charizard|Inferno|p2a: Zygarde|[miss]
|-miss|p1a: Charizard|p2a: Zygarde
|move|p2a: Zygarde|Thousand Arrows|p1a: Charizard
|-supereffective|p1a: Charizard
|-damage|p1a: Charizard|0 fnt
|faint|p1a: Charizard
|
|upkeep
|choice|*switch 3|*
|choice|switch 3|
|
|switch|p1a: Gyarados|Gyarados-Mega, M|164\/394
|-ability|p1a: Gyarados|Mold Breaker
|turn|19
|choice|*move 2|*
|choice|*|*move 4
|choice|move hydropump|move rockslide
|
|move|p2a: Zygarde|Rock Slide|p1a: Gyarados
|-damage|p1a: Gyarados|92\/394
|move|p1a: Gyarados|Hydro Pump|p2a: Zygarde
|-damage|p2a: Zygarde|284\/420
|
|upkeep
|turn|20
|choice|*|*move 1
|choice|*move 3|*
|choice|move icebeam|move thousandarrows
|
|move|p2a: Zygarde|Thousand Arrows|p1a: Gyarados
|-damage|p1a: Gyarados|0 fnt
|faint|p1a: Gyarados
|
|upkeep
|choice|*switch 4|*
|choice|switch 4|
|
|switch|p1a: Kyurem|Kyurem-Black|91\/454
|-ability|p1a: Kyurem|Teravolt
|turn|21
|-message|munder sebastian se rindió.
|
|win|Diego spider
</script>
</div>
<div class="battle-log battle-log-inline"><div class="inner"><div class="battle-options"></div><div class="inner"><div class=""><small>Format:</small> <br><strong>OU</strong></div><div class=""><small><em>Cláusula-Mod de Dormir:</em> solo puedes dormir a uno de tus oponentes a la vez.</small></div><div class=""><small><em>Cláusula de Especie:</em> Hasta un Pokémon de cada especie</small></div><div class=""><small><em>Cláusula de Golpe Fulminante:</em> los movimientos fulminantes (OHKO) estan prohibidos</small></div><div class=""><small><em>Cláusula de Veleta:</em> la habilidad Veleta está prohibida</small></div><div class=""><small><em>Cláusula de Movimientos Evasivos:</em> los movimientos de Evasión están prohibidos.</small></div><div class=""><small><em>Cláusula de Batallas Eternas:</em> forzar batallas eternas está prohibido</small></div><div class="chat battle-history"><strong>Diego spider's team:</strong> <em style="color:#445566;display:block;">Celesteela / Gyarados / Greninja / Charizard / Guzzlord / Kyurem-Black</em></div><div class="chat battle-history"><strong>munder sebastian's team:</strong> <em style="color:#445566;display:block;">Magearna / Tapu Koko / Charizard / Gyarados / Kyurem-Black / Zygarde</em></div><div class="spacer battle-history"><br></div><div class="battle-history">Battle started between Diego spider and munder sebastian!<br></div><div class="spacer battle-history"><br></div><div class="battle-history">Go! <strong>Celesteela</strong>!<br></div><div class="spacer battle-history"><br></div><div class="battle-history">munder sebastian sent out <strong>Tapu Koko</strong>!<br></div><div class="battle-history"><small>[The opposing Tapu Koko's Electric Surge]</small><br><small>An electric current runs across the battlefield!</small><br></div><div class="spacer battle-history"><br></div><h2 class="battle-history">Turn 1</h2><div class="chat message-error">Reloj de batalla ENCENDIDO. El jugador inactivo será descalificado (solicitado por Diego spider).</div><div class="chat message-error">Diego spider tiene 285 segundos restantes.</div><div class="chat message-error">munder sebastian tiene 285 segundos restantes.</div><div class="spacer battle-history"><br></div><div class="battle-history">The opposing Tapu Koko used <strong>Thunderbolt</strong>!<br></div><div class="battle-history"><small>It's super effective!</small><br></div><div class="battle-history"><small>(Celesteela lost <abbr title="−302/398">75.9%</abbr> of its health!)</small><br></div><div class="spacer battle-history"><br></div><div class="battle-history">Celesteela used <strong>Heavy Slam</strong>!<br></div><div class="battle-history"><small>(The opposing Tapu Koko lost <abbr title="−237/281">84.3%</abbr> of its health!)</small><br></div><div class="battle-history"><small>The opposing Tapu Koko ate its Sitrus Berry!</small><br></div><div class="battle-history"><small>The opposing Tapu Koko restored HP using its Sitrus Berry!</small><br></div><div class="spacer battle-history"><br></div><h2 class="battle-history">Turn 2</h2><div class="spacer battle-history"><br></div><div class="battle-history">The opposing Tapu Koko used <strong>Thunderbolt</strong>!<br></div><div class="battle-history"><small>It's super effective!</small><br></div><div class="battle-history"><small>(Celesteela lost <abbr title="−96/398">24.1%</abbr> of its health!)</small><br></div><div class="spacer battle-history"><br></div><div class="battle-history">Celesteela fainted!<br></div><div class="spacer battle-history"><br></div><div class="battle-history">Go! <strong>Gyarados</strong>!<br></div><div class="battle-history"><small>[Gyarados's Intimidate]</small><br></div><div class="battle-history"><small>The opposing Tapu Koko's Attack fell!</small><br></div><div class="spacer battle-history"><br></div><h2 class="battle-history">Turn 3</h2><div class="spacer battle-history"><br></div><div class="battle-history"><small>Gyarados's Gyaradosite is reacting to the Key Stone!</small><br>Gyarados has Mega Evolved into Mega Gyarados!<br></div><div class="battle-history"><small>[Gyarados's Mold Breaker]</small><br><small>Gyarados breaks the mold!</small><br></div><div class="spacer battle-history"><br></div><div class="battle-history">The opposing Tapu Koko used <strong>Thunderbolt</strong>!<br></div><div class="battle-history"><small>It's super effective!</small><br></div><div class="battle-history"><small>(Gyarados lost <abbr title="−230/394">58.4%</abbr> of its health!)</small><br></div><div class="spacer battle-history"><br></div><div class="battle-history">Gyarados used <strong>Hydro Pump</strong>!<br></div><div class="battle-history"><small>(The opposing Tapu Koko lost <abbr title="−114/281">40.6%</abbr> of its health!)</small><br></div><div class="spacer battle-history"><br></div><div class="battle-history">The opposing Tapu Koko fainted!<br></div><div class="chat message-error">munder sebastian tiene 285 segundos restantes.</div><div class="spacer battle-history"><br></div><div class="battle-history">munder sebastian sent out <strong>Gyarados</strong>!<br></div><div class="battle-history"><small>[The opposing Gyarados's Intimidate]</small><br></div><div class="battle-history"><small>Gyarados's Attack fell!</small><br></div><div class="spacer battle-history"><br></div><h2 class="battle-history">Turn 4</h2><div class="spacer battle-history"><br></div><div class="battle-history">Gyarados, come back!<br></div><div class="battle-history">Go! <strong>Greninja</strong>!<br></div><div class="spacer battle-history"><br></div><div class="battle-history">The opposing Gyarados used <strong>Crunch</strong>!<br></div><div class="battle-history"><small>It's not very effective...</small><br></div><div class="battle-history"><small>(Greninja lost <abbr title="−74/285">26.0%</abbr> of its health!)</small><br></div><div class="spacer battle-history"><br></div><h2 class="battle-history">Turn 5</h2><div class="spacer battle-history"><br></div><div class="battle-history"><small>The opposing Gyarados's Gyaradosite is reacting to the Key Stone!</small><br>The opposing Gyarados has Mega Evolved into Mega Gyarados!<br></div><div class="battle-history"><small>[The opposing Gyarados's Mold Breaker]</small><br><small>The opposing Gyarados breaks the mold!</small><br></div><div class="spacer battle-history"><br></div><div class="battle-history">Greninja used <strong>Scald</strong>!<br></div><div class="battle-history"><small>It's not very effective...</small><br></div><div class="battle-history"><small>(The opposing Gyarados lost <abbr title="−53/394">13.5%</abbr> of its health!)</small><br></div><div class="battle-history"><small>The opposing Gyarados was burned!</small><br></div><div class="spacer battle-history"><br></div><div class="battle-history">The opposing Gyarados used <strong>Crunch</strong>!<br></div><div class="battle-history"><small>It's not very effective...</small><br></div><div class="battle-history"><small>(Greninja lost <abbr title="−65/285">22.8%</abbr> of its health!)</small><br></div><div class="spacer battle-history"><br></div><div class="battle-history"><small>The opposing Gyarados was hurt by its burn!</small><br></div><div class="battle-history"><small>The electricity disappeared from the battlefield.</small><br></div><div class="spacer battle-history"><br></div><h2 class="battle-history">Turn 6</h2><div class="spacer battle-history"><br></div><div class="battle-history">Greninja, come back!<br></div><div class="battle-history">Go! <strong>Guzzlord</strong>!<br></div><div class="spacer battle-history"><br></div><div class="battle-history">The opposing Gyarados used <strong>Crunch</strong>!<br></div><div class="battle-history"><small>It's not very effective...</small><br></div><div class="battle-history"><small>(Guzzlord lost <abbr title="−72/650">11.1%</abbr> of its health!)</small><br></div><div class="spacer battle-history"><br></div><div class="battle-history"><small>The opposing Gyarados was hurt by its burn!</small><br></div><div class="spacer battle-history"><br></div><h2 class="battle-history">Turn 7</h2><div class="spacer battle-history"><br></div><div class="battle-history">The opposing Gyarados used <strong>Hydro Pump</strong>!<br></div><div class="battle-history"><small>It's not very effective...</small><br></div><div class="battle-history"><small>(Guzzlord lost <abbr title="−75/650">11.5%</abbr> of its health!)</small><br></div><div class="spacer battle-history"><br></div><div class="battle-history">Guzzlord used <strong>Draco Meteor</strong>!<br></div><div class="battle-history"><small>(The opposing Gyarados lost <abbr title="−124/394">31.5%</abbr> of its health!)</small><br></div><div class="battle-history"><small>Guzzlord's Special Attack fell harshly!</small><br></div><div class="spacer battle-history"><br></div><div class="battle-history"><small>The opposing Gyarados was hurt by its burn!</small><br></div><div class="spacer battle-history"><br></div><h2 class="battle-history">Turn 8</h2><div class="spacer battle-history"><br></div><div class="battle-history">The opposing Gyarados used <strong>Scald</strong>!<br></div><div class="battle-history"><small>It's not very effective...</small><br></div><div class="battle-history"><small>(Guzzlord lost <abbr title="−54/650">8.3%</abbr> of its health!)</small><br></div><div class="spacer battle-history"><br></div><div class="battle-history">Guzzlord used <strong>Draco Meteor</strong>!<br></div><div class="battle-history"><small>The opposing Gyarados avoided the attack!</small><br></div><div class="spacer battle-history"><br></div><div class="battle-history"><small>The opposing Gyarados was hurt by its burn!</small><br></div><div class="spacer battle-history"><br></div><h2 class="battle-history">Turn 9</h2><div class="spacer battle-history"><br></div><div class="battle-history">The opposing Gyarados used <strong>Waterfall</strong>!<br></div><div class="battle-history"><small>It's not very effective...</small><br></div><div class="battle-history"><small>(Guzzlord lost <abbr title="−75/650">11.5%</abbr> of its health!)</small><br></div><div class="spacer battle-history"><br></div><div class="battle-history">Guzzlord used <strong>Draco Meteor</strong>!<br></div><div class="battle-history"><small>(The opposing Gyarados lost <abbr title="−64/394">16.2%</abbr> of its health!)</small><br></div><div class="battle-history"><small>Guzzlord's Special Attack fell harshly!</small><br></div><div class="spacer battle-history"><br></div><div class="battle-history"><small>The opposing Gyarados was hurt by its burn!</small><br></div><div class="spacer battle-history"><br></div><h2 class="battle-history">Turn 10</h2><div class="spacer battle-history"><br></div><div class="battle-history">The opposing Gyarados used <strong>Crunch</strong>!<br></div><div class="battle-history"><small>It's not very effective...</small><br></div><div class="battle-history"><small>(Guzzlord lost <abbr title="−67/650">10.3%</abbr> of its health!)</small><br></div><div class="spacer battle-history"><br></div><div class="battle-history">Guzzlord used <strong>Draco Meteor</strong>!<br></div><div class="battle-history"><small>(The opposing Gyarados lost <abbr title="−33/394">8.4%</abbr> of its health!)</small><br></div><div class="battle-history"><small>Guzzlord's Special Attack fell harshly!</small><br></div><div class="spacer battle-history"><br></div><div class="battle-history">The opposing Gyarados fainted!<br></div><div class="battle-history"><small>[Guzzlord's Beast Boost]</small><br></div><div class="battle-history"><small>Guzzlord's Attack rose!</small><br></div><div class="spacer battle-history"><br></div><div class="battle-history">munder sebastian sent out Kyurem (<strong>Kyurem-Black</strong>)!<br></div><div class="battle-history"><small>[The opposing Kyurem's Teravolt]</small><br><small>The opposing Kyurem is radiating a bursting aura!</small><br></div><div class="spacer battle-history"><br></div><h2 class="battle-history">Turn 11</h2><div class="spacer battle-history"><br></div><div class="battle-history">The opposing Kyurem used <strong>Ice Beam</strong>!<br></div><div class="battle-history"><small>It's super effective!</small><br></div><div class="battle-history"><small>(Guzzlord lost <abbr title="−307/650">47.2%</abbr> of its health!)</small><br></div><div class="spacer battle-history"><br></div><div class="battle-history">Guzzlord fainted!<br></div><div class="spacer battle-history"><br></div><div class="battle-history">Go! <strong>Greninja</strong>!<br></div><div class="spacer battle-history"><br></div><h2 class="battle-history">Turn 12</h2><div class="spacer battle-history"><br></div><div class="battle-history">Greninja used <strong>Hydro Pump</strong>!<br></div><div class="battle-history"><small>The opposing Kyurem avoided the attack!</small><br></div><div class="spacer battle-history"><br></div><div class="battle-history">The opposing Kyurem used <strong>Ice Beam</strong>!<br></div><div class="battle-history"><small>It's not very effective...</small><br></div><div class="battle-history"><small>(Greninja lost <abbr title="−114/285">40%</abbr> of its health!)</small><br></div><div class="spacer battle-history"><br></div><h2 class="battle-history">Turn 13</h2><div class="spacer battle-history"><br></div><div class="battle-history">Greninja used <strong>Ice Punch</strong>!<br></div><div class="battle-history"><small>(The opposing Kyurem lost <abbr title="−60/454">13.2%</abbr> of its health!)</small><br></div><div class="spacer battle-history"><br></div><div class="battle-history">The opposing Kyurem used <strong>Ice Beam</strong>!<br></div><div class="battle-history"><small>It's not very effective...</small><br></div><div class="battle-history"><small>(Greninja lost <abbr title="−32/285">11.2%</abbr> of its health!)</small><br></div><div class="spacer battle-history"><br></div><div class="battle-history">Greninja fainted!<br></div><div class="spacer battle-history"><br></div><div class="battle-history">Go! Kyurem (<strong>Kyurem-Black</strong>)!<br></div><div class="battle-history"><small>[Kyurem's Teravolt]</small><br><small>Kyurem is radiating a bursting aura!</small><br></div><div class="spacer battle-history"><br></div><h2 class="battle-history">Turn 14</h2><div class="chat message-error">munder sebastian tiene 285 segundos restantes.</div><div class="spacer battle-history"><br></div><div class="battle-history">The opposing Kyurem used <strong>Hidden Power</strong>!<br></div><div class="battle-history"><small>A critical hit!</small><br></div><div class="battle-history"><small>(Kyurem lost <abbr title="−177/454">39.0%</abbr> of its health!)</small><br></div><div class="spacer battle-history"><br></div><div class="battle-history">Kyurem used <strong>Ice Beam</strong>!<br></div><div class="battle-history"><small>(The opposing Kyurem lost <abbr title="−180/454">39.6%</abbr> of its health!)</small><br></div><div class="battle-history"><small>The opposing Kyurem ate its Sitrus Berry!</small><br></div><div class="battle-history"><small>The opposing Kyurem restored HP using its Sitrus Berry!</small><br></div><div class="spacer battle-history"><br></div><h2 class="battle-history">Turn 15</h2><div class="spacer battle-history"><br></div><div class="battle-history">Kyurem used <strong>Ice Beam</strong>!<br></div><div class="battle-history"><small>(The opposing Kyurem lost <abbr title="−192/454">42.3%</abbr> of its health!)</small><br></div><div class="spacer battle-history"><br></div><div class="battle-history">The opposing Kyurem used <strong>Ice Beam</strong>!<br></div><div class="battle-history"><small>(Kyurem lost <abbr title="−186/454">41.0%</abbr> of its health!)</small><br></div><div class="spacer battle-history"><br></div><h2 class="battle-history">Turn 16</h2><div class="spacer battle-history"><br></div><div class="battle-history">Kyurem used <strong>Ice Beam</strong>!<br></div><div class="battle-history"><small>(The opposing Kyurem lost <abbr title="−135/454">29.7%</abbr> of its health!)</small><br></div><div class="spacer battle-history"><br></div><div class="battle-history">The opposing Kyurem fainted!<br></div><div class="spacer battle-history"><br></div><div class="battle-history">munder sebastian sent out <strong>Zygarde</strong>!<br></div><div class="battle-history"><small>[The opposing Zygarde's Aura Break]</small><br><small>The opposing Zygarde reversed all other Pokémon's auras!</small><br></div><div class="spacer battle-history"><br></div><h2 class="battle-history">Turn 17</h2><div class="spacer battle-history"><br></div><div class="battle-history">Kyurem, come back!<br></div><div class="battle-history">Go! <strong>Charizard</strong>!<br></div><div class="spacer battle-history"><br></div><div class="battle-history">The opposing Zygarde used <strong>Thousand Arrows</strong>!<br></div><div class="battle-history"><small>(Charizard lost <abbr title="−190/297">64.0%</abbr> of its health!)</small><br></div><div class="battle-history"><small>Charizard fell straight down!</small><br></div><div class="spacer battle-history"><br></div><h2 class="battle-history">Turn 18</h2><div class="spacer battle-history"><br></div><div class="battle-history">Charizard used <strong>Inferno</strong>!<br></div><div class="battle-history"><small>The opposing Zygarde avoided the attack!</small><br></div><div class="spacer battle-history"><br></div><div class="battle-history">The opposing Zygarde used <strong>Thousand Arrows</strong>!<br></div><div class="battle-history"><small>It's super effective!</small><br></div><div class="battle-history"><small>(Charizard lost <abbr title="−107/297">36.0%</abbr> of its health!)</small><br></div><div class="spacer battle-history"><br></div><div class="battle-history">Charizard fainted!<br></div><div class="spacer battle-history"><br></div><div class="battle-history">Go! Gyarados (<strong>Gyarados-Mega</strong>)!<br></div><div class="battle-history"><small>[Gyarados's Mold Breaker]</small><br><small>Gyarados breaks the mold!</small><br></div><div class="spacer battle-history"><br></div><h2 class="battle-history">Turn 19</h2><div class="spacer battle-history"><br></div><div class="battle-history">The opposing Zygarde used <strong>Rock Slide</strong>!<br></div><div class="battle-history"><small>(Gyarados lost <abbr title="−72/394">18.3%</abbr> of its health!)</small><br></div><div class="spacer battle-history"><br></div><div class="battle-history">Gyarados used <strong>Hydro Pump</strong>!<br></div><div class="battle-history"><small>(The opposing Zygarde lost <abbr title="−136/420">32.4%</abbr> of its health!)</small><br></div><div class="spacer battle-history"><br></div><h2 class="battle-history">Turn 20</h2><div class="spacer battle-history"><br></div><div class="battle-history">The opposing Zygarde used <strong>Thousand Arrows</strong>!<br></div><div class="battle-history"><small>(Gyarados lost <abbr title="−92/394">23.4%</abbr> of its health!)</small><br></div><div class="spacer battle-history"><br></div><div class="battle-history">Gyarados fainted!<br></div><div class="spacer battle-history"><br></div><div class="battle-history">Go! Kyurem (<strong>Kyurem-Black</strong>)!<br></div><div class="battle-history"><small>[Kyurem's Teravolt]</small><br><small>Kyurem is radiating a bursting aura!</small><br></div><div class="spacer battle-history"><br></div><h2 class="battle-history">Turn 21</h2><div class="spacer battle-history"><br></div><div class="battle-history"><small>munder sebastian se rindió.</small><br></div><div class="spacer battle-history"><br></div><div class="battle-history"><strong>Diego spider</strong> won the battle!<br></div></div><div class="inner-preempt"></div></div></div>
</div>
<script>
let daily = Math.floor(Date.now()/1000/60/60/24);document.write('<script src="https://play.pokemonshowdown.com/js/replay-embed.js?version'+daily+'"></'+'script>');
</script>
