<!DOCTYPE html>
<meta charset="utf-8" />
<!-- version 1 -->
<title>OU replay: cacoluis2005 vs. Exodia PROHIBITED</title>
<style>
html,body {font-family:Verdana, sans-serif;font-size:10pt;margin:0;padding:0;}body{padding:12px 0;} .battle-log {font-family:Verdana, sans-serif;font-size:10pt;} .battle-log-inline {border:1px solid #AAAAAA;background:#EEF2F5;color:black;max-width:640px;margin:0 auto 80px;padding-bottom:5px;} .battle-log .inner {padding:4px 8px 0px 8px;} .battle-log .inner-preempt {padding:0 8px 4px 8px;} .battle-log .inner-after {margin-top:0.5em;} .battle-log h2 {margin:0.5em -8px;padding:4px 8px;border:1px solid #AAAAAA;background:#E0E7EA;border-left:0;border-right:0;font-family:Verdana, sans-serif;font-size:13pt;} .battle-log .chat {vertical-align:middle;padding:3px 0 3px 0;font-size:8pt;} .battle-log .chat strong {color:#40576A;} .battle-log .chat em {padding:1px 4px 1px 3px;color:#000000;font-style:normal;} .chat.mine {background:rgba(0,0,0,0.05);margin-left:-8px;margin-right:-8px;padding-left:8px;padding-right:8px;} .spoiler {color:#BBBBBB;background:#BBBBBB;padding:0px 3px;} .spoiler:hover, .spoiler:active, .spoiler-shown {color:#000000;background:#E2E2E2;padding:0px 3px;} .spoiler a {color:#BBBBBB;} .spoiler:hover a, .spoiler:active a, .spoiler-shown a {color:#2288CC;} .chat code, .chat .spoiler:hover code, .chat .spoiler:active code, .chat .spoiler-shown code {border:1px solid #C0C0C0;background:#EEEEEE;color:black;padding:0 2px;} .chat .spoiler code {border:1px solid #CCCCCC;background:#CCCCCC;color:#CCCCCC;} .battle-log .rated {padding:3px 4px;} .battle-log .rated strong {color:white;background:#89A;padding:1px 4px;border-radius:4px;} .spacer {margin-top:0.5em;} .message-announce {background:#6688AA;color:white;padding:1px 4px 2px;} .message-announce a, .broadcast-green a, .broadcast-blue a, .broadcast-red a {color:#DDEEFF;} .broadcast-green {background-color:#559955;color:white;padding:2px 4px;} .broadcast-blue {background-color:#6688AA;color:white;padding:2px 4px;} .infobox {border:1px solid #6688AA;padding:2px 4px;} .infobox-limited {max-height:200px;overflow:auto;overflow-x:hidden;} .broadcast-red {background-color:#AA5544;color:white;padding:2px 4px;} .message-learn-canlearn {font-weight:bold;color:#228822;text-decoration:underline;} .message-learn-cannotlearn {font-weight:bold;color:#CC2222;text-decoration:underline;} .message-effect-weak {font-weight:bold;color:#CC2222;} .message-effect-resist {font-weight:bold;color:#6688AA;} .message-effect-immune {font-weight:bold;color:#666666;} .message-learn-list {margin-top:0;margin-bottom:0;} .message-throttle-notice, .message-error {color:#992222;} .message-overflow, .chat small.message-overflow {font-size:0pt;} .message-overflow::before {font-size:9pt;content:'...';} .subtle {color:#3A4A66;}
</style>
<div class="wrapper replay-wrapper" style="max-width:1180px;margin:0 auto">
<input type="hidden" name="replayid" value="destiny-ou-479171" />
<div class="battle"></div><div class="battle-log"></div><div class="replay-controls"></div><div class="replay-controls-2"></div>
<h1 style="font-weight:normal;text-align:center"><strong>OU</strong><br /><a href="http://pokemonshowdown.com/users/cacoluis2005" class="subtle" target="_blank">cacoluis2005</a> vs. <a href="http://pokemonshowdown.com/users/exodiaprohibited" class="subtle" target="_blank">Exodia PROHIBITED</a></h1>
<script type="text/plain" class="battle-log-data">|player|p1|cacoluis2005|2095
|teamsize|p1|6
|player|p2|Exodia PROHIBITED|266
|teamsize|p2|6
|teamsize|p1|6
|teamsize|p2|6
|gametype|singles
|gen|7
|tier|OU
|rated
|seed|1671,32644,49227,11537
|rule|Cláusula-Mod de Dormir: solo puedes dormir a uno de tus oponentes a la vez.
|rule|Cláusula de Especie: Hasta un Pokémon de cada especie
|rule|Cláusula de Golpe Fulminante: los movimientos fulminantes (OHKO) estan prohibidos
|rule|Cláusula de Veleta: la habilidad Veleta está prohibida
|rule|Cláusula de Movimientos Evasivos: los movimientos de Evasión están prohibidos.
|rule|Cláusula de Batallas Eternas: forzar batallas eternas está prohibido
|clearpoke
|poke|p1|Galvantula, M, shiny|item
|poke|p1|Hydreigon, M, shiny|item
|poke|p1|Tapu Lele|item
|poke|p1|Registeel|item
|poke|p1|Lopunny, F, shiny|item
|poke|p1|Necrozma|item
|poke|p2|Magearna|item
|poke|p2|Mawile, F|item
|poke|p2|Landorus-Therian, M|item
|poke|p2|Greninja, M|item
|poke|p2|Latios, M|item
|poke|p2|Kartana|item
|teampreview|undefined
|choice|*|*team 321456
|inactive|Reloj de batalla ENCENDIDO. El jugador inactivo será descalificado (solicitado por Exodia PROHIBITED).
|choice|*team 123456|*
|choice|team 1, 2, 3, 4, 5, 6|team 3, 2, 1, 4, 5, 6
|
|start
|switch|p1a: Galvantula|Galvantula, M, shiny|281\/281
|switch|p2a: Landorus|Landorus-Therian, M|319\/319
|-ability|p2a: Landorus|Intimidate|boost
|-unboost|p1a: Galvantula|atk|1
|turn|1
|choice|*move 1|*
|choice|*|*move 1
|choice|move stickyweb|move earthquake
|
|move|p1a: Galvantula|Sticky Web|p2a: Landorus
|-sidestart|p2: Exodia PROHIBITED|move: Sticky Web
|move|p2a: Landorus|Earthquake|p1a: Galvantula
|-damage|p1a: Galvantula|14\/281
|
|upkeep
|turn|2
|choice|*|*move 2
|choice|*move 4|*
|choice|move hiddenpower|move stealthrock
|
|move|p1a: Galvantula|Hidden Power|p2a: Landorus
|-supereffective|p2a: Landorus
|-damage|p2a: Landorus|31\/319
|move|p2a: Landorus|Stealth Rock|p1a: Galvantula
|-sidestart|p1: cacoluis2005|move: Stealth Rock
|
|upkeep
|turn|3
|choice|*move 3|*
|choice|*|*move 1
|choice|move bugbuzz|move earthquake
|
|move|p1a: Galvantula|Bug Buzz|p2a: Landorus
|-resisted|p2a: Landorus
|-damage|p2a: Landorus|0 fnt
|faint|p2a: Landorus
|
|upkeep
|choice|*|*switch 3
|choice||switch 3
|
|switch|p2a: Magearna|Magearna|363\/363
|-activate|p2a: Magearna|move: Sticky Web
|-unboost|p2a: Magearna|spe|1
|turn|4
|choice|*move 2|*
|choice|*|*move 1
|choice|move thunder|move trickroom
|
|move|p1a: Galvantula|Thunder|p2a: Magearna
|-damage|p2a: Magearna|221\/363
|-status|p2a: Magearna|par
|move|p2a: Magearna|Trick Room|p2a: Magearna
|-fieldstart|move: Trick Room|[of] p2a: Magearna
|
|upkeep
|turn|5
|choice|*move 2|*
|choice|*|*move 4
|choice|move thunder|move thunderbolt
|
|move|p2a: Magearna|Thunderbolt|p1a: Galvantula
|-resisted|p1a: Galvantula
|-damage|p1a: Galvantula|0 fnt
|faint|p1a: Galvantula
|-ability|p2a: Magearna|Soul-Heart|boost
|-boost|p2a: Magearna|spa|1
|
|upkeep
|choice|*switch 4|*
|choice|switch 4|
|
|switch|p1a: Registeel|Registeel|364\/364
|-damage|p1a: Registeel|342\/364|[from] Stealth Rock
|turn|6
|choice|*move 2|*
|choice|*|*move 2
|choice|move stealthrock|move focusblast
|
|cant|p2a: Magearna|par
|move|p1a: Registeel|Stealth Rock|p2a: Magearna
|-sidestart|p2: Exodia PROHIBITED|move: Stealth Rock
|
|upkeep
|turn|7
|choice|*move 3|*
|choice|*|*move 2
|choice|move ironhead|move focusblast
|
|cant|p2a: Magearna|par
|move|p1a: Registeel|Iron Head|p2a: Magearna
|-damage|p2a: Magearna|155\/363 par
|
|upkeep
|turn|8
|choice|*|*move 2
|choice|*move 3|*
|choice|move ironhead|move focusblast
|
|move|p2a: Magearna|Focus Blast|p1a: Registeel|[miss]
|-miss|p2a: Magearna|p1a: Registeel
|move|p1a: Registeel|Iron Head|p2a: Magearna
|-damage|p2a: Magearna|88\/363 par
|
|-fieldend|move: Trick Room
|upkeep
|turn|9
|choice|*|*move 1
|choice|*move 3|*
|choice|move ironhead|move trickroom
|
|move|p1a: Registeel|Iron Head|p2a: Magearna
|-damage|p2a: Magearna|24\/363 par
|cant|p2a: Magearna|flinch
|
|upkeep
|turn|10
|choice|*move 3|*
|choice|*|*move 2
|choice|move ironhead|move focusblast
|
|move|p1a: Registeel|Iron Head|p2a: Magearna
|-damage|p2a: Magearna|0 fnt
|faint|p2a: Magearna
|
|upkeep
|choice|*|*switch 2
|choice||switch 2
|
|switch|p2a: Mawile|Mawile, F|291\/291
|-activate|p2a: Mawile|move: Sticky Web
|-unboost|p2a: Mawile|spe|1
|-damage|p2a: Mawile|273\/291|[from] Stealth Rock
|-ability|p2a: Mawile|Intimidate|boost
|-fail|p1a: Registeel|unboost|[from] ability: Clear Body|[of] p1a: Registeel
|turn|11
|choice|*|*move 4 mega
|choice|*switch 6|*
|choice|switch 6|move firefang mega
|
|switch|p1a: Necrozma|Necrozma|398\/398
|-damage|p1a: Necrozma|349\/398|[from] Stealth Rock
|-mega|p2a: Mawile|Mawile|Mawilite
|detailschange|p2a: Mawile|Mawile-Mega, F
|move|p2a: Mawile|Fire Fang|p1a: Necrozma|[miss]
|-miss|p2a: Mawile|p1a: Necrozma
|
|upkeep
|turn|12
|choice|*move 1|*
|choice|*|*move 2
|choice|move autotomize|move playrough
|
|move|p1a: Necrozma|Autotomize|p1a: Necrozma
|-boost|p1a: Necrozma|spe|2
|-start|p1a: Necrozma|Autotomize
|move|p2a: Mawile|Play Rough|p1a: Necrozma
|-damage|p1a: Necrozma|57\/398
|
|upkeep
|turn|13
|choice|*move 2|*
|choice|*|*move 1
|choice|move earthquake|move icepunch
|
|move|p1a: Necrozma|Earthquake|p2a: Mawile
|-supereffective|p2a: Mawile
|-damage|p2a: Mawile|71\/291
|move|p2a: Mawile|Ice Punch|p1a: Necrozma
|-damage|p1a: Necrozma|0 fnt
|faint|p1a: Necrozma
|
|upkeep
|choice|*switch 5|*
|choice|switch 5|
|
|switch|p1a: Lopunny|Lopunny, F, shiny|271\/271
|-damage|p1a: Lopunny|238\/271|[from] Stealth Rock
|turn|14
|choice|*move 1 mega|*
|inactive|Exodia PROHIBITED tiene 135 segundos restantes.
|choice|*|*switch 5
|choice|move poweruppunch mega|switch 5
|
|switch|p2a: Latios|Latios, M|301\/301
|-damage|p2a: Latios|264\/301|[from] Stealth Rock
|-mega|p1a: Lopunny|Lopunny|Lopunnite
|detailschange|p1a: Lopunny|Lopunny-Mega, F, shiny
|move|p1a: Lopunny|Power-Up Punch|p2a: Latios
|-resisted|p2a: Latios
|-damage|p2a: Latios|214\/301
|-boost|p1a: Lopunny|atk|1
|
|upkeep
|turn|15
|choice|*switch 6|*
|choice|*|*move 1
|choice|switch 6|move dracometeor
|
|switch|p1a: Registeel|Registeel|342\/364
|-damage|p1a: Registeel|320\/364|[from] Stealth Rock
|move|p2a: Latios|Draco Meteor|p1a: Registeel
|-resisted|p1a: Registeel
|-damage|p1a: Registeel|238\/364
|-unboost|p2a: Latios|spa|2
|
|upkeep
|turn|16
|choice|*|*switch 6
|choice|*move 1|*
|choice|move explosion|switch 6
|
|switch|p2a: Kartana|Kartana|273\/273
|-activate|p2a: Kartana|move: Sticky Web
|-unboost|p2a: Kartana|spe|1
|-damage|p2a: Kartana|256\/273|[from] Stealth Rock
|move|p1a: Registeel|Explosion|p2a: Kartana
|-enditem|p1a: Registeel|Normal Gem|[from] gem|[move] Explosion
|-resisted|p2a: Kartana
|-damage|p2a: Kartana|189\/273
|faint|p1a: Registeel
|
|upkeep
|choice|*switch 6|*
|choice|switch 6|
|
|switch|p1a: Lopunny|Lopunny-Mega, F, shiny|238\/271
|-damage|p1a: Lopunny|222\/271|[from] Stealth Rock
|turn|17
|choice|*move 2|*
|choice|*|*switch 5
|choice|move highjumpkick|switch 5
|
|switch|p2a: Mawile|Mawile-Mega, F|71\/291
|-activate|p2a: Mawile|move: Sticky Web
|-unboost|p2a: Mawile|spe|1
|-damage|p2a: Mawile|53\/291|[from] Stealth Rock
|move|p1a: Lopunny|High Jump Kick|p2a: Mawile
|-damage|p2a: Mawile|0 fnt
|faint|p2a: Mawile
|
|upkeep
|choice|*|*switch 6
|choice||switch 6
|
|switch|p2a: Latios|Latios, M|214\/301
|-damage|p2a: Latios|177\/301|[from] Stealth Rock
|turn|18
|choice|*|*move 2
|choice|*switch 2|*
|choice|switch 2|move psyshock
|
|switch|p1a: Hydreigon|Hydreigon, M, shiny|325\/325
|-damage|p1a: Hydreigon|285\/325|[from] Stealth Rock
|move|p2a: Latios|Psyshock|p1a: Hydreigon
|-immune|p1a: Hydreigon|[msg]
|
|upkeep
|turn|19
|choice|*move 1 zmove|*
|choice|*|*switch 4
|choice|move dracometeor zmove|switch 4
|
|switch|p2a: Greninja|Greninja, M|285\/285
|-activate|p2a: Greninja|move: Sticky Web
|-unboost|p2a: Greninja|spe|1
|-damage|p2a: Greninja|250\/285|[from] Stealth Rock
|-zpower|p1a: Hydreigon
|move|p1a: Hydreigon|Devastating Drake|p2a: Greninja|[zeffect]
|-damage|p2a: Greninja|0 fnt
|faint|p2a: Greninja
|
|upkeep
|choice|*|*switch 4
|choice||switch 4
|
|switch|p2a: Latios|Latios, M|177\/301
|-damage|p2a: Latios|140\/301|[from] Stealth Rock
|turn|20
|choice|*|*move 1
|choice|*switch 3|*
|choice|switch 3|move dracometeor
|
|switch|p1a: Tapu Lele|Tapu Lele|281\/281
|-damage|p1a: Tapu Lele|246\/281|[from] Stealth Rock
|-fieldstart|move: Psychic Terrain|[from] ability: Psychic Surge|[of] p1a: Tapu Lele
|move|p2a: Latios|Draco Meteor|p1a: Tapu Lele
|-immune|p1a: Tapu Lele|[msg]
|
|upkeep
|turn|21
|choice|*|*move 1
|choice|*move 1|*
|choice|move moonblast|move dracometeor
|
|move|p2a: Latios|Draco Meteor|p1a: Tapu Lele
|-immune|p1a: Tapu Lele|[msg]
|move|p1a: Tapu Lele|Moonblast|p2a: Latios
|-supereffective|p2a: Latios
|-damage|p2a: Latios|0 fnt
|faint|p2a: Latios
|
|upkeep
|choice|*|*switch 5
|choice||switch 5
|
|switch|p2a: Kartana|Kartana|189\/273
|-activate|p2a: Kartana|move: Sticky Web
|-unboost|p2a: Kartana|spe|1
|-damage|p2a: Kartana|172\/273|[from] Stealth Rock
|turn|22
|choice|*move 1|*
|choice|*|*move 3
|choice|move moonblast|move sacredsword
|
|move|p1a: Tapu Lele|Moonblast|p2a: Kartana
|-resisted|p2a: Kartana
|-damage|p2a: Kartana|0 fnt
|faint|p2a: Kartana
|
|win|cacoluis2005
cacoluis2005 ha ganado 6.75 PokeDolares.
|raw|Puntaje de cacoluis2005: 1294 &rarr; <strong>1315<\/strong><br \/>(+21 por ganar)
|raw|Puntaje de Exodia PROHIBITED: 1245 &rarr; <strong>1223<\/strong><br \/>(-22 por perder)
</script>
</div>
<div class="battle-log battle-log-inline"><div class="inner"><div class="battle-options"></div><div class="inner"><div class=""><small>Format:</small> <br><strong>OU</strong></div><div class="rated"><strong>Rated battle</strong></div><div class=""><small><em>Cláusula-Mod de Dormir:</em> solo puedes dormir a uno de tus oponentes a la vez.</small></div><div class=""><small><em>Cláusula de Especie:</em> Hasta un Pokémon de cada especie</small></div><div class=""><small><em>Cláusula de Golpe Fulminante:</em> los movimientos fulminantes (OHKO) estan prohibidos</small></div><div class=""><small><em>Cláusula de Veleta:</em> la habilidad Veleta está prohibida</small></div><div class=""><small><em>Cláusula de Movimientos Evasivos:</em> los movimientos de Evasión están prohibidos.</small></div><div class=""><small><em>Cláusula de Batallas Eternas:</em> forzar batallas eternas está prohibido</small></div><div class="chat battle-history"><strong>cacoluis2005's team:</strong> <em style="color:#445566;display:block;">Galvantula / Hydreigon / Tapu Lele / Registeel / Lopunny / Necrozma</em></div><div class="chat battle-history"><strong>Exodia PROHIBITED's team:</strong> <em style="color:#445566;display:block;">Magearna / Mawile / Landorus-Therian / Greninja / Latios / Kartana</em></div><div class="chat message-error">Reloj de batalla ENCENDIDO. El jugador inactivo será descalificado (solicitado por Exodia PROHIBITED).</div><div class="spacer battle-history"><br></div><div class="battle-history">Battle started between cacoluis2005 and Exodia PROHIBITED!<br></div><div class="spacer battle-history"><br></div><div class="battle-history">Go! <strong>Galvantula</strong>!<br></div><div class="spacer battle-history"><br></div><div class="battle-history">Exodia PROHIBITED sent out Landorus (<strong>Landorus-Therian</strong>)!<br></div><div class="battle-history"><small>[The opposing Landorus's Intimidate]</small><br></div><div class="battle-history"><small>Galvantula's Attack fell!</small><br></div><div class="spacer battle-history"><br></div><h2 class="battle-history">Turn 1</h2><div class="spacer battle-history"><br></div><div class="battle-history">Galvantula used <strong>Sticky Web</strong>!<br></div><div class="battle-history"><small>A sticky web spreads out on the ground around the opposing team!</small><br></div><div class="spacer battle-history"><br></div><div class="battle-history">The opposing Landorus used <strong>Earthquake</strong>!<br></div><div class="battle-history"><small>(Galvantula lost <abbr title="−267/281">95.0%</abbr> of its health!)</small><br></div><div class="spacer battle-history"><br></div><h2 class="battle-history">Turn 2</h2><div class="spacer battle-history"><br></div><div class="battle-history">Galvantula used <strong>Hidden Power</strong>!<br></div><div class="battle-history"><small>It's super effective!</small><br></div><div class="battle-history"><small>(The opposing Landorus lost <abbr title="−288/319">90.3%</abbr> of its health!)</small><br></div><div class="spacer battle-history"><br></div><div class="battle-history">The opposing Landorus used <strong>Stealth Rock</strong>!<br></div><div class="battle-history"><small>Pointed stones float in the air around your team!</small><br></div><div class="spacer battle-history"><br></div><h2 class="battle-history">Turn 3</h2><div class="spacer battle-history"><br></div><div class="battle-history">Galvantula used <strong>Bug Buzz</strong>!<br></div><div class="battle-history"><small>It's not very effective...</small><br></div><div class="battle-history"><small>(The opposing Landorus lost <abbr title="−31/319">9.7%</abbr> of its health!)</small><br></div><div class="spacer battle-history"><br></div><div class="battle-history">The opposing Landorus fainted!<br></div><div class="spacer battle-history"><br></div><div class="battle-history">Exodia PROHIBITED sent out <strong>Magearna</strong>!<br></div><div class="battle-history"><small>The opposing Magearna was caught in a sticky web!</small><br></div><div class="battle-history"><small>The opposing Magearna's Speed fell!</small><br></div><div class="spacer battle-history"><br></div><h2 class="battle-history">Turn 4</h2><div class="spacer battle-history"><br></div><div class="battle-history">Galvantula used <strong>Thunder</strong>!<br></div><div class="battle-history"><small>(The opposing Magearna lost <abbr title="−142/363">39.1%</abbr> of its health!)</small><br></div><div class="battle-history"><small>The opposing Magearna is paralyzed! It may be unable to move!</small><br></div><div class="spacer battle-history"><br></div><div class="battle-history">The opposing Magearna used <strong>Trick Room</strong>!<br></div><div class="battle-history"><small>The opposing Magearna twisted the dimensions!</small><br></div><div class="spacer battle-history"><br></div><h2 class="battle-history">Turn 5</h2><div class="spacer battle-history"><br></div><div class="battle-history">The opposing Magearna used <strong>Thunderbolt</strong>!<br></div><div class="battle-history"><small>It's not very effective...</small><br></div><div class="battle-history"><small>(Galvantula lost <abbr title="−14/281">5.0%</abbr> of its health!)</small><br></div><div class="spacer battle-history"><br></div><div class="battle-history">Galvantula fainted!<br></div><div class="battle-history"><small>[The opposing Magearna's Soul-Heart]</small><br></div><div class="battle-history"><small>The opposing Magearna's Special Attack rose!</small><br></div><div class="spacer battle-history"><br></div><div class="battle-history">Go! <strong>Registeel</strong>!<br></div><div class="battle-history"><small>Pointed stones dug into Registeel!</small><br></div><div class="spacer battle-history"><br></div><h2 class="battle-history">Turn 6</h2><div class="spacer battle-history"><br></div><div class="battle-history">The opposing Magearna is paralyzed! It can't move!<br></div><div class="spacer battle-history"><br></div><div class="battle-history">Registeel used <strong>Stealth Rock</strong>!<br></div><div class="battle-history"><small>Pointed stones float in the air around the opposing team!</small><br></div><div class="spacer battle-history"><br></div><h2 class="battle-history">Turn 7</h2><div class="spacer battle-history"><br></div><div class="battle-history">The opposing Magearna is paralyzed! It can't move!<br></div><div class="spacer battle-history"><br></div><div class="battle-history">Registeel used <strong>Iron Head</strong>!<br></div><div class="battle-history"><small>(The opposing Magearna lost <abbr title="−66/363">18.2%</abbr> of its health!)</small><br></div><div class="spacer battle-history"><br></div><h2 class="battle-history">Turn 8</h2><div class="spacer battle-history"><br></div><div class="battle-history">The opposing Magearna used <strong>Focus Blast</strong>!<br></div><div class="battle-history"><small>Registeel avoided the attack!</small><br></div><div class="spacer battle-history"><br></div><div class="battle-history">Registeel used <strong>Iron Head</strong>!<br></div><div class="battle-history"><small>(The opposing Magearna lost <abbr title="−67/363">18.5%</abbr> of its health!)</small><br></div><div class="spacer battle-history"><br></div><div class="battle-history"><small>The twisted dimensions returned to normal!</small><br></div><div class="spacer battle-history"><br></div><h2 class="battle-history">Turn 9</h2><div class="spacer battle-history"><br></div><div class="battle-history">Registeel used <strong>Iron Head</strong>!<br></div><div class="battle-history"><small>(The opposing Magearna lost <abbr title="−64/363">17.6%</abbr> of its health!)</small><br></div><div class="spacer battle-history"><br></div><div class="battle-history">The opposing Magearna flinched and couldn't move!<br></div><div class="spacer battle-history"><br></div><h2 class="battle-history">Turn 10</h2><div class="spacer battle-history"><br></div><div class="battle-history">Registeel used <strong>Iron Head</strong>!<br></div><div class="battle-history"><small>(The opposing Magearna lost <abbr title="−24/363">6.6%</abbr> of its health!)</small><br></div><div class="spacer battle-history"><br></div><div class="battle-history">The opposing Magearna fainted!<br></div><div class="spacer battle-history"><br></div><div class="battle-history">Exodia PROHIBITED sent out <strong>Mawile</strong>!<br></div><div class="battle-history"><small>The opposing Mawile was caught in a sticky web!</small><br></div><div class="battle-history"><small>The opposing Mawile's Speed fell!</small><br></div><div class="battle-history"><small>Pointed stones dug into the opposing Mawile!</small><br></div><div class="battle-history"><small>[The opposing Mawile's Intimidate]</small><br></div><div class="battle-history"><small>[Registeel's Clear Body]</small><br><small>Registeel's stats were not lowered!</small><br></div><div class="spacer battle-history"><br></div><h2 class="battle-history">Turn 11</h2><div class="spacer battle-history"><br></div><div class="battle-history">Registeel, come back!<br></div><div class="battle-history">Go! <strong>Necrozma</strong>!<br></div><div class="battle-history"><small>Pointed stones dug into Necrozma!</small><br></div><div class="spacer battle-history"><br></div><div class="battle-history"><small>The opposing Mawile's Mawilite is reacting to the Key Stone!</small><br>The opposing Mawile has Mega Evolved into Mega Mawile!<br></div><div class="spacer battle-history"><br></div><div class="battle-history">The opposing Mawile used <strong>Fire Fang</strong>!<br></div><div class="battle-history"><small>Necrozma avoided the attack!</small><br></div><div class="spacer battle-history"><br></div><h2 class="battle-history">Turn 12</h2><div class="spacer battle-history"><br></div><div class="battle-history">Necrozma used <strong>Autotomize</strong>!<br></div><div class="battle-history"><small>Necrozma's Speed rose sharply!</small><br></div><div class="battle-history"><small>Necrozma became nimble!</small><br></div><div class="spacer battle-history"><br></div><div class="battle-history">The opposing Mawile used <strong>Play Rough</strong>!<br></div><div class="battle-history"><small>(Necrozma lost <abbr title="−292/398">73.4%</abbr> of its health!)</small><br></div><div class="spacer battle-history"><br></div><h2 class="battle-history">Turn 13</h2><div class="spacer battle-history"><br></div><div class="battle-history">Necrozma used <strong>Earthquake</strong>!<br></div><div class="battle-history"><small>It's super effective!</small><br></div><div class="battle-history"><small>(The opposing Mawile lost <abbr title="−202/291">69.4%</abbr> of its health!)</small><br></div><div class="spacer battle-history"><br></div><div class="battle-history">The opposing Mawile used <strong>Ice Punch</strong>!<br></div><div class="battle-history"><small>(Necrozma lost <abbr title="−57/398">14.3%</abbr> of its health!)</small><br></div><div class="spacer battle-history"><br></div><div class="battle-history">Necrozma fainted!<br></div><div class="spacer battle-history"><br></div><div class="battle-history">Go! <strong>Lopunny</strong>!<br></div><div class="battle-history"><small>Pointed stones dug into Lopunny!</small><br></div><div class="spacer battle-history"><br></div><h2 class="battle-history">Turn 14</h2><div class="chat message-error">Exodia PROHIBITED tiene 135 segundos restantes.</div><div class="spacer battle-history"><br></div><div class="battle-history">Exodia PROHIBITED withdrew Mawile!<br></div><div class="battle-history">Exodia PROHIBITED sent out <strong>Latios</strong>!<br></div><div class="battle-history"><small>Pointed stones dug into the opposing Latios!</small><br></div><div class="spacer battle-history"><br></div><div class="battle-history"><small>Lopunny's Lopunnite is reacting to the Key Stone!</small><br>Lopunny has Mega Evolved into Mega Lopunny!<br></div><div class="spacer battle-history"><br></div><div class="battle-history">Lopunny used <strong>Power-Up Punch</strong>!<br></div><div class="battle-history"><small>It's not very effective...</small><br></div><div class="battle-history"><small>(The opposing Latios lost <abbr title="−50/301">16.6%</abbr> of its health!)</small><br></div><div class="battle-history"><small>Lopunny's Attack rose!</small><br></div><div class="spacer battle-history"><br></div><h2 class="battle-history">Turn 15</h2><div class="spacer battle-history"><br></div><div class="battle-history">Lopunny, come back!<br></div><div class="battle-history">Go! <strong>Registeel</strong>!<br></div><div class="battle-history"><small>Pointed stones dug into Registeel!</small><br></div><div class="spacer battle-history"><br></div><div class="battle-history">The opposing Latios used <strong>Draco Meteor</strong>!<br></div><div class="battle-history"><small>It's not very effective...</small><br></div><div class="battle-history"><small>(Registeel lost <abbr title="−82/364">22.5%</abbr> of its health!)</small><br></div><div class="battle-history"><small>The opposing Latios's Special Attack fell harshly!</small><br></div><div class="spacer battle-history"><br></div><h2 class="battle-history">Turn 16</h2><div class="spacer battle-history"><br></div><div class="battle-history">Exodia PROHIBITED withdrew Latios!<br></div><div class="battle-history">Exodia PROHIBITED sent out <strong>Kartana</strong>!<br></div><div class="battle-history"><small>The opposing Kartana was caught in a sticky web!</small><br></div><div class="battle-history"><small>The opposing Kartana's Speed fell!</small><br></div><div class="battle-history"><small>Pointed stones dug into the opposing Kartana!</small><br></div><div class="spacer battle-history"><br></div><div class="battle-history">Registeel used <strong>Explosion</strong>!<br></div><div class="battle-history"><small>The Normal Gem strengthened Registeel's power!</small><br></div><div class="battle-history"><small>It's not very effective...</small><br></div><div class="battle-history"><small>(The opposing Kartana lost <abbr title="−67/273">24.5%</abbr> of its health!)</small><br></div><div class="spacer battle-history"><br></div><div class="battle-history">Registeel fainted!<br></div><div class="spacer battle-history"><br></div><div class="battle-history">Go! Lopunny (<strong>Lopunny-Mega</strong>)!<br></div><div class="battle-history"><small>Pointed stones dug into Lopunny!</small><br></div><div class="spacer battle-history"><br></div><h2 class="battle-history">Turn 17</h2><div class="spacer battle-history"><br></div><div class="battle-history">Exodia PROHIBITED withdrew Kartana!<br></div><div class="battle-history">Exodia PROHIBITED sent out Mawile (<strong>Mawile-Mega</strong>)!<br></div><div class="battle-history"><small>The opposing Mawile was caught in a sticky web!</small><br></div><div class="battle-history"><small>The opposing Mawile's Speed fell!</small><br></div><div class="battle-history"><small>Pointed stones dug into the opposing Mawile!</small><br></div><div class="spacer battle-history"><br></div><div class="battle-history">Lopunny used <strong>High Jump Kick</strong>!<br></div><div class="battle-history"><small>(The opposing Mawile lost <abbr title="−53/291">18.2%</abbr> of its health!)</small><br></div><div class="spacer battle-history"><br></div><div class="battle-history">The opposing Mawile fainted!<br></div><div class="spacer battle-history"><br></div><div class="battle-history">Exodia PROHIBITED sent out <strong>Latios</strong>!<br></div><div class="battle-history"><small>Pointed stones dug into the opposing Latios!</small><br></div><div class="spacer battle-history"><br></div><h2 class="battle-history">Turn 18</h2><div class="spacer battle-history"><br></div><div class="battle-history">Lopunny, come back!<br></div><div class="battle-history">Go! <strong>Hydreigon</strong>!<br></div><div class="battle-history"><small>Pointed stones dug into Hydreigon!</small><br></div><div class="spacer battle-history"><br></div><div class="battle-history">The opposing Latios used <strong>Psyshock</strong>!<br></div><div class="battle-history"><small>It doesn't affect Hydreigon...</small><br></div><div class="spacer battle-history"><br></div><h2 class="battle-history">Turn 19</h2><div class="spacer battle-history"><br></div><div class="battle-history">Exodia PROHIBITED withdrew Latios!<br></div><div class="battle-history">Exodia PROHIBITED sent out <strong>Greninja</strong>!<br></div><div class="battle-history"><small>The opposing Greninja was caught in a sticky web!</small><br></div><div class="battle-history"><small>The opposing Greninja's Speed fell!</small><br></div><div class="battle-history"><small>Pointed stones dug into the opposing Greninja!</small><br></div><div class="battle-history"><small>Hydreigon surrounded itself with its Z-Power!</small><br></div><div class="spacer battle-history"><br></div><div class="battle-history">Hydreigon used <strong>Devastating Drake</strong>!<br></div><div class="battle-history"><small>(The opposing Greninja lost <abbr title="−250/285">87.7%</abbr> of its health!)</small><br></div><div class="spacer battle-history"><br></div><div class="battle-history">The opposing Greninja fainted!<br></div><div class="spacer battle-history"><br></div><div class="battle-history">Exodia PROHIBITED sent out <strong>Latios</strong>!<br></div><div class="battle-history"><small>Pointed stones dug into the opposing Latios!</small><br></div><div class="spacer battle-history"><br></div><h2 class="battle-history">Turn 20</h2><div class="spacer battle-history"><br></div><div class="battle-history">Hydreigon, come back!<br></div><div class="battle-history">Go! <strong>Tapu Lele</strong>!<br></div><div class="battle-history"><small>Pointed stones dug into Tapu Lele!</small><br></div><div class="battle-history"><small>[Tapu Lele's Psychic Surge]</small><br><small>The battlefield got weird!</small><br></div><div class="spacer battle-history"><br></div><div class="battle-history">The opposing Latios used <strong>Draco Meteor</strong>!<br></div><div class="battle-history"><small>It doesn't affect Tapu Lele...</small><br></div><div class="spacer battle-history"><br></div><h2 class="battle-history">Turn 21</h2><div class="spacer battle-history"><br></div><div class="battle-history">The opposing Latios used <strong>Draco Meteor</strong>!<br></div><div class="battle-history"><small>It doesn't affect Tapu Lele...</small><br></div><div class="spacer battle-history"><br></div><div class="battle-history">Tapu Lele used <strong>Moonblast</strong>!<br></div><div class="battle-history"><small>It's super effective!</small><br></div><div class="battle-history"><small>(The opposing Latios lost <abbr title="−140/301">46.5%</abbr> of its health!)</small><br></div><div class="spacer battle-history"><br></div><div class="battle-history">The opposing Latios fainted!<br></div><div class="spacer battle-history"><br></div><div class="battle-history">Exodia PROHIBITED sent out <strong>Kartana</strong>!<br></div><div class="battle-history"><small>The opposing Kartana was caught in a sticky web!</small><br></div><div class="battle-history"><small>The opposing Kartana's Speed fell!</small><br></div><div class="battle-history"><small>Pointed stones dug into the opposing Kartana!</small><br></div><div class="spacer battle-history"><br></div><h2 class="battle-history">Turn 22</h2><div class="spacer battle-history"><br></div><div class="battle-history">Tapu Lele used <strong>Moonblast</strong>!<br></div><div class="battle-history"><small>It's not very effective...</small><br></div><div class="battle-history"><small>(The opposing Kartana lost <abbr title="−172/273">63.0%</abbr> of its health!)</small><br></div><div class="spacer battle-history"><br></div><div class="battle-history">The opposing Kartana fainted!<br></div><div class="spacer battle-history"><br></div><div class="battle-history"><strong>cacoluis2005</strong> won the battle!<br></div><div class="chat">cacoluis2005 ha ganado 6.75 PokeDolares.</div><div class="chat">Puntaje de cacoluis2005: 1294 → <strong>1315</strong><br>(+21 por ganar)</div><div class="chat">Puntaje de Exodia PROHIBITED: 1245 → <strong>1223</strong><br>(-22 por perder)</div></div><div class="inner-preempt"></div></div></div>
</div>
<script>
let daily = Math.floor(Date.now()/1000/60/60/24);document.write('<script src="https://play.pokemonshowdown.com/js/replay-embed.js?version'+daily+'"></'+'script>');
</script>
