<!DOCTYPE html>
<meta charset="utf-8" />
<!-- version 1 -->
<title>OU replay: No man's hax vs. Ry Lon</title>
<style>
html,body {font-family:Verdana, sans-serif;font-size:10pt;margin:0;padding:0;}body{padding:12px 0;} .battle-log {font-family:Verdana, sans-serif;font-size:10pt;} .battle-log-inline {border:1px solid #AAAAAA;background:#EEF2F5;color:black;max-width:640px;margin:0 auto 80px;padding-bottom:5px;} .battle-log .inner {padding:4px 8px 0px 8px;} .battle-log .inner-preempt {padding:0 8px 4px 8px;} .battle-log .inner-after {margin-top:0.5em;} .battle-log h2 {margin:0.5em -8px;padding:4px 8px;border:1px solid #AAAAAA;background:#E0E7EA;border-left:0;border-right:0;font-family:Verdana, sans-serif;font-size:13pt;} .battle-log .chat {vertical-align:middle;padding:3px 0 3px 0;font-size:8pt;} .battle-log .chat strong {color:#40576A;} .battle-log .chat em {padding:1px 4px 1px 3px;color:#000000;font-style:normal;} .chat.mine {background:rgba(0,0,0,0.05);margin-left:-8px;margin-right:-8px;padding-left:8px;padding-right:8px;} .spoiler {color:#BBBBBB;background:#BBBBBB;padding:0px 3px;} .spoiler:hover, .spoiler:active, .spoiler-shown {color:#000000;background:#E2E2E2;padding:0px 3px;} .spoiler a {color:#BBBBBB;} .spoiler:hover a, .spoiler:active a, .spoiler-shown a {color:#2288CC;} .chat code, .chat .spoiler:hover code, .chat .spoiler:active code, .chat .spoiler-shown code {border:1px solid #C0C0C0;background:#EEEEEE;color:black;padding:0 2px;} .chat .spoiler code {border:1px solid #CCCCCC;background:#CCCCCC;color:#CCCCCC;} .battle-log .rated {padding:3px 4px;} .battle-log .rated strong {color:white;background:#89A;padding:1px 4px;border-radius:4px;} .spacer {margin-top:0.5em;} .message-announce {background:#6688AA;color:white;padding:1px 4px 2px;} .message-announce a, .broadcast-green a, .broadcast-blue a, .broadcast-red a {color:#DDEEFF;} .broadcast-green {background-color:#559955;color:white;padding:2px 4px;} .broadcast-blue {background-color:#6688AA;color:white;padding:2px 4px;} .infobox {border:1px solid #6688AA;padding:2px 4px;} .infobox-limited {max-height:200px;overflow:auto;overflow-x:hidden;} .broadcast-red {background-color:#AA5544;color:white;padding:2px 4px;} .message-learn-canlearn {font-weight:bold;color:#228822;text-decoration:underline;} .message-learn-cannotlearn {font-weight:bold;color:#CC2222;text-decoration:underline;} .message-effect-weak {font-weight:bold;color:#CC2222;} .message-effect-resist {font-weight:bold;color:#6688AA;} .message-effect-immune {font-weight:bold;color:#666666;} .message-learn-list {margin-top:0;margin-bottom:0;} .message-throttle-notice, .message-error {color:#992222;} .message-overflow, .chat small.message-overflow {font-size:0pt;} .message-overflow::before {font-size:9pt;content:'...';} .subtle {color:#3A4A66;}
</style>
<div class="wrapper replay-wrapper" style="max-width:1180px;margin:0 auto">
<input type="hidden" name="replayid" value="destiny-ou-411112" />
<div class="battle"></div><div class="battle-log"></div><div class="replay-controls"></div><div class="replay-controls-2"></div>
<h1 style="font-weight:normal;text-align:center"><strong>OU</strong><br /><a href="http://pokemonshowdown.com/users/nomanshax" class="subtle" target="_blank">No man's hax</a> vs. <a href="http://pokemonshowdown.com/users/rylon" class="subtle" target="_blank">Ry Lon</a></h1>
<script type="text/plain" class="battle-log-data">|player|p1|No man's hax|nomanshax-2.gif?1e0cab2e
|teamsize|p1|6
|player|p2|Ry Lon|98
|teamsize|p2|6
|teamsize|p1|6
|teamsize|p2|6
|gametype|singles
|gen|7
|tier|OU
|seed|8517,11038,45804,82
|rule|Cláusula-Mod de Dormir: solo puedes dormir a uno de tus oponentes a la vez.
|rule|Cláusula de Especie: Hasta un Pokémon de cada especie
|rule|Cláusula de Golpe Fulminante: los movimientos fulminantes (OHKO) estan prohibidos
|rule|Cláusula de Veleta: la habilidad Veleta está prohibida
|rule|Cláusula de Movimientos Evasivos: los movimientos de Evasión están prohibidos.
|rule|Cláusula de Batallas Eternas: forzar batallas eternas está prohibido
|clearpoke
|poke|p1|Volcarona, M|item
|poke|p1|Ferrothorn, M|item
|poke|p1|Tapu Fini|item
|poke|p1|Zygarde|item
|poke|p1|Zapdos|item
|poke|p1|Lopunny, F|item
|poke|p2|Keldeo|item
|poke|p2|Zygarde|item
|poke|p2|Heatran, M|item
|poke|p2|Tapu Bulu|item
|poke|p2|Greninja, M|item
|poke|p2|Latios, M|item
|teampreview|undefined
|choice|*|*team 623451
|choice|*|*team 623451
|c|☆No man's hax|suerte
|c|☆Ry Lon|=
|choice|*team 623451|*
|choice|team 6, 2, 3, 4, 5, 1|team 6, 2, 3, 4, 5, 1
|
|start
|switch|p1a: Lopunny|Lopunny, F|272\/272
|switch|p2a: Latios|Latios, M|301\/301
|turn|1
|choice|*move 3 mega|*
|choice|*|*move 3 mega
|choice|move fakeout mega|move recover mega
|
|-mega|p2a: Latios|Latios|Latiosite
|detailschange|p2a: Latios|Latios-Mega, M
|-mega|p1a: Lopunny|Lopunny|Lopunnite
|detailschange|p1a: Lopunny|Lopunny-Mega, F
|move|p1a: Lopunny|Fake Out|p2a: Latios
|-damage|p2a: Latios|226\/301
|cant|p2a: Latios|flinch
|
|upkeep
|turn|2
|choice|*|*move 3
|choice|*|*move 3
|choice|*switch 2|*
|choice|switch 2|move recover
|
|switch|p1a: Ferrothorn|Ferrothorn, M|352\/352
|move|p2a: Latios|Recover|p2a: Latios
|-heal|p2a: Latios|301\/301
|
|upkeep
|turn|3
|choice|*switch 2|*
|choice|*|*switch 3
|choice|switch 2|switch 3
|
|switch|p2a: Heatran|Heatran, M|323\/323
|switch|p1a: Lopunny|Lopunny-Mega, F|272\/272
|
|upkeep
|turn|4
|choice|*move 1|*
|choice|*|*switch 4
|choice|move poweruppunch|switch 4
|
|switch|p2a: Tapu Bulu|Tapu Bulu|343\/343
|-fieldstart|move: Grassy Terrain|[from] ability: Grassy Surge|[of] p2a: Tapu Bulu
|move|p1a: Lopunny|Power-Up Punch|p2a: Tapu Bulu
|-resisted|p2a: Tapu Bulu
|-damage|p2a: Tapu Bulu|314\/343
|-boost|p1a: Lopunny|atk|1
|
|-heal|p2a: Tapu Bulu|335\/343|[from] Grassy Terrain
|upkeep
|turn|5
|choice|*|*move 1
|choice|*move 2|*
|choice|move return|move hornleech
|
|move|p1a: Lopunny|Return|p2a: Tapu Bulu
|-damage|p2a: Tapu Bulu|101\/343
|move|p2a: Tapu Bulu|Horn Leech|p1a: Lopunny
|-damage|p1a: Lopunny|112\/272
|-heal|p2a: Tapu Bulu|181\/343|[from] drain|[of] p1a: Lopunny
|
|-heal|p1a: Lopunny|129\/272|[from] Grassy Terrain
|-heal|p2a: Tapu Bulu|202\/343|[from] Grassy Terrain
|upkeep
|turn|6
|c|☆No man's hax|men como me la jugue en serio
|choice|*move 2|*
|c|☆No man's hax|espera el natural
|choice|*|*move 1
|choice|move return|move hornleech
|
|move|p1a: Lopunny|Return|p2a: Tapu Bulu
|-damage|p2a: Tapu Bulu|0 fnt
|faint|p2a: Tapu Bulu
|
|-heal|p1a: Lopunny|146\/272|[from] Grassy Terrain
|upkeep
|choice|*|*switch 6
|choice||switch 6
|
|switch|p2a: Keldeo|Keldeo|323\/323
|turn|7
|choice|*switch 3|*
|choice|*|*move 2
|choice|switch 3|move secretsword
|
|switch|p1a: Tapu Fini|Tapu Fini|344\/344
|-fieldstart|move: Misty Terrain|[from] ability: Misty Surge|[of] p1a: Tapu Fini
|move|p2a: Keldeo|Secret Sword|p1a: Tapu Fini
|-resisted|p1a: Tapu Fini
|-damage|p1a: Tapu Fini|263\/344
|
|-heal|p1a: Tapu Fini|284\/344|[from] item: Leftovers
|upkeep
|turn|8
|choice|*|*switch 4
|choice|*move 2|*
|choice|*move 4|*
|choice|*|*switch 3
|choice|move naturesmadness|switch 3
|
|switch|p2a: Latios|Latios-Mega, M|301\/301
|move|p1a: Tapu Fini|Nature's Madness|p2a: Latios
|-damage|p2a: Latios|151\/301
|
|-heal|p1a: Tapu Fini|305\/344|[from] item: Leftovers
|upkeep
|turn|9
|choice|*move 2|*
|choice|*|*move 3
|choice|move moonblast|move recover
|
|move|p2a: Latios|Recover|p2a: Latios
|-heal|p2a: Latios|301\/301
|move|p1a: Tapu Fini|Moonblast|p2a: Latios
|-supereffective|p2a: Latios
|-damage|p2a: Latios|113\/301
|
|-heal|p1a: Tapu Fini|326\/344|[from] item: Leftovers
|upkeep
|turn|10
|choice|*move 3|*
|choice|*|*move 3
|choice|*move 3|*
|choice|move taunt|move recover
|
|move|p2a: Latios|Recover|p2a: Latios
|-heal|p2a: Latios|264\/301
|move|p1a: Tapu Fini|Taunt|p2a: Latios
|-start|p2a: Latios|move: Taunt
|
|-heal|p1a: Tapu Fini|344\/344|[from] item: Leftovers
|upkeep
|turn|11
|choice|*move 4|*
|choice|*|*switch 4
|choice|move naturesmadness|switch 4
|
|switch|p2a: Heatran|Heatran, M|323\/323
|move|p1a: Tapu Fini|Nature's Madness|p2a: Heatran
|-damage|p2a: Heatran|162\/323
|
|-heal|p2a: Heatran|182\/323|[from] item: Leftovers
|-fieldend|Misty Terrain
|upkeep
|turn|12
|choice|*move 3|*
|choice|*|*move 1
|choice|move taunt|move magmastorm
|
|move|p2a: Heatran|Magma Storm|p1a: Tapu Fini
|-resisted|p1a: Tapu Fini
|-damage|p1a: Tapu Fini|280\/344
|-activate|p1a: Tapu Fini|move: Magma Storm|[of] p2a: Heatran
|move|p1a: Tapu Fini|Taunt|p2a: Heatran
|-start|p2a: Heatran|move: Taunt
|
|-heal|p2a: Heatran|202\/323|[from] item: Leftovers
|-heal|p1a: Tapu Fini|301\/344|[from] item: Leftovers
|-damage|p1a: Tapu Fini|258\/344|[from] move: Magma Storm|[partiallytrapped]
|upkeep
|turn|13
|choice|*move 4|*
|choice|*|*move 2
|choice|move naturesmadness|move earthpower
|
|move|p2a: Heatran|Earth Power|p1a: Tapu Fini
|-damage|p1a: Tapu Fini|186\/344
|move|p1a: Tapu Fini|Nature's Madness|p2a: Heatran
|-damage|p2a: Heatran|101\/323
|
|-heal|p2a: Heatran|121\/323|[from] item: Leftovers
|-heal|p1a: Tapu Fini|207\/344|[from] item: Leftovers
|-damage|p1a: Tapu Fini|164\/344|[from] move: Magma Storm|[partiallytrapped]
|upkeep
|turn|14
|choice|*move 4|*
|choice|*|*move 2
|choice|move naturesmadness|move earthpower
|
|move|p2a: Heatran|Earth Power|p1a: Tapu Fini
|-damage|p1a: Tapu Fini|93\/344
|move|p1a: Tapu Fini|Nature's Madness|p2a: Heatran
|-damage|p2a: Heatran|61\/323
|
|-heal|p2a: Heatran|81\/323|[from] item: Leftovers
|-heal|p1a: Tapu Fini|114\/344|[from] item: Leftovers
|-damage|p1a: Tapu Fini|71\/344|[from] move: Magma Storm|[partiallytrapped]
|upkeep
|turn|15
|c|☆No man's hax|ugh la cague
|choice|*|*move 2
|choice|*move 2|*
|choice|move moonblast|move earthpower
|
|move|p2a: Heatran|Earth Power|p1a: Tapu Fini
|-damage|p1a: Tapu Fini|0 fnt
|faint|p1a: Tapu Fini
|
|-heal|p2a: Heatran|101\/323|[from] item: Leftovers
|-end|p2a: Heatran|move: Taunt
|upkeep
|choice|*switch 3|*
|choice|switch 3|
|
|switch|p1a: Lopunny|Lopunny-Mega, F|146\/272
|turn|16
|choice|*move 1|*
|player|p2|
|player|p2|Ry Lon|98
|c|☆Ry Lon|a
|choice|*|*move 1
|choice|move poweruppunch|move magmastorm
|
|move|p1a: Lopunny|Power-Up Punch|p2a: Heatran
|-supereffective|p2a: Heatran
|-damage|p2a: Heatran|0 fnt
|-boost|p1a: Lopunny|atk|1
|faint|p2a: Heatran
|
|upkeep
|choice|*|*switch 3
|choice||switch 3
|
|switch|p2a: Keldeo|Keldeo|323\/323
|turn|17
|c|☆Ry Lon|uy
|choice|*switch 5|*
|c|☆No man's hax|jure que di HJK
|choice|*switch 5|*
|choice|*|*switch 2
|choice|switch 5|switch 2
|
|switch|p1a: Zapdos|Zapdos|384\/384
|switch|p2a: Zygarde|Zygarde|357\/357
|-ability|p2a: Zygarde|Aura Break
|
|upkeep
|turn|18
|choice|*move 2|*
|choice|*|*move 1
|choice|move hiddenpower|move dragondance
|
|move|p1a: Zapdos|Hidden Power|p2a: Zygarde
|-supereffective|p2a: Zygarde
|-damage|p2a: Zygarde|109\/357
|move|p2a: Zygarde|Dragon Dance|p2a: Zygarde
|-boost|p2a: Zygarde|atk|1
|-boost|p2a: Zygarde|spe|1
|
|upkeep
|turn|19
|choice|*move 2|*
|choice|*|*move 3
|choice|move hiddenpower|move thousandarrows
|
|move|p2a: Zygarde|Thousand Arrows|p1a: Zapdos
|-damage|p1a: Zapdos|141\/384
|-start|p1a: Zapdos|Smack Down
|move|p1a: Zapdos|Hidden Power|p2a: Zygarde
|-supereffective|p2a: Zygarde
|-damage|p2a: Zygarde|0 fnt
|faint|p2a: Zygarde
|
|-heal|p1a: Zapdos|165\/384|[from] item: Leftovers
|upkeep
|choice|*|*switch 4
|choice||switch 4
|
|switch|p2a: Latios|Latios-Mega, M|264\/301
|turn|20
|choice|*switch 2|*
|choice|*|*move 1
|choice|switch 2|move psychic
|
|switch|p1a: Ferrothorn|Ferrothorn, M|352\/352
|move|p2a: Latios|Psychic|p1a: Ferrothorn
|-resisted|p1a: Ferrothorn
|-damage|p1a: Ferrothorn|289\/352
|
|-heal|p1a: Ferrothorn|311\/352|[from] item: Leftovers
|upkeep
|turn|21
|choice|*|*move 1
|choice|*move 1|*
|choice|move leechseed|move psychic
|
|move|p2a: Latios|Psychic|p1a: Ferrothorn
|-resisted|p1a: Ferrothorn
|-damage|p1a: Ferrothorn|246\/352
|move|p1a: Ferrothorn|Leech Seed|p2a: Latios
|-start|p2a: Latios|move: Leech Seed
|
|-heal|p1a: Ferrothorn|268\/352|[from] item: Leftovers
|-damage|p2a: Latios|227\/301|[from] Leech Seed|[of] p1a: Ferrothorn
|-heal|p1a: Ferrothorn|305\/352|[silent]
|upkeep
|turn|22
|choice|*move 2|*
|choice|*|*move 1
|choice|move stealthrock|move psychic
|
|move|p2a: Latios|Psychic|p1a: Ferrothorn
|-resisted|p1a: Ferrothorn
|-damage|p1a: Ferrothorn|244\/352
|move|p1a: Ferrothorn|Stealth Rock|p2a: Latios
|-sidestart|p2: Ry Lon|move: Stealth Rock
|
|-heal|p1a: Ferrothorn|266\/352|[from] item: Leftovers
|-damage|p2a: Latios|190\/301|[from] Leech Seed|[of] p1a: Ferrothorn
|-heal|p1a: Ferrothorn|303\/352|[silent]
|upkeep
|turn|23
|choice|*|*move 4
|choice|*move 3|*
|choice|move powerwhip|move defog
|
|move|p2a: Latios|Defog|p1a: Ferrothorn
|-unboost|p1a: Ferrothorn|evasion|1
|-sideend|p2: Ry Lon|Stealth Rock|[from] move: Defog|[of] p2a: Latios
|move|p1a: Ferrothorn|Power Whip|p2a: Latios
|-resisted|p2a: Latios
|-crit|p2a: Latios
|-damage|p2a: Latios|86\/301
|
|-heal|p1a: Ferrothorn|325\/352|[from] item: Leftovers
|-damage|p2a: Latios|49\/301|[from] Leech Seed|[of] p1a: Ferrothorn
|-heal|p1a: Ferrothorn|352\/352|[silent]
|upkeep
|turn|24
|choice|*switch 5|*
|choice|*|*move 3
|choice|switch 5|move recover
|
|switch|p1a: Lopunny|Lopunny-Mega, F|146\/272
|move|p2a: Latios|Recover|p2a: Latios
|-heal|p2a: Latios|200\/301
|
|-damage|p2a: Latios|163\/301|[from] Leech Seed|[of] p1a: Lopunny
|-heal|p1a: Lopunny|183\/272|[silent]
|upkeep
|turn|25
|c|☆No man's hax|sry por eso
|choice|*move 3|*
|choice|*|*switch 5
|choice|move fakeout|switch 5
|
|switch|p2a: Greninja|Greninja, M|285\/285
|move|p1a: Lopunny|Fake Out|p2a: Greninja
|-damage|p2a: Greninja|167\/285
|
|upkeep
|turn|26
|choice|*switch 5|*
|choice|*|*move 1
|choice|*move 2|*
|choice|move return|move gunkshot
|
|move|p2a: Greninja|Gunk Shot|p1a: Lopunny
|-start|p2a: Greninja|typechange|Poison|[from] Protean
|-damage|p1a: Lopunny|9\/272
|-status|p1a: Lopunny|psn
|move|p1a: Lopunny|Return|p2a: Greninja
|-damage|p2a: Greninja|0 fnt
|faint|p2a: Greninja
|
|-damage|p1a: Lopunny|0 fnt|[from] psn
|upkeep
|faint|p1a: Lopunny
|c|☆Ry Lon|uy
|choice|*|*switch 2
|c|☆No man's hax|verga espera swicth a keldeo
|c|☆No man's hax|por lo de ferro y eso
|choice|*switch 5|*
|choice|switch 5|switch 2
|
|switch|p1a: Ferrothorn|Ferrothorn, M|352\/352
|switch|p2a: Keldeo|Keldeo|323\/323
|turn|27
|choice|*move 3|*
|c|☆Ry Lon|toda la partida creiste que keldeo era scarf
|c|☆Ry Lon|hu3hu3
|choice|*|*move 2
|choice|move powerwhip|move secretsword
|
|move|p2a: Keldeo|Secret Sword|p1a: Ferrothorn
|-supereffective|p1a: Ferrothorn
|-damage|p1a: Ferrothorn|14\/352
|move|p1a: Ferrothorn|Power Whip|p2a: Keldeo|[miss]
|-miss|p1a: Ferrothorn|p2a: Keldeo
|
|-heal|p1a: Ferrothorn|36\/352|[from] item: Leftovers
|upkeep
|turn|28
|c|☆No man's hax|el viejo mindgame
|choice|*move 3|*
|choice|*move 4|*
|choice|*|*move 2
|choice|move protect|move secretsword
|
|move|p1a: Ferrothorn|Protect|p1a: Ferrothorn
|-singleturn|p1a: Ferrothorn|Protect
|move|p2a: Keldeo|Secret Sword|p1a: Ferrothorn
|-activate|p1a: Ferrothorn|move: Protect
|
|-heal|p1a: Ferrothorn|58\/352|[from] item: Leftovers
|upkeep
|turn|29
|choice|*|*move 2
|choice|*|*move 2
|choice|*move 3|*
|choice|*|*switch 5
|choice|move powerwhip|switch 5
|
|switch|p2a: Latios|Latios-Mega, M|163\/301
|move|p1a: Ferrothorn|Power Whip|p2a: Latios
|-resisted|p2a: Latios
|-damage|p2a: Latios|91\/301
|
|-heal|p1a: Ferrothorn|80\/352|[from] item: Leftovers
|upkeep
|turn|30
|choice|*move 4|*
|choice|*|*move 3
|choice|move protect|move recover
|
|move|p1a: Ferrothorn|Protect|p1a: Ferrothorn
|-singleturn|p1a: Ferrothorn|Protect
|move|p2a: Latios|Recover|p2a: Latios
|-heal|p2a: Latios|242\/301
|
|-heal|p1a: Ferrothorn|102\/352|[from] item: Leftovers
|upkeep
|turn|31
|choice|*move 1|*
|choice|*|*move 2
|choice|move leechseed|move icebeam
|
|move|p2a: Latios|Ice Beam|p1a: Ferrothorn
|-damage|p1a: Ferrothorn|19\/352
|move|p1a: Ferrothorn|Leech Seed|p2a: Latios
|-start|p2a: Latios|move: Leech Seed
|
|-heal|p1a: Ferrothorn|41\/352|[from] item: Leftovers
|-damage|p2a: Latios|205\/301|[from] Leech Seed|[of] p1a: Ferrothorn
|-heal|p1a: Ferrothorn|78\/352|[silent]
|upkeep
|turn|32
|choice|*move 4|*
|choice|*|*move 3
|choice|*switch 6|*
|choice|switch 6|move recover
|
|switch|p1a: Volcarona|Volcarona, M|311\/311
|move|p2a: Latios|Recover|p2a: Latios
|-heal|p2a: Latios|301\/301
|
|-damage|p2a: Latios|264\/301|[from] Leech Seed|[of] p1a: Volcarona
|upkeep
|turn|33
|choice|*move 1|*
|choice|*|*move 1
|choice|move quiverdance|move psychic
|
|move|p2a: Latios|Psychic|p1a: Volcarona
|-damage|p1a: Volcarona|140\/311
|move|p1a: Volcarona|Quiver Dance|p1a: Volcarona
|-boost|p1a: Volcarona|spa|1
|-boost|p1a: Volcarona|spd|1
|-boost|p1a: Volcarona|spe|1
|
|-damage|p2a: Latios|227\/301|[from] Leech Seed|[of] p1a: Volcarona
|-heal|p1a: Volcarona|177\/311|[silent]
|upkeep
|turn|34
|choice|*|*move 1
|choice|*move 1|*
|choice|move quiverdance|move psychic
|
|move|p1a: Volcarona|Quiver Dance|p1a: Volcarona
|-boost|p1a: Volcarona|spa|1
|-boost|p1a: Volcarona|spd|1
|-boost|p1a: Volcarona|spe|1
|move|p2a: Latios|Psychic|p1a: Volcarona
|-damage|p1a: Volcarona|87\/311
|
|-damage|p2a: Latios|190\/301|[from] Leech Seed|[of] p1a: Volcarona
|-heal|p1a: Volcarona|124\/311|[silent]
|upkeep
|turn|35
|choice|*|*move 1
|c|☆No man's hax|gg
|choice|*move 3|*
|choice|move bugbuzz|move psychic
|
|move|p1a: Volcarona|Bug Buzz|p2a: Latios
|-supereffective|p2a: Latios
|-damage|p2a: Latios|0 fnt
|faint|p2a: Latios
|
|upkeep
|choice|*|*switch 5
|choice||switch 5
|
|switch|p2a: Keldeo|Keldeo|323\/323
|turn|36
|choice|*|*move 1
|c|☆Ry Lon|gg
|c|☆No man's hax|debo admitir que cai redondito en eso
|choice|*move 3 zmove|*
|choice|move bugbuzz zmove|move hydropump
|
|-zpower|p1a: Volcarona
|move|p1a: Volcarona|Savage Spin-Out|p2a: Keldeo|[zeffect]
|-resisted|p2a: Keldeo
|-damage|p2a: Keldeo|0 fnt
|faint|p2a: Keldeo
|
|win|No man's hax
</script>
</div>
<div class="battle-log battle-log-inline"><div class="inner"><div class="battle-options"></div><div class="inner"><div class=""><small>Format:</small> <br><strong>OU</strong></div><div class=""><small><em>Cláusula-Mod de Dormir:</em> solo puedes dormir a uno de tus oponentes a la vez.</small></div><div class=""><small><em>Cláusula de Especie:</em> Hasta un Pokémon de cada especie</small></div><div class=""><small><em>Cláusula de Golpe Fulminante:</em> los movimientos fulminantes (OHKO) estan prohibidos</small></div><div class=""><small><em>Cláusula de Veleta:</em> la habilidad Veleta está prohibida</small></div><div class=""><small><em>Cláusula de Movimientos Evasivos:</em> los movimientos de Evasión están prohibidos.</small></div><div class=""><small><em>Cláusula de Batallas Eternas:</em> forzar batallas eternas está prohibido</small></div><div class="chat battle-history"><strong>No man's hax's team:</strong> <em style="color:#445566;display:block;">Volcarona / Ferrothorn / Tapu Fini / Zygarde / Zapdos / Lopunny</em></div><div class="chat battle-history"><strong>Ry Lon's team:</strong> <em style="color:#445566;display:block;">Keldeo / Zygarde / Heatran / Tapu Bulu / Greninja / Latios</em></div><div class="chat chatmessage-nomanshax"><strong style="color:hsl(105,82%,35%)"><small>☆</small><span class="username" data-name="No man's hax">No man's hax</span>:</strong> <em>suerte</em></div><div class="chat chatmessage-rylon"><strong style="color:hsl(313,62%,48.6469869428622%)"><small>☆</small><span class="username" data-name="Ry Lon">Ry Lon</span>:</strong> <em>=</em></div><div class="spacer battle-history"><br></div><div class="battle-history">Battle started between No man's hax and Ry Lon!<br></div><div class="spacer battle-history"><br></div><div class="battle-history">Go! <strong>Lopunny</strong>!<br></div><div class="spacer battle-history"><br></div><div class="battle-history">Ry Lon sent out <strong>Latios</strong>!<br></div><div class="spacer battle-history"><br></div><h2 class="battle-history">Turn 1</h2><div class="spacer battle-history"><br></div><div class="battle-history"><small>The opposing Latios's Latiosite is reacting to the Key Stone!</small><br>The opposing Latios has Mega Evolved into Mega Latios!<br></div><div class="spacer battle-history"><br></div><div class="battle-history"><small>Lopunny's Lopunnite is reacting to the Key Stone!</small><br>Lopunny has Mega Evolved into Mega Lopunny!<br></div><div class="spacer battle-history"><br></div><div class="battle-history">Lopunny used <strong>Fake Out</strong>!<br></div><div class="battle-history"><small>(The opposing Latios lost <abbr title="−75/301">24.9%</abbr> of its health!)</small><br></div><div class="spacer battle-history"><br></div><div class="battle-history">The opposing Latios flinched and couldn't move!<br></div><div class="spacer battle-history"><br></div><h2 class="battle-history">Turn 2</h2><div class="spacer battle-history"><br></div><div class="battle-history">Lopunny, come back!<br></div><div class="battle-history">Go! <strong>Ferrothorn</strong>!<br></div><div class="spacer battle-history"><br></div><div class="battle-history">The opposing Latios used <strong>Recover</strong>!<br></div><div class="battle-history"><small>The opposing Latios restored its HP.</small><br></div><div class="spacer battle-history"><br></div><h2 class="battle-history">Turn 3</h2><div class="spacer battle-history"><br></div><div class="battle-history">Ry Lon withdrew Latios!<br></div><div class="battle-history">Ry Lon sent out <strong>Heatran</strong>!<br></div><div class="spacer battle-history"><br></div><div class="battle-history">Ferrothorn, come back!<br></div><div class="battle-history">Go! Lopunny (<strong>Lopunny-Mega</strong>)!<br></div><div class="spacer battle-history"><br></div><h2 class="battle-history">Turn 4</h2><div class="spacer battle-history"><br></div><div class="battle-history">Ry Lon withdrew Heatran!<br></div><div class="battle-history">Ry Lon sent out <strong>Tapu Bulu</strong>!<br></div><div class="battle-history"><small>[The opposing Tapu Bulu's Grassy Surge]</small><br><small>Grass grew to cover the battlefield!</small><br></div><div class="spacer battle-history"><br></div><div class="battle-history">Lopunny used <strong>Power-Up Punch</strong>!<br></div><div class="battle-history"><small>It's not very effective...</small><br></div><div class="battle-history"><small>(The opposing Tapu Bulu lost <abbr title="−29/343">8.5%</abbr> of its health!)</small><br></div><div class="battle-history"><small>Lopunny's Attack rose!</small><br></div><div class="spacer battle-history"><br></div><div class="battle-history"><small>The opposing Tapu Bulu restored HP using its Grassy Terrain!</small><br></div><div class="spacer battle-history"><br></div><h2 class="battle-history">Turn 5</h2><div class="spacer battle-history"><br></div><div class="battle-history">Lopunny used <strong>Return</strong>!<br></div><div class="battle-history"><small>(The opposing Tapu Bulu lost <abbr title="−234/343">68.2%</abbr> of its health!)</small><br></div><div class="spacer battle-history"><br></div><div class="battle-history">The opposing Tapu Bulu used <strong>Horn Leech</strong>!<br></div><div class="battle-history"><small>(Lopunny lost <abbr title="−160/272">58.8%</abbr> of its health!)</small><br></div><div class="battle-history"><small>Lopunny had its energy drained!</small><br></div><div class="spacer battle-history"><br></div><div class="battle-history"><small>Lopunny restored HP using its Grassy Terrain!</small><br></div><div class="battle-history"><small>The opposing Tapu Bulu restored HP using its Grassy Terrain!</small><br></div><div class="spacer battle-history"><br></div><h2 class="battle-history">Turn 6</h2><div class="chat chatmessage-nomanshax"><strong style="color:hsl(105,82%,35%)"><small>☆</small><span class="username" data-name="No man's hax">No man's hax</span>:</strong> <em>men como me la jugue en serio</em></div><div class="chat chatmessage-nomanshax"><strong style="color:hsl(105,82%,35%)"><small>☆</small><span class="username" data-name="No man's hax">No man's hax</span>:</strong> <em>espera el natural</em></div><div class="spacer battle-history"><br></div><div class="battle-history">Lopunny used <strong>Return</strong>!<br></div><div class="battle-history"><small>(The opposing Tapu Bulu lost <abbr title="−202/343">58.9%</abbr> of its health!)</small><br></div><div class="spacer battle-history"><br></div><div class="battle-history">The opposing Tapu Bulu fainted!<br></div><div class="spacer battle-history"><br></div><div class="battle-history"><small>Lopunny restored HP using its Grassy Terrain!</small><br></div><div class="spacer battle-history"><br></div><div class="battle-history">Ry Lon sent out <strong>Keldeo</strong>!<br></div><div class="spacer battle-history"><br></div><h2 class="battle-history">Turn 7</h2><div class="spacer battle-history"><br></div><div class="battle-history">Lopunny, come back!<br></div><div class="battle-history">Go! <strong>Tapu Fini</strong>!<br></div><div class="battle-history"><small>[Tapu Fini's Misty Surge]</small><br><small>Mist swirls around the battlefield!</small><br></div><div class="spacer battle-history"><br></div><div class="battle-history">The opposing Keldeo used <strong>Secret Sword</strong>!<br></div><div class="battle-history"><small>It's not very effective...</small><br></div><div class="battle-history"><small>(Tapu Fini lost <abbr title="−81/344">23.5%</abbr> of its health!)</small><br></div><div class="spacer battle-history"><br></div><div class="battle-history"><small>Tapu Fini restored a little HP using its Leftovers!</small><br></div><div class="spacer battle-history"><br></div><h2 class="battle-history">Turn 8</h2><div class="spacer battle-history"><br></div><div class="battle-history">Ry Lon withdrew Keldeo!<br></div><div class="battle-history">Ry Lon sent out Latios (<strong>Latios-Mega</strong>)!<br></div><div class="spacer battle-history"><br></div><div class="battle-history">Tapu Fini used <strong>Nature's Madness</strong>!<br></div><div class="battle-history"><small>(The opposing Latios lost <abbr title="−150/301">49.8%</abbr> of its health!)</small><br></div><div class="spacer battle-history"><br></div><div class="battle-history"><small>Tapu Fini restored a little HP using its Leftovers!</small><br></div><div class="spacer battle-history"><br></div><h2 class="battle-history">Turn 9</h2><div class="spacer battle-history"><br></div><div class="battle-history">The opposing Latios used <strong>Recover</strong>!<br></div><div class="battle-history"><small>The opposing Latios restored its HP.</small><br></div><div class="spacer battle-history"><br></div><div class="battle-history">Tapu Fini used <strong>Moonblast</strong>!<br></div><div class="battle-history"><small>It's super effective!</small><br></div><div class="battle-history"><small>(The opposing Latios lost <abbr title="−188/301">62.5%</abbr> of its health!)</small><br></div><div class="spacer battle-history"><br></div><div class="battle-history"><small>Tapu Fini restored a little HP using its Leftovers!</small><br></div><div class="spacer battle-history"><br></div><h2 class="battle-history">Turn 10</h2><div class="spacer battle-history"><br></div><div class="battle-history">The opposing Latios used <strong>Recover</strong>!<br></div><div class="battle-history"><small>The opposing Latios restored its HP.</small><br></div><div class="spacer battle-history"><br></div><div class="battle-history">Tapu Fini used <strong>Taunt</strong>!<br></div><div class="battle-history"><small>The opposing Latios fell for the taunt!</small><br></div><div class="spacer battle-history"><br></div><div class="battle-history"><small>Tapu Fini restored a little HP using its Leftovers!</small><br></div><div class="spacer battle-history"><br></div><h2 class="battle-history">Turn 11</h2><div class="spacer battle-history"><br></div><div class="battle-history">Ry Lon withdrew Latios!<br></div><div class="battle-history">Ry Lon sent out <strong>Heatran</strong>!<br></div><div class="spacer battle-history"><br></div><div class="battle-history">Tapu Fini used <strong>Nature's Madness</strong>!<br></div><div class="battle-history"><small>(The opposing Heatran lost <abbr title="−161/323">49.8%</abbr> of its health!)</small><br></div><div class="spacer battle-history"><br></div><div class="battle-history"><small>The opposing Heatran restored a little HP using its Leftovers!</small><br></div><div class="battle-history"><small>The mist disappeared from the battlefield.</small><br></div><div class="spacer battle-history"><br></div><h2 class="battle-history">Turn 12</h2><div class="spacer battle-history"><br></div><div class="battle-history">The opposing Heatran used <strong>Magma Storm</strong>!<br></div><div class="battle-history"><small>It's not very effective...</small><br></div><div class="battle-history"><small>(Tapu Fini lost <abbr title="−64/344">18.6%</abbr> of its health!)</small><br></div><div class="battle-history"><small>Tapu Fini became trapped by swirling magma!</small><br></div><div class="spacer battle-history"><br></div><div class="battle-history">Tapu Fini used <strong>Taunt</strong>!<br></div><div class="battle-history"><small>The opposing Heatran fell for the taunt!</small><br></div><div class="spacer battle-history"><br></div><div class="battle-history"><small>The opposing Heatran restored a little HP using its Leftovers!</small><br></div><div class="battle-history"><small>Tapu Fini restored a little HP using its Leftovers!</small><br></div><div class="battle-history"><small>Tapu Fini is hurt by Magma Storm!</small><br></div><div class="spacer battle-history"><br></div><h2 class="battle-history">Turn 13</h2><div class="spacer battle-history"><br></div><div class="battle-history">The opposing Heatran used <strong>Earth Power</strong>!<br></div><div class="battle-history"><small>(Tapu Fini lost <abbr title="−72/344">20.9%</abbr> of its health!)</small><br></div><div class="spacer battle-history"><br></div><div class="battle-history">Tapu Fini used <strong>Nature's Madness</strong>!<br></div><div class="battle-history"><small>(The opposing Heatran lost <abbr title="−101/323">31.3%</abbr> of its health!)</small><br></div><div class="spacer battle-history"><br></div><div class="battle-history"><small>The opposing Heatran restored a little HP using its Leftovers!</small><br></div><div class="battle-history"><small>Tapu Fini restored a little HP using its Leftovers!</small><br></div><div class="battle-history"><small>Tapu Fini is hurt by Magma Storm!</small><br></div><div class="spacer battle-history"><br></div><h2 class="battle-history">Turn 14</h2><div class="spacer battle-history"><br></div><div class="battle-history">The opposing Heatran used <strong>Earth Power</strong>!<br></div><div class="battle-history"><small>(Tapu Fini lost <abbr title="−71/344">20.6%</abbr> of its health!)</small><br></div><div class="spacer battle-history"><br></div><div class="battle-history">Tapu Fini used <strong>Nature's Madness</strong>!<br></div><div class="battle-history"><small>(The opposing Heatran lost <abbr title="−60/323">18.6%</abbr> of its health!)</small><br></div><div class="spacer battle-history"><br></div><div class="battle-history"><small>The opposing Heatran restored a little HP using its Leftovers!</small><br></div><div class="battle-history"><small>Tapu Fini restored a little HP using its Leftovers!</small><br></div><div class="battle-history"><small>Tapu Fini is hurt by Magma Storm!</small><br></div><div class="spacer battle-history"><br></div><h2 class="battle-history">Turn 15</h2><div class="chat chatmessage-nomanshax"><strong style="color:hsl(105,82%,35%)"><small>☆</small><span class="username" data-name="No man's hax">No man's hax</span>:</strong> <em>ugh la cague</em></div><div class="spacer battle-history"><br></div><div class="battle-history">The opposing Heatran used <strong>Earth Power</strong>!<br></div><div class="battle-history"><small>(Tapu Fini lost <abbr title="−71/344">20.6%</abbr> of its health!)</small><br></div><div class="spacer battle-history"><br></div><div class="battle-history">Tapu Fini fainted!<br></div><div class="spacer battle-history"><br></div><div class="battle-history"><small>The opposing Heatran restored a little HP using its Leftovers!</small><br></div><div class="battle-history"><small>The opposing Heatran's taunt wore off!</small><br></div><div class="spacer battle-history"><br></div><div class="battle-history">Go! Lopunny (<strong>Lopunny-Mega</strong>)!<br></div><div class="spacer battle-history"><br></div><h2 class="battle-history">Turn 16</h2><div class="chat chatmessage-rylon"><strong style="color:hsl(313,62%,48.6469869428622%)"><small>☆</small><span class="username" data-name="Ry Lon">Ry Lon</span>:</strong> <em>a</em></div><div class="spacer battle-history"><br></div><div class="battle-history">Lopunny used <strong>Power-Up Punch</strong>!<br></div><div class="battle-history"><small>It's super effective!</small><br></div><div class="battle-history"><small>(The opposing Heatran lost <abbr title="−101/323">31.3%</abbr> of its health!)</small><br></div><div class="battle-history"><small>Lopunny's Attack rose!</small><br></div><div class="spacer battle-history"><br></div><div class="battle-history">The opposing Heatran fainted!<br></div><div class="spacer battle-history"><br></div><div class="battle-history">Ry Lon sent out <strong>Keldeo</strong>!<br></div><div class="spacer battle-history"><br></div><h2 class="battle-history">Turn 17</h2><div class="chat chatmessage-rylon"><strong style="color:hsl(313,62%,48.6469869428622%)"><small>☆</small><span class="username" data-name="Ry Lon">Ry Lon</span>:</strong> <em>uy</em></div><div class="chat chatmessage-nomanshax"><strong style="color:hsl(105,82%,35%)"><small>☆</small><span class="username" data-name="No man's hax">No man's hax</span>:</strong> <em>jure que di HJK</em></div><div class="spacer battle-history"><br></div><div class="battle-history">Lopunny, come back!<br></div><div class="battle-history">Go! <strong>Zapdos</strong>!<br></div><div class="spacer battle-history"><br></div><div class="battle-history">Ry Lon withdrew Keldeo!<br></div><div class="battle-history">Ry Lon sent out <strong>Zygarde</strong>!<br></div><div class="battle-history"><small>[The opposing Zygarde's Aura Break]</small><br><small>The opposing Zygarde reversed all other Pokémon's auras!</small><br></div><div class="spacer battle-history"><br></div><h2 class="battle-history">Turn 18</h2><div class="spacer battle-history"><br></div><div class="battle-history">Zapdos used <strong>Hidden Power</strong>!<br></div><div class="battle-history"><small>It's super effective!</small><br></div><div class="battle-history"><small>(The opposing Zygarde lost <abbr title="−248/357">69.5%</abbr> of its health!)</small><br></div><div class="spacer battle-history"><br></div><div class="battle-history">The opposing Zygarde used <strong>Dragon Dance</strong>!<br></div><div class="battle-history"><small>The opposing Zygarde's Attack rose!</small><br></div><div class="battle-history"><small>The opposing Zygarde's Speed rose!</small><br></div><div class="spacer battle-history"><br></div><h2 class="battle-history">Turn 19</h2><div class="spacer battle-history"><br></div><div class="battle-history">The opposing Zygarde used <strong>Thousand Arrows</strong>!<br></div><div class="battle-history"><small>(Zapdos lost <abbr title="−243/384">63.3%</abbr> of its health!)</small><br></div><div class="battle-history"><small>Zapdos fell straight down!</small><br></div><div class="spacer battle-history"><br></div><div class="battle-history">Zapdos used <strong>Hidden Power</strong>!<br></div><div class="battle-history"><small>It's super effective!</small><br></div><div class="battle-history"><small>(The opposing Zygarde lost <abbr title="−109/357">30.5%</abbr> of its health!)</small><br></div><div class="spacer battle-history"><br></div><div class="battle-history">The opposing Zygarde fainted!<br></div><div class="spacer battle-history"><br></div><div class="battle-history"><small>Zapdos restored a little HP using its Leftovers!</small><br></div><div class="spacer battle-history"><br></div><div class="battle-history">Ry Lon sent out Latios (<strong>Latios-Mega</strong>)!<br></div><div class="spacer battle-history"><br></div><h2 class="battle-history">Turn 20</h2><div class="spacer battle-history"><br></div><div class="battle-history">Zapdos, come back!<br></div><div class="battle-history">Go! <strong>Ferrothorn</strong>!<br></div><div class="spacer battle-history"><br></div><div class="battle-history">The opposing Latios used <strong>Psychic</strong>!<br></div><div class="battle-history"><small>It's not very effective...</small><br></div><div class="battle-history"><small>(Ferrothorn lost <abbr title="−63/352">17.9%</abbr> of its health!)</small><br></div><div class="spacer battle-history"><br></div><div class="battle-history"><small>Ferrothorn restored a little HP using its Leftovers!</small><br></div><div class="spacer battle-history"><br></div><h2 class="battle-history">Turn 21</h2><div class="spacer battle-history"><br></div><div class="battle-history">The opposing Latios used <strong>Psychic</strong>!<br></div><div class="battle-history"><small>It's not very effective...</small><br></div><div class="battle-history"><small>(Ferrothorn lost <abbr title="−65/352">18.5%</abbr> of its health!)</small><br></div><div class="spacer battle-history"><br></div><div class="battle-history">Ferrothorn used <strong>Leech Seed</strong>!<br></div><div class="battle-history"><small>The opposing Latios was seeded!</small><br></div><div class="spacer battle-history"><br></div><div class="battle-history"><small>Ferrothorn restored a little HP using its Leftovers!</small><br></div><div class="battle-history"><small>The opposing Latios's health is sapped by Leech Seed!</small><br></div><div class="spacer battle-history"><br></div><h2 class="battle-history">Turn 22</h2><div class="spacer battle-history"><br></div><div class="battle-history">The opposing Latios used <strong>Psychic</strong>!<br></div><div class="battle-history"><small>It's not very effective...</small><br></div><div class="battle-history"><small>(Ferrothorn lost <abbr title="−61/352">17.3%</abbr> of its health!)</small><br></div><div class="spacer battle-history"><br></div><div class="battle-history">Ferrothorn used <strong>Stealth Rock</strong>!<br></div><div class="battle-history"><small>Pointed stones float in the air around the opposing team!</small><br></div><div class="spacer battle-history"><br></div><div class="battle-history"><small>Ferrothorn restored a little HP using its Leftovers!</small><br></div><div class="battle-history"><small>The opposing Latios's health is sapped by Leech Seed!</small><br></div><div class="spacer battle-history"><br></div><h2 class="battle-history">Turn 23</h2><div class="spacer battle-history"><br></div><div class="battle-history">The opposing Latios used <strong>Defog</strong>!<br></div><div class="battle-history"><small>Ferrothorn's evasiveness fell!</small><br></div><div class="battle-history"><small>The pointed stones disappeared from around the opposing team!</small><br></div><div class="spacer battle-history"><br></div><div class="battle-history">Ferrothorn used <strong>Power Whip</strong>!<br></div><div class="battle-history"><small>It's not very effective...</small><br></div><div class="battle-history"><small>A critical hit!</small><br></div><div class="battle-history"><small>(The opposing Latios lost <abbr title="−104/301">34.6%</abbr> of its health!)</small><br></div><div class="spacer battle-history"><br></div><div class="battle-history"><small>Ferrothorn restored a little HP using its Leftovers!</small><br></div><div class="battle-history"><small>The opposing Latios's health is sapped by Leech Seed!</small><br></div><div class="spacer battle-history"><br></div><h2 class="battle-history">Turn 24</h2><div class="spacer battle-history"><br></div><div class="battle-history">Ferrothorn, come back!<br></div><div class="battle-history">Go! Lopunny (<strong>Lopunny-Mega</strong>)!<br></div><div class="spacer battle-history"><br></div><div class="battle-history">The opposing Latios used <strong>Recover</strong>!<br></div><div class="battle-history"><small>The opposing Latios restored its HP.</small><br></div><div class="spacer battle-history"><br></div><div class="battle-history"><small>The opposing Latios's health is sapped by Leech Seed!</small><br></div><div class="spacer battle-history"><br></div><h2 class="battle-history">Turn 25</h2><div class="chat chatmessage-nomanshax"><strong style="color:hsl(105,82%,35%)"><small>☆</small><span class="username" data-name="No man's hax">No man's hax</span>:</strong> <em>sry por eso</em></div><div class="spacer battle-history"><br></div><div class="battle-history">Ry Lon withdrew Latios!<br></div><div class="battle-history">Ry Lon sent out <strong>Greninja</strong>!<br></div><div class="spacer battle-history"><br></div><div class="battle-history">Lopunny used <strong>Fake Out</strong>!<br></div><div class="battle-history"><small>(The opposing Greninja lost <abbr title="−118/285">41.4%</abbr> of its health!)</small><br></div><div class="spacer battle-history"><br></div><h2 class="battle-history">Turn 26</h2><div class="spacer battle-history"><br></div><div class="battle-history">The opposing Greninja used <strong>Gunk Shot</strong>!<br></div><div class="spacer battle-history"><br></div><div class="battle-history"><small>[The opposing Greninja's Protean]</small><br><small>The opposing Greninja transformed into the Poison type!</small><br></div><div class="battle-history"><small>(Lopunny lost <abbr title="−174/272">64.0%</abbr> of its health!)</small><br></div><div class="battle-history"><small>Lopunny was poisoned!</small><br></div><div class="spacer battle-history"><br></div><div class="battle-history">Lopunny used <strong>Return</strong>!<br></div><div class="battle-history"><small>(The opposing Greninja lost <abbr title="−167/285">58.6%</abbr> of its health!)</small><br></div><div class="spacer battle-history"><br></div><div class="battle-history">The opposing Greninja fainted!<br></div><div class="spacer battle-history"><br></div><div class="battle-history"><small>Lopunny was hurt by poison!</small><br></div><div class="spacer battle-history"><br></div><div class="battle-history">Lopunny fainted!<br></div><div class="chat chatmessage-rylon"><strong style="color:hsl(313,62%,48.6469869428622%)"><small>☆</small><span class="username" data-name="Ry Lon">Ry Lon</span>:</strong> <em>uy</em></div><div class="chat chatmessage-nomanshax"><strong style="color:hsl(105,82%,35%)"><small>☆</small><span class="username" data-name="No man's hax">No man's hax</span>:</strong> <em>verga espera swicth a keldeo</em></div><div class="chat chatmessage-nomanshax"><strong style="color:hsl(105,82%,35%)"><small>☆</small><span class="username" data-name="No man's hax">No man's hax</span>:</strong> <em>por lo de ferro y eso</em></div><div class="spacer battle-history"><br></div><div class="battle-history">Go! <strong>Ferrothorn</strong>!<br></div><div class="spacer battle-history"><br></div><div class="battle-history">Ry Lon sent out <strong>Keldeo</strong>!<br></div><div class="spacer battle-history"><br></div><h2 class="battle-history">Turn 27</h2><div class="chat chatmessage-rylon"><strong style="color:hsl(313,62%,48.6469869428622%)"><small>☆</small><span class="username" data-name="Ry Lon">Ry Lon</span>:</strong> <em>toda la partida creiste que keldeo era scarf</em></div><div class="chat chatmessage-rylon"><strong style="color:hsl(313,62%,48.6469869428622%)"><small>☆</small><span class="username" data-name="Ry Lon">Ry Lon</span>:</strong> <em>hu3hu3</em></div><div class="spacer battle-history"><br></div><div class="battle-history">The opposing Keldeo used <strong>Secret Sword</strong>!<br></div><div class="battle-history"><small>It's super effective!</small><br></div><div class="battle-history"><small>(Ferrothorn lost <abbr title="−338/352">96.0%</abbr> of its health!)</small><br></div><div class="spacer battle-history"><br></div><div class="battle-history">Ferrothorn used <strong>Power Whip</strong>!<br></div><div class="battle-history"><small>The opposing Keldeo avoided the attack!</small><br></div><div class="spacer battle-history"><br></div><div class="battle-history"><small>Ferrothorn restored a little HP using its Leftovers!</small><br></div><div class="spacer battle-history"><br></div><h2 class="battle-history">Turn 28</h2><div class="chat chatmessage-nomanshax"><strong style="color:hsl(105,82%,35%)"><small>☆</small><span class="username" data-name="No man's hax">No man's hax</span>:</strong> <em>el viejo mindgame</em></div><div class="spacer battle-history"><br></div><div class="battle-history">Ferrothorn used <strong>Protect</strong>!<br></div><div class="battle-history"><small>Ferrothorn protected itself!</small><br></div><div class="spacer battle-history"><br></div><div class="battle-history">The opposing Keldeo used <strong>Secret Sword</strong>!<br></div><div class="battle-history"><small>Ferrothorn protected itself!</small><br></div><div class="spacer battle-history"><br></div><div class="battle-history"><small>Ferrothorn restored a little HP using its Leftovers!</small><br></div><div class="spacer battle-history"><br></div><h2 class="battle-history">Turn 29</h2><div class="spacer battle-history"><br></div><div class="battle-history">Ry Lon withdrew Keldeo!<br></div><div class="battle-history">Ry Lon sent out Latios (<strong>Latios-Mega</strong>)!<br></div><div class="spacer battle-history"><br></div><div class="battle-history">Ferrothorn used <strong>Power Whip</strong>!<br></div><div class="battle-history"><small>It's not very effective...</small><br></div><div class="battle-history"><small>(The opposing Latios lost <abbr title="−72/301">23.9%</abbr> of its health!)</small><br></div><div class="spacer battle-history"><br></div><div class="battle-history"><small>Ferrothorn restored a little HP using its Leftovers!</small><br></div><div class="spacer battle-history"><br></div><h2 class="battle-history">Turn 30</h2><div class="spacer battle-history"><br></div><div class="battle-history">Ferrothorn used <strong>Protect</strong>!<br></div><div class="battle-history"><small>Ferrothorn protected itself!</small><br></div><div class="spacer battle-history"><br></div><div class="battle-history">The opposing Latios used <strong>Recover</strong>!<br></div><div class="battle-history"><small>The opposing Latios restored its HP.</small><br></div><div class="spacer battle-history"><br></div><div class="battle-history"><small>Ferrothorn restored a little HP using its Leftovers!</small><br></div><div class="spacer battle-history"><br></div><h2 class="battle-history">Turn 31</h2><div class="spacer battle-history"><br></div><div class="battle-history">The opposing Latios used <strong>Ice Beam</strong>!<br></div><div class="battle-history"><small>(Ferrothorn lost <abbr title="−83/352">23.6%</abbr> of its health!)</small><br></div><div class="spacer battle-history"><br></div><div class="battle-history">Ferrothorn used <strong>Leech Seed</strong>!<br></div><div class="battle-history"><small>The opposing Latios was seeded!</small><br></div><div class="spacer battle-history"><br></div><div class="battle-history"><small>Ferrothorn restored a little HP using its Leftovers!</small><br></div><div class="battle-history"><small>The opposing Latios's health is sapped by Leech Seed!</small><br></div><div class="spacer battle-history"><br></div><h2 class="battle-history">Turn 32</h2><div class="spacer battle-history"><br></div><div class="battle-history">Ferrothorn, come back!<br></div><div class="battle-history">Go! <strong>Volcarona</strong>!<br></div><div class="spacer battle-history"><br></div><div class="battle-history">The opposing Latios used <strong>Recover</strong>!<br></div><div class="battle-history"><small>The opposing Latios restored its HP.</small><br></div><div class="spacer battle-history"><br></div><div class="battle-history"><small>The opposing Latios's health is sapped by Leech Seed!</small><br></div><div class="spacer battle-history"><br></div><h2 class="battle-history">Turn 33</h2><div class="spacer battle-history"><br></div><div class="battle-history">The opposing Latios used <strong>Psychic</strong>!<br></div><div class="battle-history"><small>(Volcarona lost <abbr title="−171/311">55.0%</abbr> of its health!)</small><br></div><div class="spacer battle-history"><br></div><div class="battle-history">Volcarona used <strong>Quiver Dance</strong>!<br></div><div class="battle-history"><small>Volcarona's Special Attack rose!</small><br></div><div class="battle-history"><small>Volcarona's Special Defense rose!</small><br></div><div class="battle-history"><small>Volcarona's Speed rose!</small><br></div><div class="spacer battle-history"><br></div><div class="battle-history"><small>The opposing Latios's health is sapped by Leech Seed!</small><br></div><div class="spacer battle-history"><br></div><h2 class="battle-history">Turn 34</h2><div class="spacer battle-history"><br></div><div class="battle-history">Volcarona used <strong>Quiver Dance</strong>!<br></div><div class="battle-history"><small>Volcarona's Special Attack rose!</small><br></div><div class="battle-history"><small>Volcarona's Special Defense rose!</small><br></div><div class="battle-history"><small>Volcarona's Speed rose!</small><br></div><div class="spacer battle-history"><br></div><div class="battle-history">The opposing Latios used <strong>Psychic</strong>!<br></div><div class="battle-history"><small>(Volcarona lost <abbr title="−90/311">28.9%</abbr> of its health!)</small><br></div><div class="spacer battle-history"><br></div><div class="battle-history"><small>The opposing Latios's health is sapped by Leech Seed!</small><br></div><div class="spacer battle-history"><br></div><h2 class="battle-history">Turn 35</h2><div class="chat chatmessage-nomanshax"><strong style="color:hsl(105,82%,35%)"><small>☆</small><span class="username" data-name="No man's hax">No man's hax</span>:</strong> <em>gg</em></div><div class="spacer battle-history"><br></div><div class="battle-history">Volcarona used <strong>Bug Buzz</strong>!<br></div><div class="battle-history"><small>It's super effective!</small><br></div><div class="battle-history"><small>(The opposing Latios lost <abbr title="−190/301">63.1%</abbr> of its health!)</small><br></div><div class="spacer battle-history"><br></div><div class="battle-history">The opposing Latios fainted!<br></div><div class="spacer battle-history"><br></div><div class="battle-history">Ry Lon sent out <strong>Keldeo</strong>!<br></div><div class="spacer battle-history"><br></div><h2 class="battle-history">Turn 36</h2><div class="chat chatmessage-rylon"><strong style="color:hsl(313,62%,48.6469869428622%)"><small>☆</small><span class="username" data-name="Ry Lon">Ry Lon</span>:</strong> <em>gg</em></div><div class="chat chatmessage-nomanshax"><strong style="color:hsl(105,82%,35%)"><small>☆</small><span class="username" data-name="No man's hax">No man's hax</span>:</strong> <em>debo admitir que cai redondito en eso</em></div><div class="spacer battle-history"><br></div><div class="battle-history"><small>Volcarona surrounded itself with its Z-Power!</small><br></div><div class="spacer battle-history"><br></div><div class="battle-history">Volcarona used <strong>Savage Spin-Out</strong>!<br></div><div class="battle-history"><small>It's not very effective...</small><br></div><div class="battle-history"><small>(The opposing Keldeo lost <abbr title="−323/323">100%</abbr> of its health!)</small><br></div><div class="spacer battle-history"><br></div><div class="battle-history">The opposing Keldeo fainted!<br></div><div class="spacer battle-history"><br></div><div class="battle-history"><strong>No man's hax</strong> won the battle!<br></div></div><div class="inner-preempt"></div></div></div>
</div>
<script>
let daily = Math.floor(Date.now()/1000/60/60/24);document.write('<script src="https://play.pokemonshowdown.com/js/replay-embed.js?version'+daily+'"></'+'script>');
</script>
