<!DOCTYPE html>
<meta charset="utf-8" />
<!-- version 1 -->
<title>OU replay: RvN Baron vs. 🐂EdwardEllric🐂</title>
<style>
html,body {font-family:Verdana, sans-serif;font-size:10pt;margin:0;padding:0;}body{padding:12px 0;} .battle-log {font-family:Verdana, sans-serif;font-size:10pt;} .battle-log-inline {border:1px solid #AAAAAA;background:#EEF2F5;color:black;max-width:640px;margin:0 auto 80px;padding-bottom:5px;} .battle-log .inner {padding:4px 8px 0px 8px;} .battle-log .inner-preempt {padding:0 8px 4px 8px;} .battle-log .inner-after {margin-top:0.5em;} .battle-log h2 {margin:0.5em -8px;padding:4px 8px;border:1px solid #AAAAAA;background:#E0E7EA;border-left:0;border-right:0;font-family:Verdana, sans-serif;font-size:13pt;} .battle-log .chat {vertical-align:middle;padding:3px 0 3px 0;font-size:8pt;} .battle-log .chat strong {color:#40576A;} .battle-log .chat em {padding:1px 4px 1px 3px;color:#000000;font-style:normal;} .chat.mine {background:rgba(0,0,0,0.05);margin-left:-8px;margin-right:-8px;padding-left:8px;padding-right:8px;} .spoiler {color:#BBBBBB;background:#BBBBBB;padding:0px 3px;} .spoiler:hover, .spoiler:active, .spoiler-shown {color:#000000;background:#E2E2E2;padding:0px 3px;} .spoiler a {color:#BBBBBB;} .spoiler:hover a, .spoiler:active a, .spoiler-shown a {color:#2288CC;} .chat code, .chat .spoiler:hover code, .chat .spoiler:active code, .chat .spoiler-shown code {border:1px solid #C0C0C0;background:#EEEEEE;color:black;padding:0 2px;} .chat .spoiler code {border:1px solid #CCCCCC;background:#CCCCCC;color:#CCCCCC;} .battle-log .rated {padding:3px 4px;} .battle-log .rated strong {color:white;background:#89A;padding:1px 4px;border-radius:4px;} .spacer {margin-top:0.5em;} .message-announce {background:#6688AA;color:white;padding:1px 4px 2px;} .message-announce a, .broadcast-green a, .broadcast-blue a, .broadcast-red a {color:#DDEEFF;} .broadcast-green {background-color:#559955;color:white;padding:2px 4px;} .broadcast-blue {background-color:#6688AA;color:white;padding:2px 4px;} .infobox {border:1px solid #6688AA;padding:2px 4px;} .infobox-limited {max-height:200px;overflow:auto;overflow-x:hidden;} .broadcast-red {background-color:#AA5544;color:white;padding:2px 4px;} .message-learn-canlearn {font-weight:bold;color:#228822;text-decoration:underline;} .message-learn-cannotlearn {font-weight:bold;color:#CC2222;text-decoration:underline;} .message-effect-weak {font-weight:bold;color:#CC2222;} .message-effect-resist {font-weight:bold;color:#6688AA;} .message-effect-immune {font-weight:bold;color:#666666;} .message-learn-list {margin-top:0;margin-bottom:0;} .message-throttle-notice, .message-error {color:#992222;} .message-overflow, .chat small.message-overflow {font-size:0pt;} .message-overflow::before {font-size:9pt;content:'...';} .subtle {color:#3A4A66;}
</style>
<div class="wrapper replay-wrapper" style="max-width:1180px;margin:0 auto">
<input type="hidden" name="replayid" value="destiny-ou-540290" />
<div class="battle"></div><div class="battle-log"></div><div class="replay-controls"></div><div class="replay-controls-2"></div>
<h1 style="font-weight:normal;text-align:center"><strong>OU</strong><br /><a href="http://pokemonshowdown.com/users/rvnbaron" class="subtle" target="_blank">RvN Baron</a> vs. <a href="http://pokemonshowdown.com/users/edwardellric" class="subtle" target="_blank">🐂EdwardEllric🐂</a></h1>
<script type="text/plain" class="battle-log-data">|unlink|||tour
|player|p1|RvN Baron|rvnbaron.gif?cef29ba4
|teamsize|p1|6
|player|p2|🐂EdwardEllric🐂|edwardellric-10.gif?fc0a87fa
|teamsize|p2|6
|teamsize|p1|6
|teamsize|p2|6
|gametype|singles
|gen|7
|tier|OU
|seed|55806,43274,10930,51769
|rule|Cláusula-Mod de Dormir: solo puedes dormir a uno de tus oponentes a la vez.
|rule|Cláusula de Especie: Hasta un Pokémon de cada especie
|rule|Cláusula de Golpe Fulminante: los movimientos fulminantes (OHKO) estan prohibidos
|rule|Cláusula de Veleta: la habilidad Veleta está prohibida
|rule|Cláusula de Movimientos Evasivos: los movimientos de Evasión están prohibidos.
|rule|Cláusula de Batallas Eternas: forzar batallas eternas está prohibido
|clearpoke
|poke|p1|Charizard, F|item
|poke|p1|Tapu Koko|item
|poke|p1|Quagsire, F|item
|poke|p1|Clefable, F|item
|poke|p1|Espeon, F, shiny|item
|poke|p1|Necrozma|item
|poke|p2|Terrakion|item
|poke|p2|Charizard, M|item
|poke|p2|Landorus-Therian, M|item
|poke|p2|Clefable, F|item
|poke|p2|Zapdos|item
|poke|p2|Hoopa-Unbound|item
|teampreview|undefined
|c|☆RvN Baron|Otra vez nos vemos 
|choice|*|*team 321456
|c|☆RvN Baron|e,e
|choice|*team 213456|*
|choice|team 2, 1, 3, 4, 5, 6|team 3, 2, 1, 4, 5, 6
|
|start
|switch|p1a: Tapu Koko|Tapu Koko|344\/344
|switch|p2a: Landorus|Landorus-Therian, M|321\/321
|-ability|p2a: Landorus|Intimidate|boost
|-unboost|p1a: Tapu Koko|atk|1
|-fieldstart|move: Electric Terrain|[from] ability: Electric Surge|[of] p1a: Tapu Koko
|turn|1
|c|☆🐂EdwardEllric🐂|e_a
|choice|*move 3|*
|choice|*|*move 3
|choice|move taunt|move earthquake
|
|move|p2a: Landorus|Earthquake|p1a: Tapu Koko
|-supereffective|p1a: Tapu Koko
|-damage|p1a: Tapu Koko|0 fnt
|faint|p1a: Tapu Koko
|
|upkeep
|c|☆RvN Baron|Oc.
|c|☆RvN Baron|a ver
|choice|*switch 4|*
|choice|switch 4|
|
|switch|p1a: Clefable|Clefable, F|394\/394
|turn|2
|choice|*move 3|*
|choice|*|*switch 2
|choice|move cosmicpower|switch 2
|
|switch|p2a: Charizard|Charizard, M|297\/297
|move|p1a: Clefable|Cosmic Power|p1a: Clefable
|-boost|p1a: Clefable|def|1
|-boost|p1a: Clefable|spd|1
|
|upkeep
|turn|3
|choice|*|*move 1 mega
|choice|*move 3|*
|choice|move cosmicpower|move flamethrower mega
|
|-mega|p2a: Charizard|Charizard|Charizardite Y
|detailschange|p2a: Charizard|Charizard-Mega-Y, M
|-weather|SunnyDay|[from] ability: Drought|[of] p2a: Charizard
|move|p2a: Charizard|Flamethrower|p1a: Clefable
|-damage|p1a: Clefable|196\/394
|move|p1a: Clefable|Cosmic Power|p1a: Clefable
|-boost|p1a: Clefable|def|1
|-boost|p1a: Clefable|spd|1
|
|-weather|SunnyDay|[upkeep]
|-heal|p1a: Clefable|220\/394|[from] item: Leftovers
|upkeep
|turn|4
|choice|*|*move 1
|choice|*move 2|*
|choice|move softboiled|move flamethrower
|
|move|p2a: Charizard|Flamethrower|p1a: Clefable
|-damage|p1a: Clefable|91\/394
|move|p1a: Clefable|Soft-Boiled|p1a: Clefable
|-heal|p1a: Clefable|288\/394
|
|-weather|SunnyDay|[upkeep]
|-heal|p1a: Clefable|312\/394|[from] item: Leftovers
|upkeep
|turn|5
|choice|*|*switch 4
|choice|*move 2|*
|choice|move softboiled|switch 4
|
|switch|p2a: Clefable|Clefable, F|394\/394
|move|p1a: Clefable|Soft-Boiled|p1a: Clefable
|-heal|p1a: Clefable|394\/394
|
|-weather|SunnyDay|[upkeep]
|-fieldend|move: Electric Terrain
|upkeep
|turn|6
|choice|*|*move 1
|choice|*move 3|*
|choice|move cosmicpower|move moonblast
|
|move|p2a: Clefable|Moonblast|p1a: Clefable
|-damage|p1a: Clefable|295\/394
|move|p1a: Clefable|Cosmic Power|p1a: Clefable
|-boost|p1a: Clefable|def|1
|-boost|p1a: Clefable|spd|1
|
|-weather|SunnyDay|[upkeep]
|-heal|p1a: Clefable|319\/394|[from] item: Leftovers
|upkeep
|turn|7
|choice|*move 3|*
|choice|*|*move 1
|choice|move cosmicpower|move moonblast
|
|move|p2a: Clefable|Moonblast|p1a: Clefable
|-damage|p1a: Clefable|220\/394
|move|p1a: Clefable|Cosmic Power|p1a: Clefable
|-boost|p1a: Clefable|def|1
|-boost|p1a: Clefable|spd|1
|
|-weather|none
|-heal|p1a: Clefable|244\/394|[from] item: Leftovers
|upkeep
|turn|8
|choice|*move 2|*
|choice|*|*move 1
|choice|move softboiled|move moonblast
|
|move|p1a: Clefable|Soft-Boiled|p1a: Clefable
|-heal|p1a: Clefable|394\/394
|move|p2a: Clefable|Moonblast|p1a: Clefable
|-damage|p1a: Clefable|282\/394
|
|-heal|p1a: Clefable|306\/394|[from] item: Leftovers
|upkeep
|turn|9
|choice|*move 3|*
|choice|*|*move 1
|choice|move cosmicpower|move moonblast
|
|move|p1a: Clefable|Cosmic Power|p1a: Clefable
|-boost|p1a: Clefable|def|1
|-boost|p1a: Clefable|spd|1
|move|p2a: Clefable|Moonblast|p1a: Clefable
|-damage|p1a: Clefable|194\/394
|
|-heal|p1a: Clefable|218\/394|[from] item: Leftovers
|upkeep
|turn|10
|choice|*move 2|*
|choice|*|*move 1
|choice|move softboiled|move moonblast
|
|move|p2a: Clefable|Moonblast|p1a: Clefable
|-damage|p1a: Clefable|113\/394
|move|p1a: Clefable|Soft-Boiled|p1a: Clefable
|-heal|p1a: Clefable|310\/394
|
|-heal|p1a: Clefable|334\/394|[from] item: Leftovers
|upkeep
|turn|11
|choice|*|*move 1
|choice|*move 2|*
|choice|move softboiled|move moonblast
|
|move|p1a: Clefable|Soft-Boiled|p1a: Clefable
|-heal|p1a: Clefable|394\/394
|move|p2a: Clefable|Moonblast|p1a: Clefable
|-damage|p1a: Clefable|286\/394
|-unboost|p1a: Clefable|spa|1
|
|-heal|p1a: Clefable|310\/394|[from] item: Leftovers
|upkeep
|turn|12
|choice|*move 3|*
|choice|*|*move 1
|choice|move cosmicpower|move moonblast
|
|move|p1a: Clefable|Cosmic Power|p1a: Clefable
|-boost|p1a: Clefable|def|1
|-boost|p1a: Clefable|spd|1
|move|p2a: Clefable|Moonblast|p1a: Clefable
|-damage|p1a: Clefable|196\/394
|
|-heal|p1a: Clefable|220\/394|[from] item: Leftovers
|upkeep
|turn|13
|choice|*move 2|*
|choice|*|*move 1
|choice|move softboiled|move moonblast
|
|move|p1a: Clefable|Soft-Boiled|p1a: Clefable
|-heal|p1a: Clefable|394\/394
|move|p2a: Clefable|Moonblast|p1a: Clefable
|-damage|p1a: Clefable|282\/394
|
|-heal|p1a: Clefable|306\/394|[from] item: Leftovers
|upkeep
|turn|14
|choice|*|*move 1
|choice|*move 4|*
|choice|move chargebeam|move moonblast
|
|move|p1a: Clefable|Charge Beam|p2a: Clefable
|-damage|p2a: Clefable|355\/394
|move|p2a: Clefable|Moonblast|p1a: Clefable
|-damage|p1a: Clefable|192\/394
|-unboost|p1a: Clefable|spa|1
|
|-heal|p1a: Clefable|216\/394|[from] item: Leftovers
|-heal|p2a: Clefable|379\/394|[from] item: Leftovers
|upkeep
|turn|15
|choice|*|*move 1
|choice|*move 2|*
|choice|move softboiled|move moonblast
|
|move|p1a: Clefable|Soft-Boiled|p1a: Clefable
|-heal|p1a: Clefable|394\/394
|move|p2a: Clefable|Moonblast|p1a: Clefable
|-damage|p1a: Clefable|291\/394
|-unboost|p1a: Clefable|spa|1
|
|-heal|p2a: Clefable|394\/394|[from] item: Leftovers
|-heal|p1a: Clefable|315\/394|[from] item: Leftovers
|upkeep
|turn|16
|choice|*move 4|*
|choice|*|*move 1
|choice|move chargebeam|move moonblast
|
|move|p2a: Clefable|Moonblast|p1a: Clefable
|-damage|p1a: Clefable|215\/394
|move|p1a: Clefable|Charge Beam|p2a: Clefable
|-damage|p2a: Clefable|354\/394
|-boost|p1a: Clefable|spa|1
|
|-heal|p2a: Clefable|378\/394|[from] item: Leftovers
|-heal|p1a: Clefable|239\/394|[from] item: Leftovers
|upkeep
|turn|17
|choice|*move 2|*
|choice|*|*move 1
|choice|move softboiled|move moonblast
|
|move|p2a: Clefable|Moonblast|p1a: Clefable
|-damage|p1a: Clefable|122\/394
|move|p1a: Clefable|Soft-Boiled|p1a: Clefable
|-heal|p1a: Clefable|319\/394
|
|-heal|p1a: Clefable|343\/394|[from] item: Leftovers
|-heal|p2a: Clefable|394\/394|[from] item: Leftovers
|upkeep
|turn|18
|choice|*|*move 1
|choice|*move 2|*
|choice|move softboiled|move moonblast
|
|move|p2a: Clefable|Moonblast|p1a: Clefable
|-damage|p1a: Clefable|238\/394
|move|p1a: Clefable|Soft-Boiled|p1a: Clefable
|-heal|p1a: Clefable|394\/394
|
|upkeep
|turn|19
|choice|*move 4|*
|choice|*|*move 1
|choice|move chargebeam|move moonblast
|
|move|p2a: Clefable|Moonblast|p1a: Clefable
|-damage|p1a: Clefable|288\/394
|move|p1a: Clefable|Charge Beam|p2a: Clefable
|-damage|p2a: Clefable|354\/394
|
|-heal|p1a: Clefable|312\/394|[from] item: Leftovers
|-heal|p2a: Clefable|378\/394|[from] item: Leftovers
|upkeep
|turn|20
|choice|*move 4|*
|choice|*|*move 1
|choice|move chargebeam|move moonblast
|
|move|p1a: Clefable|Charge Beam|p2a: Clefable
|-damage|p2a: Clefable|334\/394
|move|p2a: Clefable|Moonblast|p1a: Clefable
|-damage|p1a: Clefable|207\/394
|
|-heal|p2a: Clefable|358\/394|[from] item: Leftovers
|-heal|p1a: Clefable|231\/394|[from] item: Leftovers
|upkeep
|turn|21
|choice|*|*switch 2
|choice|*move 4|*
|choice|move chargebeam|switch 2
|
|switch|p2a: Landorus|Landorus-Therian, M|321\/321
|-ability|p2a: Landorus|Intimidate|boost
|-unboost|p1a: Clefable|atk|1
|move|p1a: Clefable|Charge Beam|p2a: Landorus
|-immune|p2a: Landorus|[msg]
|
|-heal|p1a: Clefable|255\/394|[from] item: Leftovers
|upkeep
|turn|22
|choice|*move 2|*
|choice|*|*move 4
|choice|move softboiled|move knockoff
|
|move|p2a: Landorus|Knock Off|p1a: Clefable
|-resisted|p1a: Clefable
|-damage|p1a: Clefable|238\/394
|-enditem|p1a: Clefable|Leftovers|[from] move: Knock Off|[of] p2a: Landorus
|move|p1a: Clefable|Soft-Boiled|p1a: Clefable
|-heal|p1a: Clefable|394\/394
|
|upkeep
|turn|23
|choice|*move 3|*
|choice|*|*switch 6
|choice|move cosmicpower|switch 6
|
|switch|p2a: Hoopa|Hoopa-Unbound|302\/302
|move|p1a: Clefable|Cosmic Power|p1a: Clefable
|-boost|p1a: Clefable|def|0
|-boost|p1a: Clefable|spd|0
|
|upkeep
|turn|24
|choice|*move 4|*
|choice|*|*switch 5
|choice|move chargebeam|switch 5
|
|switch|p2a: Zapdos|Zapdos|383\/383
|-ability|p2a: Zapdos|Pressure
|move|p1a: Clefable|Charge Beam|p2a: Zapdos
|-damage|p2a: Zapdos|362\/383
|-boost|p1a: Clefable|spa|1
|
|-heal|p2a: Zapdos|383\/383|[from] item: Leftovers
|upkeep
|turn|25
|choice|*|*move 1
|choice|*move 4|*
|choice|move chargebeam|move thunderbolt
|
|move|p2a: Zapdos|Thunderbolt|p1a: Clefable
|-damage|p1a: Clefable|360\/394
|move|p1a: Clefable|Charge Beam|p2a: Zapdos
|-damage|p2a: Zapdos|355\/383
|-boost|p1a: Clefable|spa|1
|
|-heal|p2a: Zapdos|378\/383|[from] item: Leftovers
|upkeep
|turn|26
|choice|*move 4|*
|choice|*|*move 1
|choice|move chargebeam|move thunderbolt
|
|move|p2a: Zapdos|Thunderbolt|p1a: Clefable
|-damage|p1a: Clefable|326\/394
|move|p1a: Clefable|Charge Beam|p2a: Zapdos
|-damage|p2a: Zapdos|338\/383
|
|-heal|p2a: Zapdos|361\/383|[from] item: Leftovers
|upkeep
|turn|27
|choice|*move 4|*
|choice|*|*move 1
|choice|move chargebeam|move thunderbolt
|
|move|p2a: Zapdos|Thunderbolt|p1a: Clefable
|-damage|p1a: Clefable|292\/394
|move|p1a: Clefable|Charge Beam|p2a: Zapdos
|-damage|p2a: Zapdos|321\/383
|
|-heal|p2a: Zapdos|344\/383|[from] item: Leftovers
|upkeep
|turn|28
|choice|*move 4|*
|choice|*|*switch 6
|choice|move chargebeam|switch 6
|
|switch|p2a: Landorus|Landorus-Therian, M|321\/321
|-ability|p2a: Landorus|Intimidate|boost
|-unboost|p1a: Clefable|atk|1
|move|p1a: Clefable|Charge Beam|p2a: Landorus
|-immune|p2a: Landorus|[msg]
|
|upkeep
|turn|29
|c|☆RvN Baron|
|c|☆RvN Baron|:slowbr: rayo carga d emeirda xd
|choice|*|*move 2
|choice|*move 3|*
|choice|move cosmicpower|move uturn
|
|move|p2a: Landorus|U-turn|p1a: Clefable
|-resisted|p1a: Clefable
|-damage|p1a: Clefable|281\/394
|choice|*|*switch 5
|choice||switch 5
|
|switch|p2a: Hoopa|Hoopa-Unbound|302\/302|[from]move: U-turn
|move|p1a: Clefable|Cosmic Power|p1a: Clefable
|-boost|p1a: Clefable|def|0
|-boost|p1a: Clefable|spd|0
|
|upkeep
|turn|30
|choice|*move 4|*
|choice|*|*switch 6
|choice|move chargebeam|switch 6
|
|switch|p2a: Zapdos|Zapdos|344\/383
|-ability|p2a: Zapdos|Pressure
|move|p1a: Clefable|Charge Beam|p2a: Zapdos
|-damage|p2a: Zapdos|304\/383
|
|-heal|p2a: Zapdos|327\/383|[from] item: Leftovers
|upkeep
|turn|31
|choice|*move 1|*
|choice|*|*switch 6
|choice|*move 1|*
|choice|move storedpower|switch 6
|
|switch|p2a: Hoopa|Hoopa-Unbound|302\/302
|move|p1a: Clefable|Stored Power|p2a: Hoopa
|-immune|p2a: Hoopa|[msg]
|
|upkeep
|turn|32
|choice|*move 2|*
|c|☆🐂EdwardEllric🐂|:^)
|choice|*|*move 2
|choice|move softboiled|move psychic
|
|move|p2a: Hoopa|Psychic|p1a: Clefable
|-damage|p1a: Clefable|209\/394
|move|p1a: Clefable|Soft-Boiled|p1a: Clefable
|-heal|p1a: Clefable|394\/394
|
|upkeep
|turn|33
|c|☆RvN Baron|:'C
|choice|*|*move 2
|choice|*move 2|*
|choice|move softboiled|move psychic
|
|move|p2a: Hoopa|Psychic|p1a: Clefable
|-damage|p1a: Clefable|313\/394
|move|p1a: Clefable|Soft-Boiled|p1a: Clefable
|-heal|p1a: Clefable|394\/394
|
|upkeep
|turn|34
|choice|*move 3|*
|choice|*|*switch 5
|choice|move cosmicpower|switch 5
|
|switch|p2a: Landorus|Landorus-Therian, M|321\/321
|-ability|p2a: Landorus|Intimidate|boost
|-unboost|p1a: Clefable|atk|1
|move|p1a: Clefable|Cosmic Power|p1a: Clefable
|-boost|p1a: Clefable|def|0
|-boost|p1a: Clefable|spd|0
|
|upkeep
|turn|35
|choice|*move 3|*
|choice|*|*move 2
|choice|move cosmicpower|move uturn
|
|move|p2a: Landorus|U-turn|p1a: Clefable
|-resisted|p1a: Clefable
|-damage|p1a: Clefable|382\/394
|choice|*|*switch 5
|choice||switch 5
|
|switch|p2a: Hoopa|Hoopa-Unbound|302\/302|[from]move: U-turn
|move|p1a: Clefable|Cosmic Power|p1a: Clefable
|-boost|p1a: Clefable|def|0
|-boost|p1a: Clefable|spd|0
|
|upkeep
|turn|36
|choice|*move 3|*
|choice|*|*move 2
|choice|move cosmicpower|move psychic
|
|move|p2a: Hoopa|Psychic|p1a: Clefable
|-damage|p1a: Clefable|315\/394
|move|p1a: Clefable|Cosmic Power|p1a: Clefable
|-boost|p1a: Clefable|def|0
|-boost|p1a: Clefable|spd|0
|
|upkeep
|turn|37
|choice|*move 3|*
|choice|*|*switch 2
|choice|move cosmicpower|switch 2
|
|switch|p2a: Clefable|Clefable, F|358\/394
|move|p1a: Clefable|Cosmic Power|p1a: Clefable
|-boost|p1a: Clefable|def|0
|-boost|p1a: Clefable|spd|0
|
|-heal|p2a: Clefable|382\/394|[from] item: Leftovers
|upkeep
|turn|38
|choice|*|*move 1
|choice|*|*move 2
|choice|*move 3|*
|choice|move cosmicpower|move wish
|
|move|p1a: Clefable|Cosmic Power|p1a: Clefable
|-boost|p1a: Clefable|def|0
|-boost|p1a: Clefable|spd|0
|move|p2a: Clefable|Wish|p2a: Clefable
|
|-heal|p2a: Clefable|394\/394|[from] item: Leftovers
|upkeep
|turn|39
|choice|*move 3|*
|inactive|Reloj de batalla ENCENDIDO. El jugador inactivo será descalificado (solicitado por RvN Baron).
|choice|*|*move 1
|choice|move cosmicpower|move moonblast
|
|move|p2a: Clefable|Moonblast|p1a: Clefable
|-damage|p1a: Clefable|216\/394
|-unboost|p1a: Clefable|spa|1
|move|p1a: Clefable|Cosmic Power|p1a: Clefable
|-boost|p1a: Clefable|def|0
|-boost|p1a: Clefable|spd|0
|
|upkeep
|turn|40
|choice|*|*move 1
|choice|*move 2|*
|choice|move softboiled|move moonblast
|
|move|p2a: Clefable|Moonblast|p1a: Clefable
|-damage|p1a: Clefable|99\/394
|move|p1a: Clefable|Soft-Boiled|p1a: Clefable
|-heal|p1a: Clefable|296\/394
|
|upkeep
|turn|41
|choice|*move 2|*
|choice|*move 2|*
|choice|*|*move 1
|choice|move softboiled|move moonblast
|
|move|p2a: Clefable|Moonblast|p1a: Clefable
|-crit|p1a: Clefable
|-damage|p1a: Clefable|139\/394
|-unboost|p1a: Clefable|spa|1
|move|p1a: Clefable|Soft-Boiled|p1a: Clefable
|-heal|p1a: Clefable|336\/394
|
|upkeep
|turn|42
|choice|*|*move 1
|c|☆RvN Baron|
|choice|*move 3|*
|choice|move cosmicpower|move moonblast
|
|move|p2a: Clefable|Moonblast|p1a: Clefable
|-damage|p1a: Clefable|233\/394
|move|p1a: Clefable|Cosmic Power|p1a: Clefable
|-boost|p1a: Clefable|def|0
|-boost|p1a: Clefable|spd|0
|
|upkeep
|turn|43
|choice|*move 2|*
|inactive|🐂EdwardEllric🐂 tiene 285 segundos restantes.
|choice|*|*move 1
|choice|move softboiled|move moonblast
|
|move|p2a: Clefable|Moonblast|p1a: Clefable
|-damage|p1a: Clefable|118\/394
|move|p1a: Clefable|Soft-Boiled|p1a: Clefable
|-heal|p1a: Clefable|315\/394
|
|upkeep
|turn|44
|choice|*|*switch 2
|choice|*move 3|*
|choice|move cosmicpower|switch 2
|
|switch|p2a: Hoopa|Hoopa-Unbound|302\/302
|move|p1a: Clefable|Cosmic Power|p1a: Clefable
|-boost|p1a: Clefable|def|0
|-boost|p1a: Clefable|spd|0
|
|upkeep
|turn|45
|choice|*|*move 4
|choice|*move 3|*
|choice|move cosmicpower|move darkpulse
|
|move|p2a: Hoopa|Dark Pulse|p1a: Clefable
|-resisted|p1a: Clefable
|-damage|p1a: Clefable|282\/394
|move|p1a: Clefable|Cosmic Power|p1a: Clefable
|-boost|p1a: Clefable|def|0
|-boost|p1a: Clefable|spd|0
|
|upkeep
|turn|46
|choice|*move 3|*
|choice|*|*move 4
|choice|move cosmicpower|move darkpulse
|
|move|p2a: Hoopa|Dark Pulse|p1a: Clefable
|-resisted|p1a: Clefable
|-damage|p1a: Clefable|250\/394
|move|p1a: Clefable|Cosmic Power|p1a: Clefable
|-boost|p1a: Clefable|def|0
|-boost|p1a: Clefable|spd|0
|
|upkeep
|turn|47
|choice|*move 2|*
|choice|*|*move 4
|choice|move softboiled|move darkpulse
|
|move|p2a: Hoopa|Dark Pulse|p1a: Clefable
|-resisted|p1a: Clefable
|-damage|p1a: Clefable|215\/394
|cant|p1a: Clefable|flinch
|
|upkeep
|turn|48
|choice|*|*move 4
|choice|*move 2|*
|choice|move softboiled|move darkpulse
|
|move|p2a: Hoopa|Dark Pulse|p1a: Clefable
|-resisted|p1a: Clefable
|-damage|p1a: Clefable|182\/394
|move|p1a: Clefable|Soft-Boiled|p1a: Clefable
|-heal|p1a: Clefable|379\/394
|
|upkeep
|turn|49
|choice|*move 3|*
|choice|*|*switch 6
|choice|move cosmicpower|switch 6
|
|switch|p2a: Zapdos|Zapdos|327\/383
|-ability|p2a: Zapdos|Pressure
|move|p1a: Clefable|Cosmic Power|p1a: Clefable
|-boost|p1a: Clefable|def|0
|-boost|p1a: Clefable|spd|0
|
|-heal|p2a: Zapdos|350\/383|[from] item: Leftovers
|upkeep
|turn|50
|choice|*move 1|*
|choice|*|*move 1
|choice|move storedpower|move thunderbolt
|
|move|p2a: Zapdos|Thunderbolt|p1a: Clefable
|-damage|p1a: Clefable|349\/394
|-status|p1a: Clefable|par
|cant|p1a: Clefable|par
|
|-heal|p2a: Zapdos|373\/383|[from] item: Leftovers
|upkeep
|turn|51
|choice|*move 1|*
|choice|*|*move 2
|choice|move storedpower|move hiddenpower
|
|move|p2a: Zapdos|Hidden Power|p1a: Clefable
|-damage|p1a: Clefable|332\/394 par
|cant|p1a: Clefable|par
|
|-heal|p2a: Zapdos|383\/383|[from] item: Leftovers
|upkeep
|turn|52
|choice|*|*move 2
|c|☆🐂EdwardEllric🐂|joder
|choice|*move 1|*
|choice|move storedpower|move hiddenpower
|
|move|p2a: Zapdos|Hidden Power|p1a: Clefable
|-damage|p1a: Clefable|318\/394 par
|move|p1a: Clefable|Stored Power|p2a: Zapdos
|-damage|p2a: Zapdos|287\/383
|
|-heal|p2a: Zapdos|310\/383|[from] item: Leftovers
|upkeep
|turn|53
|choice|*move 1|*
|c|☆RvN Baron|
|choice|*|*move 2
|choice|move storedpower|move hiddenpower
|
|move|p2a: Zapdos|Hidden Power|p1a: Clefable
|-damage|p1a: Clefable|303\/394 par
|cant|p1a: Clefable|par
|
|-heal|p2a: Zapdos|333\/383|[from] item: Leftovers
|upkeep
|turn|54
|choice|*move 1|*
|choice|*|*switch 6
|choice|move storedpower|switch 6
|
|switch|p2a: Hoopa|Hoopa-Unbound|302\/302
|cant|p1a: Clefable|par
|
|upkeep
|turn|55
|choice|*move 3|*
|choice|*|*switch 6
|choice|move cosmicpower|switch 6
|
|switch|p2a: Zapdos|Zapdos|333\/383
|-ability|p2a: Zapdos|Pressure
|move|p1a: Clefable|Cosmic Power|p1a: Clefable
|-boost|p1a: Clefable|def|0
|-boost|p1a: Clefable|spd|0
|
|-heal|p2a: Zapdos|356\/383|[from] item: Leftovers
|upkeep
|turn|56
|choice|*|*switch 6
|choice|*move 1|*
|choice|move storedpower|switch 6
|
|switch|p2a: Hoopa|Hoopa-Unbound|302\/302
|move|p1a: Clefable|Stored Power|p2a: Hoopa
|-immune|p2a: Hoopa|[msg]
|
|upkeep
|turn|57
|choice|*move 1|*
|choice|*|*switch 6
|choice|move storedpower|switch 6
|
|switch|p2a: Zapdos|Zapdos|356\/383
|-ability|p2a: Zapdos|Pressure
|move|p1a: Clefable|Stored Power|p2a: Zapdos
|-damage|p2a: Zapdos|246\/383
|
|-heal|p2a: Zapdos|269\/383|[from] item: Leftovers
|upkeep
|turn|58
|choice|*move 1|*
|choice|*|*switch 6
|choice|move storedpower|switch 6
|
|switch|p2a: Hoopa|Hoopa-Unbound|302\/302
|move|p1a: Clefable|Stored Power|p2a: Hoopa
|-immune|p2a: Hoopa|[msg]
|
|upkeep
|turn|59
|choice|*move 1|*
|choice|*|*switch 6
|choice|move storedpower|switch 6
|
|switch|p2a: Zapdos|Zapdos|269\/383
|-ability|p2a: Zapdos|Pressure
|move|p1a: Clefable|Stored Power|p2a: Zapdos
|-damage|p2a: Zapdos|170\/383
|
|-heal|p2a: Zapdos|193\/383|[from] item: Leftovers
|upkeep
|turn|60
|choice|*move 1|*
|choice|*|*move 3
|choice|move storedpower|move roost
|
|move|p2a: Zapdos|Roost|p2a: Zapdos
|-heal|p2a: Zapdos|383\/383
|cant|p1a: Clefable|par
|
|upkeep
|turn|61
|choice|*move 1|*
|choice|*|*switch 6
|choice|move storedpower|switch 6
|
|switch|p2a: Hoopa|Hoopa-Unbound|302\/302
|move|p1a: Clefable|Stored Power|p2a: Hoopa
|-immune|p2a: Hoopa|[msg]
|
|upkeep
|turn|62
|choice|*switch 2|*
|choice|*|*switch 6
|choice|switch 2|switch 6
|
|switch|p2a: Zapdos|Zapdos|383\/383
|-ability|p2a: Zapdos|Pressure
|switch|p1a: Charizard|Charizard, F|297\/297
|
|upkeep
|turn|63
|choice|*|*move 1
|choice|*|*switch 5
|choice|*move 1 mega|*
|choice|move flamecharge mega|switch 5
|
|switch|p2a: Landorus|Landorus-Therian, M|321\/321
|-ability|p2a: Landorus|Intimidate|boost
|-unboost|p1a: Charizard|atk|1
|-mega|p1a: Charizard|Charizard|Charizardite X
|detailschange|p1a: Charizard|Charizard-Mega-X, F
|move|p1a: Charizard|Flame Charge|p2a: Landorus
|-damage|p2a: Landorus|230\/321
|-boost|p1a: Charizard|spe|1
|
|upkeep
|turn|64
|choice|*|*move 3
|choice|*switch 3|*
|choice|switch 3|move earthquake
|
|switch|p1a: Quagsire|Quagsire, F|394\/394
|move|p2a: Landorus|Earthquake|p1a: Quagsire
|-damage|p1a: Quagsire|222\/394
|
|upkeep
|turn|65
|choice|*|*switch 4
|choice|*move 1 zmove|*
|choice|move aquatail zmove|switch 4
|
|switch|p2a: Charizard|Charizard-Mega-Y, M|297\/297
|-weather|SunnyDay|[from] ability: Drought|[of] p2a: Charizard
|-zpower|p1a: Quagsire
|move|p1a: Quagsire|Hydro Vortex|p2a: Charizard|[zeffect]
|-supereffective|p2a: Charizard
|-damage|p2a: Charizard|69\/297
|
|-weather|SunnyDay|[upkeep]
|upkeep
|turn|66
|choice|*|*move 3
|choice|*move 1|*
|choice|move aquatail|move solarbeam
|
|move|p2a: Charizard|Solar Beam|p1a: Quagsire|[still]
|-prepare|p2a: Charizard|Solar Beam|p1a: Quagsire
|-anim|p2a: Charizard|Solar Beam|p1a: Quagsire
|-supereffective|p1a: Quagsire
|-damage|p1a: Quagsire|0 fnt
|faint|p1a: Quagsire
|
|-weather|SunnyDay|[upkeep]
|upkeep
|choice|*switch 3|*
|choice|switch 3|
|
|switch|p1a: Charizard|Charizard-Mega-X, F|297\/297
|turn|67
|choice|*move 3|*
|choice|*|*switch 4
|choice|move bellydrum|switch 4
|
|switch|p2a: Landorus|Landorus-Therian, M|230\/321
|-ability|p2a: Landorus|Intimidate|boost
|-unboost|p1a: Charizard|atk|1
|move|p1a: Charizard|Belly Drum|p1a: Charizard
|-damage|p1a: Charizard|149\/297
|-setboost|p1a: Charizard|atk|6|[from] move: Belly Drum
|
|-weather|SunnyDay|[upkeep]
|upkeep
|turn|68
|choice|*move 1|*
|choice|*|*move 3
|choice|move flamecharge|move earthquake
|
|move|p2a: Landorus|Earthquake|p1a: Charizard
|-supereffective|p1a: Charizard
|-damage|p1a: Charizard|0 fnt
|faint|p1a: Charizard
|
|-weather|SunnyDay|[upkeep]
|upkeep
|c|☆RvN Baron|joder :slowbr:
|choice|*switch 6|*
|choice|switch 6|
|
|switch|p1a: Necrozma|Necrozma|398\/398
|turn|69
|choice|*|*switch 6
|choice|*move 4|*
|choice|move calmmind|switch 6
|
|switch|p2a: Hoopa|Hoopa-Unbound|302\/302
|move|p1a: Necrozma|Calm Mind|p1a: Necrozma
|-boost|p1a: Necrozma|spa|1
|-boost|p1a: Necrozma|spd|1
|
|-weather|none
|upkeep
|turn|70
|choice|*|*move 4
|choice|*move 4|*
|choice|move calmmind|move darkpulse
|
|move|p2a: Hoopa|Dark Pulse|p1a: Necrozma
|-supereffective|p1a: Necrozma
|-damage|p1a: Necrozma|190\/398
|move|p1a: Necrozma|Calm Mind|p1a: Necrozma
|-boost|p1a: Necrozma|spa|1
|-boost|p1a: Necrozma|spd|1
|
|upkeep
|turn|71
|choice|*move 2|*
|choice|*|*move 4
|choice|move rest|move darkpulse
|
|move|p2a: Hoopa|Dark Pulse|p1a: Necrozma
|-supereffective|p1a: Necrozma
|-damage|p1a: Necrozma|27\/398
|move|p1a: Necrozma|Rest|p1a: Necrozma
|-status|p1a: Necrozma|slp
|-heal|p1a: Necrozma|398\/398 slp|[silent]
|-status|p1a: Necrozma|slp|[from] move: Rest
|-enditem|p1a: Necrozma|Chesto Berry|[eat]
|-curestatus|p1a: Necrozma|slp|[msg]
|
|upkeep
|turn|72
|choice|*|*move 4
|choice|*move 4|*
|choice|move calmmind|move darkpulse
|
|move|p2a: Hoopa|Dark Pulse|p1a: Necrozma
|-supereffective|p1a: Necrozma
|-damage|p1a: Necrozma|248\/398
|move|p1a: Necrozma|Calm Mind|p1a: Necrozma
|-boost|p1a: Necrozma|spa|1
|-boost|p1a: Necrozma|spd|1
|
|upkeep
|turn|73
|choice|*|*move 4
|choice|*move 4|*
|choice|move calmmind|move darkpulse
|
|move|p2a: Hoopa|Dark Pulse|p1a: Necrozma
|-supereffective|p1a: Necrozma
|-damage|p1a: Necrozma|127\/398
|move|p1a: Necrozma|Calm Mind|p1a: Necrozma
|-boost|p1a: Necrozma|spa|1
|-boost|p1a: Necrozma|spd|1
|
|upkeep
|turn|74
|choice|*move 2|*
|choice|*|*move 4
|choice|move rest|move darkpulse
|
|move|p2a: Hoopa|Dark Pulse|p1a: Necrozma
|-supereffective|p1a: Necrozma
|-damage|p1a: Necrozma|10\/398
|move|p1a: Necrozma|Rest|p1a: Necrozma
|-status|p1a: Necrozma|slp
|-heal|p1a: Necrozma|398\/398 slp|[silent]
|-status|p1a: Necrozma|slp|[from] move: Rest
|
|upkeep
|turn|75
|c|☆RvN Baron| no salio como lo planie e,e
|choice|*|*switch 6
|choice|*move 4|*
|choice|move calmmind|switch 6
|
|switch|p2a: Landorus|Landorus-Therian, M|230\/321
|-ability|p2a: Landorus|Intimidate|boost
|-unboost|p1a: Necrozma|atk|1
|cant|p1a: Necrozma|slp
|
|upkeep
|turn|76
|choice|*move 4|*
|choice|*|*move 4
|choice|move calmmind|move knockoff
|
|move|p2a: Landorus|Knock Off|p1a: Necrozma
|-supereffective|p1a: Necrozma
|-damage|p1a: Necrozma|275\/398 slp
|cant|p1a: Necrozma|slp
|
|upkeep
|turn|77
|choice|*|*move 4
|choice|*move 2|*
|choice|move rest|move knockoff
|
|move|p2a: Landorus|Knock Off|p1a: Necrozma
|-supereffective|p1a: Necrozma
|-damage|p1a: Necrozma|139\/398 slp
|-curestatus|p1a: Necrozma|slp|[msg]
|move|p1a: Necrozma|Rest|p1a: Necrozma
|-status|p1a: Necrozma|slp
|-heal|p1a: Necrozma|398\/398 slp|[silent]
|-status|p1a: Necrozma|slp|[from] move: Rest
|
|upkeep
|turn|78
|choice|*move 3|*
|choice|*|*switch 3
|choice|move irondefense|switch 3
|
|switch|p2a: Terrakion|Terrakion|323\/323
|cant|p1a: Necrozma|slp
|
|upkeep
|turn|79
|choice|*|*move 3
|choice|*move 3|*
|choice|move irondefense|move swordsdance
|
|move|p2a: Terrakion|Swords Dance|p2a: Terrakion
|-boost|p2a: Terrakion|atk|2
|cant|p1a: Necrozma|slp
|
|upkeep
|turn|80
|choice|*move 3|*
|choice|*|*move 2 zmove
|choice|move irondefense|move stoneedge zmove
|
|-zpower|p2a: Terrakion
|move|p2a: Terrakion|Continental Crush|p1a: Necrozma|[zeffect]
|-damage|p1a: Necrozma|0 fnt
|faint|p1a: Necrozma
|
|upkeep
|choice|*switch 5|*
|choice|switch 5|
|
|switch|p1a: Espeon|Espeon, F, shiny|334\/334
|turn|81
|choice|*move 3|*
|choice|*|*move 2
|choice|move calmmind|move stoneedge
|
|move|p2a: Terrakion|Stone Edge|p1a: Espeon
|-damage|p1a: Espeon|12\/334
|move|p1a: Espeon|Calm Mind|p1a: Espeon
|-boost|p1a: Espeon|spa|1
|-boost|p1a: Espeon|spd|1
|
|upkeep
|turn|82
|choice|*move 2|*
|choice|*|*move 1
|choice|move morningsun|move closecombat
|
|move|p2a: Terrakion|Close Combat|p1a: Espeon
|-resisted|p1a: Espeon
|-damage|p1a: Espeon|0 fnt
|-unboost|p2a: Terrakion|def|1
|-unboost|p2a: Terrakion|spd|1
|faint|p1a: Espeon
|
|upkeep
|-message|RvN Baron se rindió.
|
|win|🐂EdwardEllric🐂
</script>
</div>
<div class="battle-log battle-log-inline"><div class="inner"><div class="battle-options"></div><div class="inner"><div class=""><small>Format:</small> <br><strong>OU</strong></div><div class=""><small><em>Cláusula-Mod de Dormir:</em> solo puedes dormir a uno de tus oponentes a la vez.</small></div><div class=""><small><em>Cláusula de Especie:</em> Hasta un Pokémon de cada especie</small></div><div class=""><small><em>Cláusula de Golpe Fulminante:</em> los movimientos fulminantes (OHKO) estan prohibidos</small></div><div class=""><small><em>Cláusula de Veleta:</em> la habilidad Veleta está prohibida</small></div><div class=""><small><em>Cláusula de Movimientos Evasivos:</em> los movimientos de Evasión están prohibidos.</small></div><div class=""><small><em>Cláusula de Batallas Eternas:</em> forzar batallas eternas está prohibido</small></div><div class="chat battle-history"><strong>RvN Baron's team:</strong> <em style="color:#445566;display:block;">Charizard / Tapu Koko / Quagsire / Clefable / Espeon / Necrozma</em></div><div class="chat battle-history"><strong>🐂EdwardEllric🐂's team:</strong> <em style="color:#445566;display:block;">Terrakion / Charizard / Landorus-Therian / Clefable / Zapdos / Hoopa-Unbound</em></div><div class="chat chatmessage-rvnbaron"><strong style="color:hsl(186,58%,37.23517055355841%)"><small>☆</small><span class="username" data-name="RvN Baron">RvN Baron</span>:</strong> <em>Otra vez nos vemos </em></div><div class="chat chatmessage-rvnbaron"><strong style="color:hsl(186,58%,37.23517055355841%)"><small>☆</small><span class="username" data-name="RvN Baron">RvN Baron</span>:</strong> <em>e,e</em></div><div class="spacer battle-history"><br></div><div class="battle-history">Battle started between RvN Baron and 🐂EdwardEllric🐂!<br></div><div class="spacer battle-history"><br></div><div class="battle-history">Go! <strong>Tapu Koko</strong>!<br></div><div class="spacer battle-history"><br></div><div class="battle-history">🐂EdwardEllric🐂 sent out Landorus (<strong>Landorus-Therian</strong>)!<br></div><div class="battle-history"><small>[The opposing Landorus's Intimidate]</small><br></div><div class="battle-history"><small>Tapu Koko's Attack fell!</small><br></div><div class="battle-history"><small>[Tapu Koko's Electric Surge]</small><br><small>An electric current runs across the battlefield!</small><br></div><div class="spacer battle-history"><br></div><h2 class="battle-history">Turn 1</h2><div class="chat chatmessage-edwardellric"><strong style="color:hsl(55,45%,33%)"><small>☆</small><span class="username" data-name="🐂EdwardEllric🐂">🐂EdwardEllric🐂</span>:</strong> <em>e_a</em></div><div class="spacer battle-history"><br></div><div class="battle-history">The opposing Landorus used <strong>Earthquake</strong>!<br></div><div class="battle-history"><small>It's super effective!</small><br></div><div class="battle-history"><small>(Tapu Koko lost <abbr title="−344/344">100%</abbr> of its health!)</small><br></div><div class="spacer battle-history"><br></div><div class="battle-history">Tapu Koko fainted!<br></div><div class="chat chatmessage-rvnbaron"><strong style="color:hsl(186,58%,37.23517055355841%)"><small>☆</small><span class="username" data-name="RvN Baron">RvN Baron</span>:</strong> <em>Oc.</em></div><div class="chat chatmessage-rvnbaron"><strong style="color:hsl(186,58%,37.23517055355841%)"><small>☆</small><span class="username" data-name="RvN Baron">RvN Baron</span>:</strong> <em>a ver</em></div><div class="spacer battle-history"><br></div><div class="battle-history">Go! <strong>Clefable</strong>!<br></div><div class="spacer battle-history"><br></div><h2 class="battle-history">Turn 2</h2><div class="spacer battle-history"><br></div><div class="battle-history">🐂EdwardEllric🐂 withdrew Landorus!<br></div><div class="battle-history">🐂EdwardEllric🐂 sent out <strong>Charizard</strong>!<br></div><div class="spacer battle-history"><br></div><div class="battle-history">Clefable used <strong>Cosmic Power</strong>!<br></div><div class="battle-history"><small>Clefable's Defense rose!</small><br></div><div class="battle-history"><small>Clefable's Special Defense rose!</small><br></div><div class="spacer battle-history"><br></div><h2 class="battle-history">Turn 3</h2><div class="spacer battle-history"><br></div><div class="battle-history"><small>The opposing Charizard's Charizardite Y is reacting to the Key Stone!</small><br>The opposing Charizard has Mega Evolved into Mega Charizard!<br></div><div class="battle-history"><small>[The opposing Charizard's Drought]</small><br><small>The sunlight turned harsh!</small><br></div><div class="spacer battle-history"><br></div><div class="battle-history">The opposing Charizard used <strong>Flamethrower</strong>!<br></div><div class="battle-history"><small>(Clefable lost <abbr title="−198/394">50.3%</abbr> of its health!)</small><br></div><div class="spacer battle-history"><br></div><div class="battle-history">Clefable used <strong>Cosmic Power</strong>!<br></div><div class="battle-history"><small>Clefable's Defense rose!</small><br></div><div class="battle-history"><small>Clefable's Special Defense rose!</small><br></div><div class="spacer battle-history"><br></div><div class="battle-history"><small>(The sunlight is strong!)</small><br></div><div class="battle-history"><small>Clefable restored a little HP using its Leftovers!</small><br></div><div class="spacer battle-history"><br></div><h2 class="battle-history">Turn 4</h2><div class="spacer battle-history"><br></div><div class="battle-history">The opposing Charizard used <strong>Flamethrower</strong>!<br></div><div class="battle-history"><small>(Clefable lost <abbr title="−129/394">32.7%</abbr> of its health!)</small><br></div><div class="spacer battle-history"><br></div><div class="battle-history">Clefable used <strong>Soft-Boiled</strong>!<br></div><div class="battle-history"><small>Clefable restored its HP.</small><br></div><div class="spacer battle-history"><br></div><div class="battle-history"><small>(The sunlight is strong!)</small><br></div><div class="battle-history"><small>Clefable restored a little HP using its Leftovers!</small><br></div><div class="spacer battle-history"><br></div><h2 class="battle-history">Turn 5</h2><div class="spacer battle-history"><br></div><div class="battle-history">🐂EdwardEllric🐂 withdrew Charizard!<br></div><div class="battle-history">🐂EdwardEllric🐂 sent out <strong>Clefable</strong>!<br></div><div class="spacer battle-history"><br></div><div class="battle-history">Clefable used <strong>Soft-Boiled</strong>!<br></div><div class="battle-history"><small>Clefable restored its HP.</small><br></div><div class="spacer battle-history"><br></div><div class="battle-history"><small>(The sunlight is strong!)</small><br></div><div class="battle-history"><small>The electricity disappeared from the battlefield.</small><br></div><div class="spacer battle-history"><br></div><h2 class="battle-history">Turn 6</h2><div class="spacer battle-history"><br></div><div class="battle-history">The opposing Clefable used <strong>Moonblast</strong>!<br></div><div class="battle-history"><small>(Clefable lost <abbr title="−99/394">25.1%</abbr> of its health!)</small><br></div><div class="spacer battle-history"><br></div><div class="battle-history">Clefable used <strong>Cosmic Power</strong>!<br></div><div class="battle-history"><small>Clefable's Defense rose!</small><br></div><div class="battle-history"><small>Clefable's Special Defense rose!</small><br></div><div class="spacer battle-history"><br></div><div class="battle-history"><small>(The sunlight is strong!)</small><br></div><div class="battle-history"><small>Clefable restored a little HP using its Leftovers!</small><br></div><div class="spacer battle-history"><br></div><h2 class="battle-history">Turn 7</h2><div class="spacer battle-history"><br></div><div class="battle-history">The opposing Clefable used <strong>Moonblast</strong>!<br></div><div class="battle-history"><small>(Clefable lost <abbr title="−99/394">25.1%</abbr> of its health!)</small><br></div><div class="spacer battle-history"><br></div><div class="battle-history">Clefable used <strong>Cosmic Power</strong>!<br></div><div class="battle-history"><small>Clefable's Defense rose!</small><br></div><div class="battle-history"><small>Clefable's Special Defense rose!</small><br></div><div class="spacer battle-history"><br></div><div class="battle-history"><small>The sunlight faded.</small><br></div><div class="battle-history"><small>Clefable restored a little HP using its Leftovers!</small><br></div><div class="spacer battle-history"><br></div><h2 class="battle-history">Turn 8</h2><div class="spacer battle-history"><br></div><div class="battle-history">Clefable used <strong>Soft-Boiled</strong>!<br></div><div class="battle-history"><small>Clefable restored its HP.</small><br></div><div class="spacer battle-history"><br></div><div class="battle-history">The opposing Clefable used <strong>Moonblast</strong>!<br></div><div class="battle-history"><small>(Clefable lost <abbr title="−112/394">28.4%</abbr> of its health!)</small><br></div><div class="spacer battle-history"><br></div><div class="battle-history"><small>Clefable restored a little HP using its Leftovers!</small><br></div><div class="spacer battle-history"><br></div><h2 class="battle-history">Turn 9</h2><div class="spacer battle-history"><br></div><div class="battle-history">Clefable used <strong>Cosmic Power</strong>!<br></div><div class="battle-history"><small>Clefable's Defense rose!</small><br></div><div class="battle-history"><small>Clefable's Special Defense rose!</small><br></div><div class="spacer battle-history"><br></div><div class="battle-history">The opposing Clefable used <strong>Moonblast</strong>!<br></div><div class="battle-history"><small>(Clefable lost <abbr title="−112/394">28.4%</abbr> of its health!)</small><br></div><div class="spacer battle-history"><br></div><div class="battle-history"><small>Clefable restored a little HP using its Leftovers!</small><br></div><div class="spacer battle-history"><br></div><h2 class="battle-history">Turn 10</h2><div class="spacer battle-history"><br></div><div class="battle-history">The opposing Clefable used <strong>Moonblast</strong>!<br></div><div class="battle-history"><small>(Clefable lost <abbr title="−105/394">26.6%</abbr> of its health!)</small><br></div><div class="spacer battle-history"><br></div><div class="battle-history">Clefable used <strong>Soft-Boiled</strong>!<br></div><div class="battle-history"><small>Clefable restored its HP.</small><br></div><div class="spacer battle-history"><br></div><div class="battle-history"><small>Clefable restored a little HP using its Leftovers!</small><br></div><div class="spacer battle-history"><br></div><h2 class="battle-history">Turn 11</h2><div class="spacer battle-history"><br></div><div class="battle-history">Clefable used <strong>Soft-Boiled</strong>!<br></div><div class="battle-history"><small>Clefable restored its HP.</small><br></div><div class="spacer battle-history"><br></div><div class="battle-history">The opposing Clefable used <strong>Moonblast</strong>!<br></div><div class="battle-history"><small>(Clefable lost <abbr title="−108/394">27.4%</abbr> of its health!)</small><br></div><div class="battle-history"><small>Clefable's Special Attack fell!</small><br></div><div class="spacer battle-history"><br></div><div class="battle-history"><small>Clefable restored a little HP using its Leftovers!</small><br></div><div class="spacer battle-history"><br></div><h2 class="battle-history">Turn 12</h2><div class="spacer battle-history"><br></div><div class="battle-history">Clefable used <strong>Cosmic Power</strong>!<br></div><div class="battle-history"><small>Clefable's Defense rose!</small><br></div><div class="battle-history"><small>Clefable's Special Defense rose!</small><br></div><div class="spacer battle-history"><br></div><div class="battle-history">The opposing Clefable used <strong>Moonblast</strong>!<br></div><div class="battle-history"><small>(Clefable lost <abbr title="−114/394">28.9%</abbr> of its health!)</small><br></div><div class="spacer battle-history"><br></div><div class="battle-history"><small>Clefable restored a little HP using its Leftovers!</small><br></div><div class="spacer battle-history"><br></div><h2 class="battle-history">Turn 13</h2><div class="spacer battle-history"><br></div><div class="battle-history">Clefable used <strong>Soft-Boiled</strong>!<br></div><div class="battle-history"><small>Clefable restored its HP.</small><br></div><div class="spacer battle-history"><br></div><div class="battle-history">The opposing Clefable used <strong>Moonblast</strong>!<br></div><div class="battle-history"><small>(Clefable lost <abbr title="−112/394">28.4%</abbr> of its health!)</small><br></div><div class="spacer battle-history"><br></div><div class="battle-history"><small>Clefable restored a little HP using its Leftovers!</small><br></div><div class="spacer battle-history"><br></div><h2 class="battle-history">Turn 14</h2><div class="spacer battle-history"><br></div><div class="battle-history">Clefable used <strong>Charge Beam</strong>!<br></div><div class="battle-history"><small>(The opposing Clefable lost <abbr title="−39/394">9.9%</abbr> of its health!)</small><br></div><div class="spacer battle-history"><br></div><div class="battle-history">The opposing Clefable used <strong>Moonblast</strong>!<br></div><div class="battle-history"><small>(Clefable lost <abbr title="−114/394">28.9%</abbr> of its health!)</small><br></div><div class="battle-history"><small>Clefable's Special Attack fell!</small><br></div><div class="spacer battle-history"><br></div><div class="battle-history"><small>Clefable restored a little HP using its Leftovers!</small><br></div><div class="battle-history"><small>The opposing Clefable restored a little HP using its Leftovers!</small><br></div><div class="spacer battle-history"><br></div><h2 class="battle-history">Turn 15</h2><div class="spacer battle-history"><br></div><div class="battle-history">Clefable used <strong>Soft-Boiled</strong>!<br></div><div class="battle-history"><small>Clefable restored its HP.</small><br></div><div class="spacer battle-history"><br></div><div class="battle-history">The opposing Clefable used <strong>Moonblast</strong>!<br></div><div class="battle-history"><small>(Clefable lost <abbr title="−103/394">26.1%</abbr> of its health!)</small><br></div><div class="battle-history"><small>Clefable's Special Attack fell!</small><br></div><div class="spacer battle-history"><br></div><div class="battle-history"><small>The opposing Clefable restored a little HP using its Leftovers!</small><br></div><div class="battle-history"><small>Clefable restored a little HP using its Leftovers!</small><br></div><div class="spacer battle-history"><br></div><h2 class="battle-history">Turn 16</h2><div class="spacer battle-history"><br></div><div class="battle-history">The opposing Clefable used <strong>Moonblast</strong>!<br></div><div class="battle-history"><small>(Clefable lost <abbr title="−100/394">25.4%</abbr> of its health!)</small><br></div><div class="spacer battle-history"><br></div><div class="battle-history">Clefable used <strong>Charge Beam</strong>!<br></div><div class="battle-history"><small>(The opposing Clefable lost <abbr title="−40/394">10.2%</abbr> of its health!)</small><br></div><div class="battle-history"><small>Clefable's Special Attack rose!</small><br></div><div class="spacer battle-history"><br></div><div class="battle-history"><small>The opposing Clefable restored a little HP using its Leftovers!</small><br></div><div class="battle-history"><small>Clefable restored a little HP using its Leftovers!</small><br></div><div class="spacer battle-history"><br></div><h2 class="battle-history">Turn 17</h2><div class="spacer battle-history"><br></div><div class="battle-history">The opposing Clefable used <strong>Moonblast</strong>!<br></div><div class="battle-history"><small>(Clefable lost <abbr title="−117/394">29.7%</abbr> of its health!)</small><br></div><div class="spacer battle-history"><br></div><div class="battle-history">Clefable used <strong>Soft-Boiled</strong>!<br></div><div class="battle-history"><small>Clefable restored its HP.</small><br></div><div class="spacer battle-history"><br></div><div class="battle-history"><small>Clefable restored a little HP using its Leftovers!</small><br></div><div class="battle-history"><small>The opposing Clefable restored a little HP using its Leftovers!</small><br></div><div class="spacer battle-history"><br></div><h2 class="battle-history">Turn 18</h2><div class="spacer battle-history"><br></div><div class="battle-history">The opposing Clefable used <strong>Moonblast</strong>!<br></div><div class="battle-history"><small>(Clefable lost <abbr title="−105/394">26.6%</abbr> of its health!)</small><br></div><div class="spacer battle-history"><br></div><div class="battle-history">Clefable used <strong>Soft-Boiled</strong>!<br></div><div class="battle-history"><small>Clefable restored its HP.</small><br></div><div class="spacer battle-history"><br></div><h2 class="battle-history">Turn 19</h2><div class="spacer battle-history"><br></div><div class="battle-history">The opposing Clefable used <strong>Moonblast</strong>!<br></div><div class="battle-history"><small>(Clefable lost <abbr title="−106/394">26.9%</abbr> of its health!)</small><br></div><div class="spacer battle-history"><br></div><div class="battle-history">Clefable used <strong>Charge Beam</strong>!<br></div><div class="battle-history"><small>(The opposing Clefable lost <abbr title="−40/394">10.2%</abbr> of its health!)</small><br></div><div class="spacer battle-history"><br></div><div class="battle-history"><small>Clefable restored a little HP using its Leftovers!</small><br></div><div class="battle-history"><small>The opposing Clefable restored a little HP using its Leftovers!</small><br></div><div class="spacer battle-history"><br></div><h2 class="battle-history">Turn 20</h2><div class="spacer battle-history"><br></div><div class="battle-history">Clefable used <strong>Charge Beam</strong>!<br></div><div class="battle-history"><small>(The opposing Clefable lost <abbr title="−44/394">11.2%</abbr> of its health!)</small><br></div><div class="spacer battle-history"><br></div><div class="battle-history">The opposing Clefable used <strong>Moonblast</strong>!<br></div><div class="battle-history"><small>(Clefable lost <abbr title="−105/394">26.6%</abbr> of its health!)</small><br></div><div class="spacer battle-history"><br></div><div class="battle-history"><small>The opposing Clefable restored a little HP using its Leftovers!</small><br></div><div class="battle-history"><small>Clefable restored a little HP using its Leftovers!</small><br></div><div class="spacer battle-history"><br></div><h2 class="battle-history">Turn 21</h2><div class="spacer battle-history"><br></div><div class="battle-history">🐂EdwardEllric🐂 withdrew Clefable!<br></div><div class="battle-history">🐂EdwardEllric🐂 sent out Landorus (<strong>Landorus-Therian</strong>)!<br></div><div class="battle-history"><small>[The opposing Landorus's Intimidate]</small><br></div><div class="battle-history"><small>Clefable's Attack fell!</small><br></div><div class="spacer battle-history"><br></div><div class="battle-history">Clefable used <strong>Charge Beam</strong>!<br></div><div class="battle-history"><small>It doesn't affect the opposing Landorus...</small><br></div><div class="spacer battle-history"><br></div><div class="battle-history"><small>Clefable restored a little HP using its Leftovers!</small><br></div><div class="spacer battle-history"><br></div><h2 class="battle-history">Turn 22</h2><div class="spacer battle-history"><br></div><div class="battle-history">The opposing Landorus used <strong>Knock Off</strong>!<br></div><div class="battle-history"><small>It's not very effective...</small><br></div><div class="battle-history"><small>(Clefable lost <abbr title="−17/394">4.3%</abbr> of its health!)</small><br></div><div class="battle-history"><small>The opposing Landorus knocked off Clefable's Leftovers!</small><br></div><div class="spacer battle-history"><br></div><div class="battle-history">Clefable used <strong>Soft-Boiled</strong>!<br></div><div class="battle-history"><small>Clefable restored its HP.</small><br></div><div class="spacer battle-history"><br></div><h2 class="battle-history">Turn 23</h2><div class="spacer battle-history"><br></div><div class="battle-history">🐂EdwardEllric🐂 withdrew Landorus!<br></div><div class="battle-history">🐂EdwardEllric🐂 sent out Hoopa (<strong>Hoopa-Unbound</strong>)!<br></div><div class="spacer battle-history"><br></div><div class="battle-history">Clefable used <strong>Cosmic Power</strong>!<br></div><div class="battle-history"><small>Clefable's Defense won't go any higher!</small><br></div><div class="battle-history"><small>Clefable's Special Defense won't go any higher!</small><br></div><div class="spacer battle-history"><br></div><h2 class="battle-history">Turn 24</h2><div class="spacer battle-history"><br></div><div class="battle-history">🐂EdwardEllric🐂 withdrew Hoopa!<br></div><div class="battle-history">🐂EdwardEllric🐂 sent out <strong>Zapdos</strong>!<br></div><div class="battle-history"><small>[The opposing Zapdos's Pressure]</small><br><small>The opposing Zapdos is exerting its pressure!</small><br></div><div class="spacer battle-history"><br></div><div class="battle-history">Clefable used <strong>Charge Beam</strong>!<br></div><div class="battle-history"><small>(The opposing Zapdos lost <abbr title="−21/383">5.5%</abbr> of its health!)</small><br></div><div class="battle-history"><small>Clefable's Special Attack rose!</small><br></div><div class="spacer battle-history"><br></div><div class="battle-history"><small>The opposing Zapdos restored a little HP using its Leftovers!</small><br></div><div class="spacer battle-history"><br></div><h2 class="battle-history">Turn 25</h2><div class="spacer battle-history"><br></div><div class="battle-history">The opposing Zapdos used <strong>Thunderbolt</strong>!<br></div><div class="battle-history"><small>(Clefable lost <abbr title="−34/394">8.6%</abbr> of its health!)</small><br></div><div class="spacer battle-history"><br></div><div class="battle-history">Clefable used <strong>Charge Beam</strong>!<br></div><div class="battle-history"><small>(The opposing Zapdos lost <abbr title="−28/383">7.3%</abbr> of its health!)</small><br></div><div class="battle-history"><small>Clefable's Special Attack rose!</small><br></div><div class="spacer battle-history"><br></div><div class="battle-history"><small>The opposing Zapdos restored a little HP using its Leftovers!</small><br></div><div class="spacer battle-history"><br></div><h2 class="battle-history">Turn 26</h2><div class="spacer battle-history"><br></div><div class="battle-history">The opposing Zapdos used <strong>Thunderbolt</strong>!<br></div><div class="battle-history"><small>(Clefable lost <abbr title="−34/394">8.6%</abbr> of its health!)</small><br></div><div class="spacer battle-history"><br></div><div class="battle-history">Clefable used <strong>Charge Beam</strong>!<br></div><div class="battle-history"><small>(The opposing Zapdos lost <abbr title="−40/383">10.4%</abbr> of its health!)</small><br></div><div class="spacer battle-history"><br></div><div class="battle-history"><small>The opposing Zapdos restored a little HP using its Leftovers!</small><br></div><div class="spacer battle-history"><br></div><h2 class="battle-history">Turn 27</h2><div class="spacer battle-history"><br></div><div class="battle-history">The opposing Zapdos used <strong>Thunderbolt</strong>!<br></div><div class="battle-history"><small>(Clefable lost <abbr title="−34/394">8.6%</abbr> of its health!)</small><br></div><div class="spacer battle-history"><br></div><div class="battle-history">Clefable used <strong>Charge Beam</strong>!<br></div><div class="battle-history"><small>(The opposing Zapdos lost <abbr title="−40/383">10.4%</abbr> of its health!)</small><br></div><div class="spacer battle-history"><br></div><div class="battle-history"><small>The opposing Zapdos restored a little HP using its Leftovers!</small><br></div><div class="spacer battle-history"><br></div><h2 class="battle-history">Turn 28</h2><div class="spacer battle-history"><br></div><div class="battle-history">🐂EdwardEllric🐂 withdrew Zapdos!<br></div><div class="battle-history">🐂EdwardEllric🐂 sent out Landorus (<strong>Landorus-Therian</strong>)!<br></div><div class="battle-history"><small>[The opposing Landorus's Intimidate]</small><br></div><div class="battle-history"><small>Clefable's Attack fell!</small><br></div><div class="spacer battle-history"><br></div><div class="battle-history">Clefable used <strong>Charge Beam</strong>!<br></div><div class="battle-history"><small>It doesn't affect the opposing Landorus...</small><br></div><div class="spacer battle-history"><br></div><h2 class="battle-history">Turn 29</h2><div class="chat chatmessage-rvnbaron"><strong style="color:hsl(186,58%,37.23517055355841%)"><small>☆</small><span class="username" data-name="RvN Baron">RvN Baron</span>:</strong> <em></em></div><div class="chat chatmessage-rvnbaron"><strong style="color:hsl(186,58%,37.23517055355841%)"><small>☆</small><span class="username" data-name="RvN Baron">RvN Baron</span>:</strong> <em>:slowbr: rayo carga d emeirda xd</em></div><div class="spacer battle-history"><br></div><div class="battle-history">The opposing Landorus used <strong>U-turn</strong>!<br></div><div class="battle-history"><small>It's not very effective...</small><br></div><div class="battle-history"><small>(Clefable lost <abbr title="−11/394">2.8%</abbr> of its health!)</small><br></div><div class="spacer battle-history"><br></div><div class="battle-history">The opposing Landorus went back to 🐂EdwardEllric🐂!<br></div><div class="battle-history">🐂EdwardEllric🐂 sent out Hoopa (<strong>Hoopa-Unbound</strong>)!<br></div><div class="spacer battle-history"><br></div><div class="battle-history">Clefable used <strong>Cosmic Power</strong>!<br></div><div class="battle-history"><small>Clefable's Defense won't go any higher!</small><br></div><div class="battle-history"><small>Clefable's Special Defense won't go any higher!</small><br></div><div class="spacer battle-history"><br></div><h2 class="battle-history">Turn 30</h2><div class="spacer battle-history"><br></div><div class="battle-history">🐂EdwardEllric🐂 withdrew Hoopa!<br></div><div class="battle-history">🐂EdwardEllric🐂 sent out <strong>Zapdos</strong>!<br></div><div class="battle-history"><small>[The opposing Zapdos's Pressure]</small><br><small>The opposing Zapdos is exerting its pressure!</small><br></div><div class="spacer battle-history"><br></div><div class="battle-history">Clefable used <strong>Charge Beam</strong>!<br></div><div class="battle-history"><small>(The opposing Zapdos lost <abbr title="−40/383">10.4%</abbr> of its health!)</small><br></div><div class="spacer battle-history"><br></div><div class="battle-history"><small>The opposing Zapdos restored a little HP using its Leftovers!</small><br></div><div class="spacer battle-history"><br></div><h2 class="battle-history">Turn 31</h2><div class="spacer battle-history"><br></div><div class="battle-history">🐂EdwardEllric🐂 withdrew Zapdos!<br></div><div class="battle-history">🐂EdwardEllric🐂 sent out Hoopa (<strong>Hoopa-Unbound</strong>)!<br></div><div class="spacer battle-history"><br></div><div class="battle-history">Clefable used <strong>Stored Power</strong>!<br></div><div class="battle-history"><small>It doesn't affect the opposing Hoopa...</small><br></div><div class="spacer battle-history"><br></div><h2 class="battle-history">Turn 32</h2><div class="chat chatmessage-edwardellric"><strong style="color:hsl(55,45%,33%)"><small>☆</small><span class="username" data-name="🐂EdwardEllric🐂">🐂EdwardEllric🐂</span>:</strong> <em>:^)</em></div><div class="spacer battle-history"><br></div><div class="battle-history">The opposing Hoopa used <strong>Psychic</strong>!<br></div><div class="battle-history"><small>(Clefable lost <abbr title="−72/394">18.3%</abbr> of its health!)</small><br></div><div class="spacer battle-history"><br></div><div class="battle-history">Clefable used <strong>Soft-Boiled</strong>!<br></div><div class="battle-history"><small>Clefable restored its HP.</small><br></div><div class="spacer battle-history"><br></div><h2 class="battle-history">Turn 33</h2><div class="chat chatmessage-rvnbaron"><strong style="color:hsl(186,58%,37.23517055355841%)"><small>☆</small><span class="username" data-name="RvN Baron">RvN Baron</span>:</strong> <em>:'C</em></div><div class="spacer battle-history"><br></div><div class="battle-history">The opposing Hoopa used <strong>Psychic</strong>!<br></div><div class="battle-history"><small>(Clefable lost <abbr title="−81/394">20.6%</abbr> of its health!)</small><br></div><div class="spacer battle-history"><br></div><div class="battle-history">Clefable used <strong>Soft-Boiled</strong>!<br></div><div class="battle-history"><small>Clefable restored its HP.</small><br></div><div class="spacer battle-history"><br></div><h2 class="battle-history">Turn 34</h2><div class="spacer battle-history"><br></div><div class="battle-history">🐂EdwardEllric🐂 withdrew Hoopa!<br></div><div class="battle-history">🐂EdwardEllric🐂 sent out Landorus (<strong>Landorus-Therian</strong>)!<br></div><div class="battle-history"><small>[The opposing Landorus's Intimidate]</small><br></div><div class="battle-history"><small>Clefable's Attack fell!</small><br></div><div class="spacer battle-history"><br></div><div class="battle-history">Clefable used <strong>Cosmic Power</strong>!<br></div><div class="battle-history"><small>Clefable's Defense won't go any higher!</small><br></div><div class="battle-history"><small>Clefable's Special Defense won't go any higher!</small><br></div><div class="spacer battle-history"><br></div><h2 class="battle-history">Turn 35</h2><div class="spacer battle-history"><br></div><div class="battle-history">The opposing Landorus used <strong>U-turn</strong>!<br></div><div class="battle-history"><small>It's not very effective...</small><br></div><div class="battle-history"><small>(Clefable lost <abbr title="−12/394">3.0%</abbr> of its health!)</small><br></div><div class="spacer battle-history"><br></div><div class="battle-history">The opposing Landorus went back to 🐂EdwardEllric🐂!<br></div><div class="battle-history">🐂EdwardEllric🐂 sent out Hoopa (<strong>Hoopa-Unbound</strong>)!<br></div><div class="spacer battle-history"><br></div><div class="battle-history">Clefable used <strong>Cosmic Power</strong>!<br></div><div class="battle-history"><small>Clefable's Defense won't go any higher!</small><br></div><div class="battle-history"><small>Clefable's Special Defense won't go any higher!</small><br></div><div class="spacer battle-history"><br></div><h2 class="battle-history">Turn 36</h2><div class="spacer battle-history"><br></div><div class="battle-history">The opposing Hoopa used <strong>Psychic</strong>!<br></div><div class="battle-history"><small>(Clefable lost <abbr title="−67/394">17.0%</abbr> of its health!)</small><br></div><div class="spacer battle-history"><br></div><div class="battle-history">Clefable used <strong>Cosmic Power</strong>!<br></div><div class="battle-history"><small>Clefable's Defense won't go any higher!</small><br></div><div class="battle-history"><small>Clefable's Special Defense won't go any higher!</small><br></div><div class="spacer battle-history"><br></div><h2 class="battle-history">Turn 37</h2><div class="spacer battle-history"><br></div><div class="battle-history">🐂EdwardEllric🐂 withdrew Hoopa!<br></div><div class="battle-history">🐂EdwardEllric🐂 sent out <strong>Clefable</strong>!<br></div><div class="spacer battle-history"><br></div><div class="battle-history">Clefable used <strong>Cosmic Power</strong>!<br></div><div class="battle-history"><small>Clefable's Defense won't go any higher!</small><br></div><div class="battle-history"><small>Clefable's Special Defense won't go any higher!</small><br></div><div class="spacer battle-history"><br></div><div class="battle-history"><small>The opposing Clefable restored a little HP using its Leftovers!</small><br></div><div class="spacer battle-history"><br></div><h2 class="battle-history">Turn 38</h2><div class="spacer battle-history"><br></div><div class="battle-history">Clefable used <strong>Cosmic Power</strong>!<br></div><div class="battle-history"><small>Clefable's Defense won't go any higher!</small><br></div><div class="battle-history"><small>Clefable's Special Defense won't go any higher!</small><br></div><div class="spacer battle-history"><br></div><div class="battle-history">The opposing Clefable used <strong>Wish</strong>!<br></div><div class="spacer battle-history"><br></div><div class="battle-history"><small>The opposing Clefable restored a little HP using its Leftovers!</small><br></div><div class="spacer battle-history"><br></div><h2 class="battle-history">Turn 39</h2><div class="chat message-error">Reloj de batalla ENCENDIDO. El jugador inactivo será descalificado (solicitado por RvN Baron).</div><div class="spacer battle-history"><br></div><div class="battle-history">The opposing Clefable used <strong>Moonblast</strong>!<br></div><div class="battle-history"><small>(Clefable lost <abbr title="−99/394">25.1%</abbr> of its health!)</small><br></div><div class="battle-history"><small>Clefable's Special Attack fell!</small><br></div><div class="spacer battle-history"><br></div><div class="battle-history">Clefable used <strong>Cosmic Power</strong>!<br></div><div class="battle-history"><small>Clefable's Defense won't go any higher!</small><br></div><div class="battle-history"><small>Clefable's Special Defense won't go any higher!</small><br></div><div class="spacer battle-history"><br></div><h2 class="battle-history">Turn 40</h2><div class="spacer battle-history"><br></div><div class="battle-history">The opposing Clefable used <strong>Moonblast</strong>!<br></div><div class="battle-history"><small>(Clefable lost <abbr title="−117/394">29.7%</abbr> of its health!)</small><br></div><div class="spacer battle-history"><br></div><div class="battle-history">Clefable used <strong>Soft-Boiled</strong>!<br></div><div class="battle-history"><small>Clefable restored its HP.</small><br></div><div class="spacer battle-history"><br></div><h2 class="battle-history">Turn 41</h2><div class="spacer battle-history"><br></div><div class="battle-history">The opposing Clefable used <strong>Moonblast</strong>!<br></div><div class="battle-history"><small>A critical hit!</small><br></div><div class="battle-history"><small>(Clefable lost <abbr title="−157/394">39.8%</abbr> of its health!)</small><br></div><div class="battle-history"><small>Clefable's Special Attack fell!</small><br></div><div class="spacer battle-history"><br></div><div class="battle-history">Clefable used <strong>Soft-Boiled</strong>!<br></div><div class="battle-history"><small>Clefable restored its HP.</small><br></div><div class="spacer battle-history"><br></div><h2 class="battle-history">Turn 42</h2><div class="chat chatmessage-rvnbaron"><strong style="color:hsl(186,58%,37.23517055355841%)"><small>☆</small><span class="username" data-name="RvN Baron">RvN Baron</span>:</strong> <em></em></div><div class="spacer battle-history"><br></div><div class="battle-history">The opposing Clefable used <strong>Moonblast</strong>!<br></div><div class="battle-history"><small>(Clefable lost <abbr title="−103/394">26.1%</abbr> of its health!)</small><br></div><div class="spacer battle-history"><br></div><div class="battle-history">Clefable used <strong>Cosmic Power</strong>!<br></div><div class="battle-history"><small>Clefable's Defense won't go any higher!</small><br></div><div class="battle-history"><small>Clefable's Special Defense won't go any higher!</small><br></div><div class="spacer battle-history"><br></div><h2 class="battle-history">Turn 43</h2><div class="chat message-error">🐂EdwardEllric🐂 tiene 285 segundos restantes.</div><div class="spacer battle-history"><br></div><div class="battle-history">The opposing Clefable used <strong>Moonblast</strong>!<br></div><div class="battle-history"><small>(Clefable lost <abbr title="−115/394">29.2%</abbr> of its health!)</small><br></div><div class="spacer battle-history"><br></div><div class="battle-history">Clefable used <strong>Soft-Boiled</strong>!<br></div><div class="battle-history"><small>Clefable restored its HP.</small><br></div><div class="spacer battle-history"><br></div><h2 class="battle-history">Turn 44</h2><div class="spacer battle-history"><br></div><div class="battle-history">🐂EdwardEllric🐂 withdrew Clefable!<br></div><div class="battle-history">🐂EdwardEllric🐂 sent out Hoopa (<strong>Hoopa-Unbound</strong>)!<br></div><div class="spacer battle-history"><br></div><div class="battle-history">Clefable used <strong>Cosmic Power</strong>!<br></div><div class="battle-history"><small>Clefable's Defense won't go any higher!</small><br></div><div class="battle-history"><small>Clefable's Special Defense won't go any higher!</small><br></div><div class="spacer battle-history"><br></div><h2 class="battle-history">Turn 45</h2><div class="spacer battle-history"><br></div><div class="battle-history">The opposing Hoopa used <strong>Dark Pulse</strong>!<br></div><div class="battle-history"><small>It's not very effective...</small><br></div><div class="battle-history"><small>(Clefable lost <abbr title="−33/394">8.4%</abbr> of its health!)</small><br></div><div class="spacer battle-history"><br></div><div class="battle-history">Clefable used <strong>Cosmic Power</strong>!<br></div><div class="battle-history"><small>Clefable's Defense won't go any higher!</small><br></div><div class="battle-history"><small>Clefable's Special Defense won't go any higher!</small><br></div><div class="spacer battle-history"><br></div><h2 class="battle-history">Turn 46</h2><div class="spacer battle-history"><br></div><div class="battle-history">The opposing Hoopa used <strong>Dark Pulse</strong>!<br></div><div class="battle-history"><small>It's not very effective...</small><br></div><div class="battle-history"><small>(Clefable lost <abbr title="−32/394">8.1%</abbr> of its health!)</small><br></div><div class="spacer battle-history"><br></div><div class="battle-history">Clefable used <strong>Cosmic Power</strong>!<br></div><div class="battle-history"><small>Clefable's Defense won't go any higher!</small><br></div><div class="battle-history"><small>Clefable's Special Defense won't go any higher!</small><br></div><div class="spacer battle-history"><br></div><h2 class="battle-history">Turn 47</h2><div class="spacer battle-history"><br></div><div class="battle-history">The opposing Hoopa used <strong>Dark Pulse</strong>!<br></div><div class="battle-history"><small>It's not very effective...</small><br></div><div class="battle-history"><small>(Clefable lost <abbr title="−35/394">8.9%</abbr> of its health!)</small><br></div><div class="spacer battle-history"><br></div><div class="battle-history">Clefable flinched and couldn't move!<br></div><div class="spacer battle-history"><br></div><h2 class="battle-history">Turn 48</h2><div class="spacer battle-history"><br></div><div class="battle-history">The opposing Hoopa used <strong>Dark Pulse</strong>!<br></div><div class="battle-history"><small>It's not very effective...</small><br></div><div class="battle-history"><small>(Clefable lost <abbr title="−33/394">8.4%</abbr> of its health!)</small><br></div><div class="spacer battle-history"><br></div><div class="battle-history">Clefable used <strong>Soft-Boiled</strong>!<br></div><div class="battle-history"><small>Clefable restored its HP.</small><br></div><div class="spacer battle-history"><br></div><h2 class="battle-history">Turn 49</h2><div class="spacer battle-history"><br></div><div class="battle-history">🐂EdwardEllric🐂 withdrew Hoopa!<br></div><div class="battle-history">🐂EdwardEllric🐂 sent out <strong>Zapdos</strong>!<br></div><div class="battle-history"><small>[The opposing Zapdos's Pressure]</small><br><small>The opposing Zapdos is exerting its pressure!</small><br></div><div class="spacer battle-history"><br></div><div class="battle-history">Clefable used <strong>Cosmic Power</strong>!<br></div><div class="battle-history"><small>Clefable's Defense won't go any higher!</small><br></div><div class="battle-history"><small>Clefable's Special Defense won't go any higher!</small><br></div><div class="spacer battle-history"><br></div><div class="battle-history"><small>The opposing Zapdos restored a little HP using its Leftovers!</small><br></div><div class="spacer battle-history"><br></div><h2 class="battle-history">Turn 50</h2><div class="spacer battle-history"><br></div><div class="battle-history">The opposing Zapdos used <strong>Thunderbolt</strong>!<br></div><div class="battle-history"><small>(Clefable lost <abbr title="−30/394">7.6%</abbr> of its health!)</small><br></div><div class="battle-history"><small>Clefable is paralyzed! It may be unable to move!</small><br></div><div class="spacer battle-history"><br></div><div class="battle-history">Clefable is paralyzed! It can't move!<br></div><div class="spacer battle-history"><br></div><div class="battle-history"><small>The opposing Zapdos restored a little HP using its Leftovers!</small><br></div><div class="spacer battle-history"><br></div><h2 class="battle-history">Turn 51</h2><div class="spacer battle-history"><br></div><div class="battle-history">The opposing Zapdos used <strong>Hidden Power</strong>!<br></div><div class="battle-history"><small>(Clefable lost <abbr title="−17/394">4.3%</abbr> of its health!)</small><br></div><div class="spacer battle-history"><br></div><div class="battle-history">Clefable is paralyzed! It can't move!<br></div><div class="spacer battle-history"><br></div><div class="battle-history"><small>The opposing Zapdos restored a little HP using its Leftovers!</small><br></div><div class="spacer battle-history"><br></div><h2 class="battle-history">Turn 52</h2><div class="chat chatmessage-edwardellric"><strong style="color:hsl(55,45%,33%)"><small>☆</small><span class="username" data-name="🐂EdwardEllric🐂">🐂EdwardEllric🐂</span>:</strong> <em>joder</em></div><div class="spacer battle-history"><br></div><div class="battle-history">The opposing Zapdos used <strong>Hidden Power</strong>!<br></div><div class="battle-history"><small>(Clefable lost <abbr title="−14/394">3.6%</abbr> of its health!)</small><br></div><div class="spacer battle-history"><br></div><div class="battle-history">Clefable used <strong>Stored Power</strong>!<br></div><div class="battle-history"><small>(The opposing Zapdos lost <abbr title="−96/383">25.1%</abbr> of its health!)</small><br></div><div class="spacer battle-history"><br></div><div class="battle-history"><small>The opposing Zapdos restored a little HP using its Leftovers!</small><br></div><div class="spacer battle-history"><br></div><h2 class="battle-history">Turn 53</h2><div class="chat chatmessage-rvnbaron"><strong style="color:hsl(186,58%,37.23517055355841%)"><small>☆</small><span class="username" data-name="RvN Baron">RvN Baron</span>:</strong> <em></em></div><div class="spacer battle-history"><br></div><div class="battle-history">The opposing Zapdos used <strong>Hidden Power</strong>!<br></div><div class="battle-history"><small>(Clefable lost <abbr title="−15/394">3.8%</abbr> of its health!)</small><br></div><div class="spacer battle-history"><br></div><div class="battle-history">Clefable is paralyzed! It can't move!<br></div><div class="spacer battle-history"><br></div><div class="battle-history"><small>The opposing Zapdos restored a little HP using its Leftovers!</small><br></div><div class="spacer battle-history"><br></div><h2 class="battle-history">Turn 54</h2><div class="spacer battle-history"><br></div><div class="battle-history">🐂EdwardEllric🐂 withdrew Zapdos!<br></div><div class="battle-history">🐂EdwardEllric🐂 sent out Hoopa (<strong>Hoopa-Unbound</strong>)!<br></div><div class="spacer battle-history"><br></div><div class="battle-history">Clefable is paralyzed! It can't move!<br></div><div class="spacer battle-history"><br></div><h2 class="battle-history">Turn 55</h2><div class="spacer battle-history"><br></div><div class="battle-history">🐂EdwardEllric🐂 withdrew Hoopa!<br></div><div class="battle-history">🐂EdwardEllric🐂 sent out <strong>Zapdos</strong>!<br></div><div class="battle-history"><small>[The opposing Zapdos's Pressure]</small><br><small>The opposing Zapdos is exerting its pressure!</small><br></div><div class="spacer battle-history"><br></div><div class="battle-history">Clefable used <strong>Cosmic Power</strong>!<br></div><div class="battle-history"><small>Clefable's Defense won't go any higher!</small><br></div><div class="battle-history"><small>Clefable's Special Defense won't go any higher!</small><br></div><div class="spacer battle-history"><br></div><div class="battle-history"><small>The opposing Zapdos restored a little HP using its Leftovers!</small><br></div><div class="spacer battle-history"><br></div><h2 class="battle-history">Turn 56</h2><div class="spacer battle-history"><br></div><div class="battle-history">🐂EdwardEllric🐂 withdrew Zapdos!<br></div><div class="battle-history">🐂EdwardEllric🐂 sent out Hoopa (<strong>Hoopa-Unbound</strong>)!<br></div><div class="spacer battle-history"><br></div><div class="battle-history">Clefable used <strong>Stored Power</strong>!<br></div><div class="battle-history"><small>It doesn't affect the opposing Hoopa...</small><br></div><div class="spacer battle-history"><br></div><h2 class="battle-history">Turn 57</h2><div class="spacer battle-history"><br></div><div class="battle-history">🐂EdwardEllric🐂 withdrew Hoopa!<br></div><div class="battle-history">🐂EdwardEllric🐂 sent out <strong>Zapdos</strong>!<br></div><div class="battle-history"><small>[The opposing Zapdos's Pressure]</small><br><small>The opposing Zapdos is exerting its pressure!</small><br></div><div class="spacer battle-history"><br></div><div class="battle-history">Clefable used <strong>Stored Power</strong>!<br></div><div class="battle-history"><small>(The opposing Zapdos lost <abbr title="−110/383">28.7%</abbr> of its health!)</small><br></div><div class="spacer battle-history"><br></div><div class="battle-history"><small>The opposing Zapdos restored a little HP using its Leftovers!</small><br></div><div class="spacer battle-history"><br></div><h2 class="battle-history">Turn 58</h2><div class="spacer battle-history"><br></div><div class="battle-history">🐂EdwardEllric🐂 withdrew Zapdos!<br></div><div class="battle-history">🐂EdwardEllric🐂 sent out Hoopa (<strong>Hoopa-Unbound</strong>)!<br></div><div class="spacer battle-history"><br></div><div class="battle-history">Clefable used <strong>Stored Power</strong>!<br></div><div class="battle-history"><small>It doesn't affect the opposing Hoopa...</small><br></div><div class="spacer battle-history"><br></div><h2 class="battle-history">Turn 59</h2><div class="spacer battle-history"><br></div><div class="battle-history">🐂EdwardEllric🐂 withdrew Hoopa!<br></div><div class="battle-history">🐂EdwardEllric🐂 sent out <strong>Zapdos</strong>!<br></div><div class="battle-history"><small>[The opposing Zapdos's Pressure]</small><br><small>The opposing Zapdos is exerting its pressure!</small><br></div><div class="spacer battle-history"><br></div><div class="battle-history">Clefable used <strong>Stored Power</strong>!<br></div><div class="battle-history"><small>(The opposing Zapdos lost <abbr title="−99/383">25.8%</abbr> of its health!)</small><br></div><div class="spacer battle-history"><br></div><div class="battle-history"><small>The opposing Zapdos restored a little HP using its Leftovers!</small><br></div><div class="spacer battle-history"><br></div><h2 class="battle-history">Turn 60</h2><div class="spacer battle-history"><br></div><div class="battle-history">The opposing Zapdos used <strong>Roost</strong>!<br></div><div class="battle-history"><small>The opposing Zapdos restored its HP.</small><br></div><div class="spacer battle-history"><br></div><div class="battle-history">Clefable is paralyzed! It can't move!<br></div><div class="spacer battle-history"><br></div><h2 class="battle-history">Turn 61</h2><div class="spacer battle-history"><br></div><div class="battle-history">🐂EdwardEllric🐂 withdrew Zapdos!<br></div><div class="battle-history">🐂EdwardEllric🐂 sent out Hoopa (<strong>Hoopa-Unbound</strong>)!<br></div><div class="spacer battle-history"><br></div><div class="battle-history">Clefable used <strong>Stored Power</strong>!<br></div><div class="battle-history"><small>It doesn't affect the opposing Hoopa...</small><br></div><div class="spacer battle-history"><br></div><h2 class="battle-history">Turn 62</h2><div class="spacer battle-history"><br></div><div class="battle-history">🐂EdwardEllric🐂 withdrew Hoopa!<br></div><div class="battle-history">🐂EdwardEllric🐂 sent out <strong>Zapdos</strong>!<br></div><div class="battle-history"><small>[The opposing Zapdos's Pressure]</small><br><small>The opposing Zapdos is exerting its pressure!</small><br></div><div class="spacer battle-history"><br></div><div class="battle-history">Clefable, come back!<br></div><div class="battle-history">Go! <strong>Charizard</strong>!<br></div><div class="spacer battle-history"><br></div><h2 class="battle-history">Turn 63</h2><div class="spacer battle-history"><br></div><div class="battle-history">🐂EdwardEllric🐂 withdrew Zapdos!<br></div><div class="battle-history">🐂EdwardEllric🐂 sent out Landorus (<strong>Landorus-Therian</strong>)!<br></div><div class="battle-history"><small>[The opposing Landorus's Intimidate]</small><br></div><div class="battle-history"><small>Charizard's Attack fell!</small><br></div><div class="spacer battle-history"><br></div><div class="battle-history"><small>Charizard's Charizardite X is reacting to the Key Stone!</small><br>Charizard has Mega Evolved into Mega Charizard!<br></div><div class="spacer battle-history"><br></div><div class="battle-history">Charizard used <strong>Flame Charge</strong>!<br></div><div class="battle-history"><small>(The opposing Landorus lost <abbr title="−91/321">28.3%</abbr> of its health!)</small><br></div><div class="battle-history"><small>Charizard's Speed rose!</small><br></div><div class="spacer battle-history"><br></div><h2 class="battle-history">Turn 64</h2><div class="spacer battle-history"><br></div><div class="battle-history">Charizard, come back!<br></div><div class="battle-history">Go! <strong>Quagsire</strong>!<br></div><div class="spacer battle-history"><br></div><div class="battle-history">The opposing Landorus used <strong>Earthquake</strong>!<br></div><div class="battle-history"><small>(Quagsire lost <abbr title="−172/394">43.7%</abbr> of its health!)</small><br></div><div class="spacer battle-history"><br></div><h2 class="battle-history">Turn 65</h2><div class="spacer battle-history"><br></div><div class="battle-history">🐂EdwardEllric🐂 withdrew Landorus!<br></div><div class="battle-history">🐂EdwardEllric🐂 sent out Charizard (<strong>Charizard-Mega-Y</strong>)!<br></div><div class="battle-history"><small>[The opposing Charizard's Drought]</small><br><small>The sunlight turned harsh!</small><br></div><div class="battle-history"><small>Quagsire surrounded itself with its Z-Power!</small><br></div><div class="spacer battle-history"><br></div><div class="battle-history">Quagsire used <strong>Hydro Vortex</strong>!<br></div><div class="battle-history"><small>It's super effective!</small><br></div><div class="battle-history"><small>(The opposing Charizard lost <abbr title="−228/297">76.8%</abbr> of its health!)</small><br></div><div class="spacer battle-history"><br></div><div class="battle-history"><small>(The sunlight is strong!)</small><br></div><div class="spacer battle-history"><br></div><h2 class="battle-history">Turn 66</h2><div class="spacer battle-history"><br></div><div class="battle-history">The opposing Charizard used <strong>Solar Beam</strong>!<br></div><div class="battle-history"><small>The opposing Charizard absorbed light!</small><br></div><div class="battle-history"><small>It's super effective!</small><br></div><div class="battle-history"><small>(Quagsire lost <abbr title="−222/394">56.3%</abbr> of its health!)</small><br></div><div class="spacer battle-history"><br></div><div class="battle-history">Quagsire fainted!<br></div><div class="spacer battle-history"><br></div><div class="battle-history"><small>(The sunlight is strong!)</small><br></div><div class="spacer battle-history"><br></div><div class="battle-history">Go! Charizard (<strong>Charizard-Mega-X</strong>)!<br></div><div class="spacer battle-history"><br></div><h2 class="battle-history">Turn 67</h2><div class="spacer battle-history"><br></div><div class="battle-history">🐂EdwardEllric🐂 withdrew Charizard!<br></div><div class="battle-history">🐂EdwardEllric🐂 sent out Landorus (<strong>Landorus-Therian</strong>)!<br></div><div class="battle-history"><small>[The opposing Landorus's Intimidate]</small><br></div><div class="battle-history"><small>Charizard's Attack fell!</small><br></div><div class="spacer battle-history"><br></div><div class="battle-history">Charizard used <strong>Belly Drum</strong>!<br></div><div class="battle-history"><small>(Charizard lost <abbr title="−148/297">49.8%</abbr> of its health!)</small><br></div><div class="battle-history"><small>Charizard cut its own HP and maximized its Attack!</small><br></div><div class="spacer battle-history"><br></div><div class="battle-history"><small>(The sunlight is strong!)</small><br></div><div class="spacer battle-history"><br></div><h2 class="battle-history">Turn 68</h2><div class="spacer battle-history"><br></div><div class="battle-history">The opposing Landorus used <strong>Earthquake</strong>!<br></div><div class="battle-history"><small>It's super effective!</small><br></div><div class="battle-history"><small>(Charizard lost <abbr title="−149/297">50.2%</abbr> of its health!)</small><br></div><div class="spacer battle-history"><br></div><div class="battle-history">Charizard fainted!<br></div><div class="spacer battle-history"><br></div><div class="battle-history"><small>(The sunlight is strong!)</small><br></div><div class="chat chatmessage-rvnbaron"><strong style="color:hsl(186,58%,37.23517055355841%)"><small>☆</small><span class="username" data-name="RvN Baron">RvN Baron</span>:</strong> <em>joder :slowbr:</em></div><div class="spacer battle-history"><br></div><div class="battle-history">Go! <strong>Necrozma</strong>!<br></div><div class="spacer battle-history"><br></div><h2 class="battle-history">Turn 69</h2><div class="spacer battle-history"><br></div><div class="battle-history">🐂EdwardEllric🐂 withdrew Landorus!<br></div><div class="battle-history">🐂EdwardEllric🐂 sent out Hoopa (<strong>Hoopa-Unbound</strong>)!<br></div><div class="spacer battle-history"><br></div><div class="battle-history">Necrozma used <strong>Calm Mind</strong>!<br></div><div class="battle-history"><small>Necrozma's Special Attack rose!</small><br></div><div class="battle-history"><small>Necrozma's Special Defense rose!</small><br></div><div class="spacer battle-history"><br></div><div class="battle-history"><small>The sunlight faded.</small><br></div><div class="spacer battle-history"><br></div><h2 class="battle-history">Turn 70</h2><div class="spacer battle-history"><br></div><div class="battle-history">The opposing Hoopa used <strong>Dark Pulse</strong>!<br></div><div class="battle-history"><small>It's super effective!</small><br></div><div class="battle-history"><small>(Necrozma lost <abbr title="−208/398">52.3%</abbr> of its health!)</small><br></div><div class="spacer battle-history"><br></div><div class="battle-history">Necrozma used <strong>Calm Mind</strong>!<br></div><div class="battle-history"><small>Necrozma's Special Attack rose!</small><br></div><div class="battle-history"><small>Necrozma's Special Defense rose!</small><br></div><div class="spacer battle-history"><br></div><h2 class="battle-history">Turn 71</h2><div class="spacer battle-history"><br></div><div class="battle-history">The opposing Hoopa used <strong>Dark Pulse</strong>!<br></div><div class="battle-history"><small>It's super effective!</small><br></div><div class="battle-history"><small>(Necrozma lost <abbr title="−163/398">41.0%</abbr> of its health!)</small><br></div><div class="spacer battle-history"><br></div><div class="battle-history">Necrozma used <strong>Rest</strong>!<br></div><div class="battle-history"><small>Necrozma fell asleep!</small><br></div><div class="battle-history"><small>Necrozma slept and became healthy!</small><br></div><div class="battle-history"><small>Necrozma ate its Chesto Berry!</small><br></div><div class="battle-history"><small>Necrozma woke up!</small><br></div><div class="spacer battle-history"><br></div><h2 class="battle-history">Turn 72</h2><div class="spacer battle-history"><br></div><div class="battle-history">The opposing Hoopa used <strong>Dark Pulse</strong>!<br></div><div class="battle-history"><small>It's super effective!</small><br></div><div class="battle-history"><small>(Necrozma lost <abbr title="−150/398">37.7%</abbr> of its health!)</small><br></div><div class="spacer battle-history"><br></div><div class="battle-history">Necrozma used <strong>Calm Mind</strong>!<br></div><div class="battle-history"><small>Necrozma's Special Attack rose!</small><br></div><div class="battle-history"><small>Necrozma's Special Defense rose!</small><br></div><div class="spacer battle-history"><br></div><h2 class="battle-history">Turn 73</h2><div class="spacer battle-history"><br></div><div class="battle-history">The opposing Hoopa used <strong>Dark Pulse</strong>!<br></div><div class="battle-history"><small>It's super effective!</small><br></div><div class="battle-history"><small>(Necrozma lost <abbr title="−121/398">30.4%</abbr> of its health!)</small><br></div><div class="spacer battle-history"><br></div><div class="battle-history">Necrozma used <strong>Calm Mind</strong>!<br></div><div class="battle-history"><small>Necrozma's Special Attack rose!</small><br></div><div class="battle-history"><small>Necrozma's Special Defense rose!</small><br></div><div class="spacer battle-history"><br></div><h2 class="battle-history">Turn 74</h2><div class="spacer battle-history"><br></div><div class="battle-history">The opposing Hoopa used <strong>Dark Pulse</strong>!<br></div><div class="battle-history"><small>It's super effective!</small><br></div><div class="battle-history"><small>(Necrozma lost <abbr title="−117/398">29.4%</abbr> of its health!)</small><br></div><div class="spacer battle-history"><br></div><div class="battle-history">Necrozma used <strong>Rest</strong>!<br></div><div class="battle-history"><small>Necrozma fell asleep!</small><br></div><div class="battle-history"><small>Necrozma slept and became healthy!</small><br></div><div class="spacer battle-history"><br></div><h2 class="battle-history">Turn 75</h2><div class="chat chatmessage-rvnbaron"><strong style="color:hsl(186,58%,37.23517055355841%)"><small>☆</small><span class="username" data-name="RvN Baron">RvN Baron</span>:</strong> <em> no salio como lo planie e,e</em></div><div class="spacer battle-history"><br></div><div class="battle-history">🐂EdwardEllric🐂 withdrew Hoopa!<br></div><div class="battle-history">🐂EdwardEllric🐂 sent out Landorus (<strong>Landorus-Therian</strong>)!<br></div><div class="battle-history"><small>[The opposing Landorus's Intimidate]</small><br></div><div class="battle-history"><small>Necrozma's Attack fell!</small><br></div><div class="spacer battle-history"><br></div><div class="battle-history">Necrozma is fast asleep.<br></div><div class="spacer battle-history"><br></div><h2 class="battle-history">Turn 76</h2><div class="spacer battle-history"><br></div><div class="battle-history">The opposing Landorus used <strong>Knock Off</strong>!<br></div><div class="battle-history"><small>It's super effective!</small><br></div><div class="battle-history"><small>(Necrozma lost <abbr title="−123/398">30.9%</abbr> of its health!)</small><br></div><div class="spacer battle-history"><br></div><div class="battle-history">Necrozma is fast asleep.<br></div><div class="spacer battle-history"><br></div><h2 class="battle-history">Turn 77</h2><div class="spacer battle-history"><br></div><div class="battle-history">The opposing Landorus used <strong>Knock Off</strong>!<br></div><div class="battle-history"><small>It's super effective!</small><br></div><div class="battle-history"><small>(Necrozma lost <abbr title="−136/398">34.2%</abbr> of its health!)</small><br></div><div class="battle-history"><small>Necrozma woke up!</small><br></div><div class="spacer battle-history"><br></div><div class="battle-history">Necrozma used <strong>Rest</strong>!<br></div><div class="battle-history"><small>Necrozma fell asleep!</small><br></div><div class="battle-history"><small>Necrozma slept and became healthy!</small><br></div><div class="spacer battle-history"><br></div><h2 class="battle-history">Turn 78</h2><div class="spacer battle-history"><br></div><div class="battle-history">🐂EdwardEllric🐂 withdrew Landorus!<br></div><div class="battle-history">🐂EdwardEllric🐂 sent out <strong>Terrakion</strong>!<br></div><div class="spacer battle-history"><br></div><div class="battle-history">Necrozma is fast asleep.<br></div><div class="spacer battle-history"><br></div><h2 class="battle-history">Turn 79</h2><div class="spacer battle-history"><br></div><div class="battle-history">The opposing Terrakion used <strong>Swords Dance</strong>!<br></div><div class="battle-history"><small>The opposing Terrakion's Attack rose sharply!</small><br></div><div class="spacer battle-history"><br></div><div class="battle-history">Necrozma is fast asleep.<br></div><div class="spacer battle-history"><br></div><h2 class="battle-history">Turn 80</h2><div class="spacer battle-history"><br></div><div class="battle-history"><small>The opposing Terrakion surrounded itself with its Z-Power!</small><br></div><div class="spacer battle-history"><br></div><div class="battle-history">The opposing Terrakion used <strong>Continental Crush</strong>!<br></div><div class="battle-history"><small>(Necrozma lost <abbr title="−398/398">100%</abbr> of its health!)</small><br></div><div class="spacer battle-history"><br></div><div class="battle-history">Necrozma fainted!<br></div><div class="spacer battle-history"><br></div><div class="battle-history">Go! <strong>Espeon</strong>!<br></div><div class="spacer battle-history"><br></div><h2 class="battle-history">Turn 81</h2><div class="spacer battle-history"><br></div><div class="battle-history">The opposing Terrakion used <strong>Stone Edge</strong>!<br></div><div class="battle-history"><small>(Espeon lost <abbr title="−322/334">96.4%</abbr> of its health!)</small><br></div><div class="spacer battle-history"><br></div><div class="battle-history">Espeon used <strong>Calm Mind</strong>!<br></div><div class="battle-history"><small>Espeon's Special Attack rose!</small><br></div><div class="battle-history"><small>Espeon's Special Defense rose!</small><br></div><div class="spacer battle-history"><br></div><h2 class="battle-history">Turn 82</h2><div class="spacer battle-history"><br></div><div class="battle-history">The opposing Terrakion used <strong>Close Combat</strong>!<br></div><div class="battle-history"><small>It's not very effective...</small><br></div><div class="battle-history"><small>(Espeon lost <abbr title="−12/334">3.6%</abbr> of its health!)</small><br></div><div class="battle-history"><small>The opposing Terrakion's Defense fell!</small><br></div><div class="battle-history"><small>The opposing Terrakion's Special Defense fell!</small><br></div><div class="spacer battle-history"><br></div><div class="battle-history">Espeon fainted!<br></div><div class="spacer battle-history"><br></div><div class="battle-history"><small>RvN Baron se rindió.</small><br></div><div class="spacer battle-history"><br></div><div class="battle-history"><strong>🐂EdwardEllric🐂</strong> won the battle!<br></div></div><div class="inner-preempt"></div></div></div>
</div>
<script>
let daily = Math.floor(Date.now()/1000/60/60/24);document.write('<script src="https://play.pokemonshowdown.com/js/replay-embed.js?version'+daily+'"></'+'script>');
</script>
