<!DOCTYPE html>
<meta charset="utf-8" />
<!-- version 1 -->
<title>OU replay: AdderJo vs. ElAstete</title>
<style>
html,body {font-family:Verdana, sans-serif;font-size:10pt;margin:0;padding:0;}body{padding:12px 0;} .battle-log {font-family:Verdana, sans-serif;font-size:10pt;} .battle-log-inline {border:1px solid #AAAAAA;background:#EEF2F5;color:black;max-width:640px;margin:0 auto 80px;padding-bottom:5px;} .battle-log .inner {padding:4px 8px 0px 8px;} .battle-log .inner-preempt {padding:0 8px 4px 8px;} .battle-log .inner-after {margin-top:0.5em;} .battle-log h2 {margin:0.5em -8px;padding:4px 8px;border:1px solid #AAAAAA;background:#E0E7EA;border-left:0;border-right:0;font-family:Verdana, sans-serif;font-size:13pt;} .battle-log .chat {vertical-align:middle;padding:3px 0 3px 0;font-size:8pt;} .battle-log .chat strong {color:#40576A;} .battle-log .chat em {padding:1px 4px 1px 3px;color:#000000;font-style:normal;} .chat.mine {background:rgba(0,0,0,0.05);margin-left:-8px;margin-right:-8px;padding-left:8px;padding-right:8px;} .spoiler {color:#BBBBBB;background:#BBBBBB;padding:0px 3px;} .spoiler:hover, .spoiler:active, .spoiler-shown {color:#000000;background:#E2E2E2;padding:0px 3px;} .spoiler a {color:#BBBBBB;} .spoiler:hover a, .spoiler:active a, .spoiler-shown a {color:#2288CC;} .chat code, .chat .spoiler:hover code, .chat .spoiler:active code, .chat .spoiler-shown code {border:1px solid #C0C0C0;background:#EEEEEE;color:black;padding:0 2px;} .chat .spoiler code {border:1px solid #CCCCCC;background:#CCCCCC;color:#CCCCCC;} .battle-log .rated {padding:3px 4px;} .battle-log .rated strong {color:white;background:#89A;padding:1px 4px;border-radius:4px;} .spacer {margin-top:0.5em;} .message-announce {background:#6688AA;color:white;padding:1px 4px 2px;} .message-announce a, .broadcast-green a, .broadcast-blue a, .broadcast-red a {color:#DDEEFF;} .broadcast-green {background-color:#559955;color:white;padding:2px 4px;} .broadcast-blue {background-color:#6688AA;color:white;padding:2px 4px;} .infobox {border:1px solid #6688AA;padding:2px 4px;} .infobox-limited {max-height:200px;overflow:auto;overflow-x:hidden;} .broadcast-red {background-color:#AA5544;color:white;padding:2px 4px;} .message-learn-canlearn {font-weight:bold;color:#228822;text-decoration:underline;} .message-learn-cannotlearn {font-weight:bold;color:#CC2222;text-decoration:underline;} .message-effect-weak {font-weight:bold;color:#CC2222;} .message-effect-resist {font-weight:bold;color:#6688AA;} .message-effect-immune {font-weight:bold;color:#666666;} .message-learn-list {margin-top:0;margin-bottom:0;} .message-throttle-notice, .message-error {color:#992222;} .message-overflow, .chat small.message-overflow {font-size:0pt;} .message-overflow::before {font-size:9pt;content:'...';} .subtle {color:#3A4A66;}
</style>
<div class="wrapper replay-wrapper" style="max-width:1180px;margin:0 auto">
<input type="hidden" name="replayid" value="destiny-ou-447303" />
<div class="battle"></div><div class="battle-log"></div><div class="replay-controls"></div><div class="replay-controls-2"></div>
<h1 style="font-weight:normal;text-align:center"><strong>OU</strong><br /><a href="http://pokemonshowdown.com/users/adderjo" class="subtle" target="_blank">AdderJo</a> vs. <a href="http://pokemonshowdown.com/users/elastete" class="subtle" target="_blank">ElAstete</a></h1>
<script type="text/plain" class="battle-log-data">|player|p1|AdderJo|101
|teamsize|p1|6
|player|p2|ElAstete|153
|teamsize|p2|6
|teamsize|p1|6
|teamsize|p2|6
|gametype|singles
|gen|7
|tier|OU
|rated
|seed|47932,63230,43972,24457
|rule|Cláusula-Mod de Dormir: solo puedes dormir a uno de tus oponentes a la vez.
|rule|Cláusula de Especie: Hasta un Pokémon de cada especie
|rule|Cláusula de Golpe Fulminante: los movimientos fulminantes (OHKO) estan prohibidos
|rule|Cláusula de Veleta: la habilidad Veleta está prohibida
|rule|Cláusula de Movimientos Evasivos: los movimientos de Evasión están prohibidos.
|rule|Cláusula de Batallas Eternas: forzar batallas eternas está prohibido
|clearpoke
|poke|p1|Beedrill, F|item
|poke|p1|Infernape, F|item
|poke|p1|Tapu Lele|item
|poke|p1|Greninja, M|item
|poke|p1|Chansey, F|item
|poke|p1|Landorus-Therian, M|item
|poke|p2|Charizard, M, shiny|item
|poke|p2|Zeraora|item
|poke|p2|Celesteela, shiny|item
|poke|p2|Chansey, F, shiny|item
|poke|p2|Landorus-Therian, M, shiny|item
|poke|p2|Gengar, M|item
|teampreview|undefined
|choice|*|*team 523416
|choice|*team 423156|*
|choice|team 4, 2, 3, 1, 5, 6|team 5, 2, 3, 4, 1, 6
|
|start
|switch|p1a: Greninja|Greninja, M|285\/285
|switch|p2a: Landorus|Landorus-Therian, M, shiny|319\/319
|-ability|p2a: Landorus|Intimidate|boost
|-unboost|p1a: Greninja|atk|1
|turn|1
|choice|*|*switch 4
|choice|*move 2|*
|choice|move icebeam|switch 4
|
|switch|p2a: Chansey|Chansey, F, shiny|703\/703
|move|p1a: Greninja|Ice Beam|p2a: Chansey
|-start|p1a: Greninja|typechange|Ice|[from] Protean
|-damage|p2a: Chansey|610\/703
|
|upkeep
|turn|2
|choice|*switch 2|*
|choice|*|*move 4
|choice|switch 2|move toxic
|
|switch|p1a: Infernape|Infernape, F|293\/293
|move|p2a: Chansey|Toxic|p1a: Infernape
|-status|p1a: Infernape|tox
|
|-damage|p1a: Infernape|275\/293 tox|[from] psn
|upkeep
|turn|3
|choice|*move 3|*
|choice|*|*switch 4
|choice|move overheat|switch 4
|
|switch|p2a: Landorus|Landorus-Therian, M, shiny|319\/319
|-ability|p2a: Landorus|Intimidate|boost
|-unboost|p1a: Infernape|atk|1
|move|p1a: Infernape|Overheat|p2a: Landorus
|-damage|p2a: Landorus|58\/319
|-unboost|p1a: Infernape|spa|2
|-damage|p1a: Infernape|246\/293 tox|[from] item: Life Orb
|
|-heal|p2a: Landorus|77\/319|[from] item: Leftovers
|-damage|p1a: Infernape|210\/293 tox|[from] psn
|upkeep
|turn|4
|choice|*move 3|*
|choice|*switch 6|*
|choice|*|*switch 4
|choice|switch 6|switch 4
|
|switch|p1a: Landorus|Landorus-Therian, M|381\/381
|-ability|p1a: Landorus|Intimidate|boost
|-unboost|p2a: Landorus|atk|1
|switch|p2a: Chansey|Chansey, F, shiny|610\/703
|
|upkeep
|turn|5
|choice|*move 1|*
|choice|*|*move 4
|choice|move stealthrock|move toxic
|
|move|p1a: Landorus|Stealth Rock|p2a: Chansey
|-sidestart|p2: ElAstete|move: Stealth Rock
|move|p2a: Chansey|Toxic|p1a: Landorus
|-status|p1a: Landorus|tox
|
|-damage|p1a: Landorus|358\/381 tox|[from] psn
|upkeep
|turn|6
|choice|*|*move 1
|choice|*switch 6|*
|choice|switch 6|move softboiled
|
|switch|p1a: Infernape|Infernape, F|210\/293 tox
|move|p2a: Chansey|Soft-Boiled|p2a: Chansey
|-heal|p2a: Chansey|703\/703
|
|-damage|p1a: Infernape|192\/293 tox|[from] psn
|upkeep
|turn|7
|choice|*move 1|*
|choice|*|*move 1
|choice|move closecombat|move softboiled
|
|move|p1a: Infernape|Close Combat|p2a: Chansey
|-supereffective|p2a: Chansey
|-damage|p2a: Chansey|76\/703
|-unboost|p1a: Infernape|def|1
|-unboost|p1a: Infernape|spd|1
|-damage|p1a: Infernape|163\/293 tox|[from] item: Life Orb
|move|p2a: Chansey|Soft-Boiled|p2a: Chansey
|-heal|p2a: Chansey|428\/703
|
|-damage|p1a: Infernape|127\/293 tox|[from] psn
|upkeep
|turn|8
|choice|*move 1|*
|choice|*|*switch 5
|choice|move closecombat|switch 5
|
|switch|p2a: Charizard|Charizard, M, shiny|297\/297
|-damage|p2a: Charizard|149\/297|[from] Stealth Rock
|move|p1a: Infernape|Close Combat|p2a: Charizard
|-resisted|p2a: Charizard
|-damage|p2a: Charizard|0 fnt
|-unboost|p1a: Infernape|def|1
|-unboost|p1a: Infernape|spd|1
|-damage|p1a: Infernape|98\/293 tox|[from] item: Life Orb
|faint|p2a: Charizard
|
|-damage|p1a: Infernape|44\/293 tox|[from] psn
|upkeep
|choice|*|*switch 6
|choice||switch 6
|
|switch|p2a: Gengar|Gengar, M|261\/261
|-damage|p2a: Gengar|229\/261|[from] Stealth Rock
|turn|9
|choice|*switch 5|*
|choice|*|*move 2
|choice|switch 5|move sludgebomb
|
|switch|p1a: Chansey|Chansey, F|703\/703
|move|p2a: Gengar|Sludge Bomb|p1a: Chansey
|-damage|p1a: Chansey|570\/703
|-status|p1a: Chansey|psn
|-damage|p2a: Gengar|203\/261|[from] item: Life Orb
|
|-damage|p1a: Chansey|483\/703 psn|[from] psn
|upkeep
|turn|10
|choice|*move 1|*
|choice|*|*switch 3
|choice|move aromatherapy|switch 3
|
|switch|p2a: Celesteela|Celesteela, shiny|398\/398
|-damage|p2a: Celesteela|349\/398|[from] Stealth Rock
|move|p1a: Chansey|Aromatherapy|p1a: Chansey
|-activate|p1a: Chansey|move: Aromatherapy
|-curestatus|p1a: Chansey|psn|[msg]
|-curestatus|p1: Infernape|tox|[msg]
|-curestatus|p1: Landorus|tox|[msg]
|
|-heal|p2a: Celesteela|373\/398|[from] item: Leftovers
|upkeep
|turn|11
|choice|*move 2|*
|choice|*|*move 1
|choice|move thunderwave|move leechseed
|
|move|p2a: Celesteela|Leech Seed|p1a: Chansey
|-start|p1a: Chansey|move: Leech Seed
|move|p1a: Chansey|Thunder Wave|p2a: Celesteela
|-status|p2a: Celesteela|par
|
|-heal|p2a: Celesteela|397\/398 par|[from] item: Leftovers
|-damage|p1a: Chansey|396\/703|[from] Leech Seed|[of] p2a: Celesteela
|-heal|p2a: Celesteela|398\/398 par|[silent]
|upkeep
|turn|12
|choice|*|*switch 5
|choice|*switch 5|*
|choice|switch 5|switch 5
|
|switch|p1a: Infernape|Infernape, F|44\/293
|switch|p2a: Chansey|Chansey, F, shiny|428\/703
|-damage|p2a: Chansey|341\/703|[from] Stealth Rock
|
|upkeep
|turn|13
|choice|*|*switch 2
|choice|*move 1|*
|choice|move closecombat|switch 2
|
|switch|p2a: Zeraora|Zeraora|317\/317
|-damage|p2a: Zeraora|278\/317|[from] Stealth Rock
|move|p1a: Infernape|Close Combat|p2a: Zeraora
|-damage|p2a: Zeraora|0 fnt
|-unboost|p1a: Infernape|def|1
|-unboost|p1a: Infernape|spd|1
|-damage|p1a: Infernape|15\/293|[from] item: Life Orb
|faint|p2a: Zeraora
|
|upkeep
|choice|*|*switch 3
|choice||switch 3
|
|switch|p2a: Gengar|Gengar, M|203\/261
|-damage|p2a: Gengar|171\/261|[from] Stealth Rock
|turn|14
|choice|*switch 5|*
|choice|*|*move 2
|choice|switch 5|move sludgebomb
|
|switch|p1a: Chansey|Chansey, F|396\/703
|move|p2a: Gengar|Sludge Bomb|p1a: Chansey
|-damage|p1a: Chansey|270\/703
|-damage|p2a: Gengar|145\/261|[from] item: Life Orb
|
|upkeep
|turn|15
|inactive|Reloj de batalla ENCENDIDO. El jugador inactivo será descalificado (solicitado por AdderJo).
|choice|*move 4|*
|choice|*|*move 3
|choice|move softboiled|move willowisp
|
|move|p2a: Gengar|Will-O-Wisp|p1a: Chansey
|-status|p1a: Chansey|brn
|move|p1a: Chansey|Soft-Boiled|p1a: Chansey
|-heal|p1a: Chansey|622\/703 brn
|
|-damage|p1a: Chansey|579\/703 brn|[from] brn
|upkeep
|turn|16
|choice|*move 2|*
|choice|*|*switch 2
|choice|move thunderwave|switch 2
|
|switch|p2a: Chansey|Chansey, F, shiny|341\/703
|-damage|p2a: Chansey|254\/703|[from] Stealth Rock
|move|p1a: Chansey|Thunder Wave|p2a: Chansey
|-status|p2a: Chansey|par
|
|-damage|p1a: Chansey|536\/703 brn|[from] brn
|upkeep
|turn|17
|choice|*switch 5|*
|choice|*|*move 2
|choice|switch 5|move healbell
|
|-curestatus|p1a: Chansey|brn|[from] ability: Natural Cure
|switch|p1a: Infernape|Infernape, F|15\/293
|move|p2a: Chansey|Heal Bell|p2a: Chansey
|-activate|p2a: Chansey|move: Heal Bell
|-curestatus|p2a: Chansey|par|[msg]
|-curestatus|p2: Celesteela|par|[msg]
|
|upkeep
|turn|18
|choice|*move 1|*
|choice|*move 1|*
|inactive|ElAstete tiene 135 segundos restantes.
|choice|*move 1|*
|choice|*|*switch 2
|choice|move closecombat|switch 2
|
|switch|p2a: Gengar|Gengar, M|145\/261
|-damage|p2a: Gengar|113\/261|[from] Stealth Rock
|move|p1a: Infernape|Close Combat|p2a: Gengar
|-immune|p2a: Gengar|[msg]
|
|upkeep
|turn|19
|choice|*switch 5|*
|choice|*|*switch 2
|choice|switch 5|switch 2
|
|switch|p2a: Chansey|Chansey, F, shiny|254\/703
|-damage|p2a: Chansey|167\/703|[from] Stealth Rock
|switch|p1a: Chansey|Chansey, F|536\/703
|
|upkeep
|turn|20
|choice|*switch 5|*
|choice|*|*move 1
|choice|switch 5|move softboiled
|
|switch|p1a: Infernape|Infernape, F|15\/293
|move|p2a: Chansey|Soft-Boiled|p2a: Chansey
|-heal|p2a: Chansey|519\/703
|
|upkeep
|turn|21
|choice|*move 1|*
|choice|*move 3|*
|choice|*move 1|*
|choice|*|*move 1
|choice|*move 3|*
|choice|move overheat|move softboiled
|
|move|p1a: Infernape|Overheat|p2a: Chansey
|-damage|p2a: Chansey|377\/703
|-unboost|p1a: Infernape|spa|2
|-damage|p1a: Infernape|0 fnt|[from] item: Life Orb
|faint|p1a: Infernape
|move|p2a: Chansey|Soft-Boiled|p2a: Chansey
|-heal|p2a: Chansey|703\/703
|
|upkeep
|choice|*switch 4|*
|choice|switch 4|
|
|switch|p1a: Beedrill|Beedrill, F|271\/271
|turn|22
|choice|*move 3 mega|*
|choice|*|*switch 5
|choice|move knockoff mega|switch 5
|
|switch|p2a: Celesteela|Celesteela, shiny|398\/398
|-damage|p2a: Celesteela|349\/398|[from] Stealth Rock
|-mega|p1a: Beedrill|Beedrill|Beedrillite
|detailschange|p1a: Beedrill|Beedrill-Mega, F
|move|p1a: Beedrill|Knock Off|p2a: Celesteela
|-damage|p2a: Celesteela|250\/398
|-enditem|p2a: Celesteela|Leftovers|[from] move: Knock Off|[of] p1a: Beedrill
|
|upkeep
|turn|23
|choice|*move 1|*
|choice|*|*move 1
|choice|move uturn|move leechseed
|
|move|p1a: Beedrill|U-turn|p2a: Celesteela
|-resisted|p2a: Celesteela
|-damage|p2a: Celesteela|216\/398
|choice|*switch 6|*
|choice|switch 6|
|
|switch|p1a: Landorus|Landorus-Therian, M|358\/381|[from]move: U-turn
|-ability|p1a: Landorus|Intimidate|boost
|-unboost|p2a: Celesteela|atk|1
|move|p2a: Celesteela|Leech Seed|p1a: Landorus
|-start|p1a: Landorus|move: Leech Seed
|
|-heal|p1a: Landorus|381\/381|[from] item: Leftovers
|-damage|p1a: Landorus|334\/381|[from] Leech Seed|[of] p2a: Celesteela
|-heal|p2a: Celesteela|263\/398|[silent]
|upkeep
|turn|24
|choice|*switch 2|*
|choice|*|*move 2
|choice|*|*move 1
|choice|*switch 5|*
|choice|switch 5|move leechseed
|
|switch|p1a: Chansey|Chansey, F|536\/703
|move|p2a: Celesteela|Leech Seed|p1a: Chansey
|-start|p1a: Chansey|move: Leech Seed
|
|-damage|p1a: Chansey|449\/703|[from] Leech Seed|[of] p2a: Celesteela
|-heal|p2a: Celesteela|350\/398|[silent]
|upkeep
|turn|25
|choice|*move 2|*
|choice|*|*move 3
|choice|*move 4|*
|choice|move softboiled|move protect
|
|move|p2a: Celesteela|Protect|p2a: Celesteela
|-singleturn|p2a: Celesteela|Protect
|move|p1a: Chansey|Soft-Boiled|p1a: Chansey
|-heal|p1a: Chansey|703\/703
|
|-damage|p1a: Chansey|616\/703|[from] Leech Seed|[of] p2a: Celesteela
|-heal|p2a: Celesteela|398\/398|[silent]
|upkeep
|turn|26
|choice|*move 2|*
|choice|*move 2|*
|choice|*|*move 2
|choice|move thunderwave|move toxic
|
|move|p2a: Celesteela|Toxic|p1a: Chansey
|-status|p1a: Chansey|tox
|move|p1a: Chansey|Thunder Wave|p2a: Celesteela
|-status|p2a: Celesteela|par
|
|-damage|p1a: Chansey|529\/703 tox|[from] Leech Seed|[of] p2a: Celesteela
|-damage|p1a: Chansey|486\/703 tox|[from] psn
|upkeep
|turn|27
|choice|*switch 2|*
|choice|*|*move 1
|choice|switch 2|move leechseed
|
|-curestatus|p1a: Chansey|tox|[from] ability: Natural Cure
|switch|p1a: Greninja|Greninja, M|285\/285
|move|p2a: Celesteela|Leech Seed|p1a: Greninja
|-start|p1a: Greninja|move: Leech Seed
|
|-damage|p1a: Greninja|250\/285|[from] Leech Seed|[of] p2a: Celesteela
|upkeep
|turn|28
|choice|*|*switch 5
|choice|*switch 6|*
|choice|switch 6|switch 5
|
|switch|p1a: Beedrill|Beedrill-Mega, F|271\/271
|switch|p2a: Chansey|Chansey, F, shiny|703\/703
|-damage|p2a: Chansey|616\/703|[from] Stealth Rock
|
|upkeep
|turn|29
|choice|*move 3|*
|choice|*|*move 3
|choice|move knockoff|move wish
|
|move|p1a: Beedrill|Knock Off|p2a: Chansey
|-damage|p2a: Chansey|453\/703
|-enditem|p2a: Chansey|Eviolite|[from] move: Knock Off|[of] p1a: Beedrill
|move|p2a: Chansey|Wish|p2a: Chansey
|
|upkeep
|turn|30
|choice|*move 1|*
|choice|*|*switch 2
|choice|move uturn|switch 2
|
|switch|p2a: Gengar|Gengar, M|113\/261
|-damage|p2a: Gengar|81\/261|[from] Stealth Rock
|move|p1a: Beedrill|U-turn|p2a: Gengar
|-resisted|p2a: Gengar
|-damage|p2a: Gengar|13\/261
|choice|*switch 3|*
|choice|switch 3|
|
|switch|p1a: Tapu Lele|Tapu Lele|281\/281|[from]move: U-turn
|-fieldstart|move: Psychic Terrain|[from] ability: Psychic Surge|[of] p1a: Tapu Lele
|
|-heal|p2a: Gengar|261\/261|[from] move: Wish|[wisher] Chansey
|upkeep
|turn|31
|choice|*move 1|*
|choice|*|*move 2
|choice|move psychic|move sludgebomb
|
|move|p1a: Tapu Lele|Psychic|p2a: Gengar
|-supereffective|p2a: Gengar
|-damage|p2a: Gengar|0 fnt
|faint|p2a: Gengar
|
|upkeep
|choice|*|*switch 5
|choice||switch 5
|
|switch|p2a: Celesteela|Celesteela, shiny|398\/398 par
|-damage|p2a: Celesteela|349\/398 par|[from] Stealth Rock
|turn|32
|choice|*|*move 1
|choice|*switch 6|*
|choice|switch 6|move leechseed
|
|switch|p1a: Greninja|Greninja, M|250\/285
|move|p2a: Celesteela|Leech Seed|p1a: Greninja|[miss]
|-miss|p2a: Celesteela|p1a: Greninja
|
|upkeep
|turn|33
|choice|*|*move 1
|choice|*switch 3|*
|choice|switch 3|move leechseed
|
|switch|p1a: Beedrill|Beedrill-Mega, F|271\/271
|move|p2a: Celesteela|Leech Seed|p1a: Beedrill
|-start|p1a: Beedrill|move: Leech Seed
|
|-damage|p1a: Beedrill|238\/271|[from] Leech Seed|[of] p2a: Celesteela
|-heal|p2a: Celesteela|382\/398 par|[silent]
|upkeep
|turn|34
|choice|*move 1|*
|choice|*|*move 4
|choice|move uturn|move flamethrower
|
|move|p1a: Beedrill|U-turn|p2a: Celesteela
|-resisted|p2a: Celesteela
|-damage|p2a: Celesteela|352\/398 par
|choice|*switch 3|*
|choice|switch 3|
|
|switch|p1a: Greninja|Greninja, M|250\/285|[from]move: U-turn
|move|p2a: Celesteela|Flamethrower|p1a: Greninja
|-resisted|p1a: Greninja
|-damage|p1a: Greninja|200\/285
|
|-fieldend|move: Psychic Terrain
|upkeep
|turn|35
|choice|*move 1 zmove|*
|choice|*|*move 1
|choice|move hydropump zmove|move leechseed
|
|-zpower|p1a: Greninja
|move|p1a: Greninja|Hydro Vortex|p2a: Celesteela|[zeffect]
|-start|p1a: Greninja|typechange|Water|[from] Protean
|-damage|p2a: Celesteela|76\/398 par
|cant|p2a: Celesteela|par
|
|upkeep
|turn|36
|choice|*move 1|*
|choice|*|*switch 2
|choice|*switch 3|*
|choice|switch 3|switch 2
|
|switch|p1a: Beedrill|Beedrill-Mega, F|238\/271
|switch|p2a: Chansey|Chansey, F, shiny|453\/703
|-damage|p2a: Chansey|366\/703|[from] Stealth Rock
|
|upkeep
|turn|37
|choice|*move 1|*
|choice|*|*move 2
|choice|move uturn|move healbell
|
|move|p1a: Beedrill|U-turn|p2a: Chansey
|-crit|p2a: Chansey
|-damage|p2a: Chansey|0 fnt
|faint|p2a: Chansey
|choice|*switch 6|*
|choice|switch 6|
|
|switch|p1a: Tapu Lele|Tapu Lele|281\/281|[from]move: U-turn
|-fieldstart|move: Psychic Terrain|[from] ability: Psychic Surge|[of] p1a: Tapu Lele
|
|upkeep
|-message|ElAstete se rindió.
|
|win|AdderJo
AdderJo ha ganado 5.5 PokeDolares.
|raw|Puntaje de AdderJo: 1129 &rarr; <strong>1168<\/strong><br \/>(+39 por ganar)
|raw|Puntaje de ElAstete: 1199 &rarr; <strong>1169<\/strong><br \/>(-30 por perder)
</script>
</div>
<div class="battle-log battle-log-inline"><div class="inner"><div class="battle-options"></div><div class="inner"><div class=""><small>Format:</small> <br><strong>OU</strong></div><div class="rated"><strong>Rated battle</strong></div><div class=""><small><em>Cláusula-Mod de Dormir:</em> solo puedes dormir a uno de tus oponentes a la vez.</small></div><div class=""><small><em>Cláusula de Especie:</em> Hasta un Pokémon de cada especie</small></div><div class=""><small><em>Cláusula de Golpe Fulminante:</em> los movimientos fulminantes (OHKO) estan prohibidos</small></div><div class=""><small><em>Cláusula de Veleta:</em> la habilidad Veleta está prohibida</small></div><div class=""><small><em>Cláusula de Movimientos Evasivos:</em> los movimientos de Evasión están prohibidos.</small></div><div class=""><small><em>Cláusula de Batallas Eternas:</em> forzar batallas eternas está prohibido</small></div><div class="chat battle-history"><strong>AdderJo's team:</strong> <em style="color:#445566;display:block;">Beedrill / Infernape / Tapu Lele / Greninja / Chansey / Landorus-Therian</em></div><div class="chat battle-history"><strong>ElAstete's team:</strong> <em style="color:#445566;display:block;">Charizard / Zeraora / Celesteela / Chansey / Landorus-Therian / Gengar</em></div><div class="spacer battle-history"><br></div><div class="battle-history">Battle started between AdderJo and ElAstete!<br></div><div class="spacer battle-history"><br></div><div class="battle-history">Go! <strong>Greninja</strong>!<br></div><div class="spacer battle-history"><br></div><div class="battle-history">ElAstete sent out Landorus (<strong>Landorus-Therian</strong>)!<br></div><div class="battle-history"><small>[The opposing Landorus's Intimidate]</small><br></div><div class="battle-history"><small>Greninja's Attack fell!</small><br></div><div class="spacer battle-history"><br></div><h2 class="battle-history">Turn 1</h2><div class="spacer battle-history"><br></div><div class="battle-history">ElAstete withdrew Landorus!<br></div><div class="battle-history">ElAstete sent out <strong>Chansey</strong>!<br></div><div class="spacer battle-history"><br></div><div class="battle-history">Greninja used <strong>Ice Beam</strong>!<br></div><div class="spacer battle-history"><br></div><div class="battle-history"><small>[Greninja's Protean]</small><br><small>Greninja transformed into the Ice type!</small><br></div><div class="battle-history"><small>(The opposing Chansey lost <abbr title="−93/703">13.2%</abbr> of its health!)</small><br></div><div class="spacer battle-history"><br></div><h2 class="battle-history">Turn 2</h2><div class="spacer battle-history"><br></div><div class="battle-history">Greninja, come back!<br></div><div class="battle-history">Go! <strong>Infernape</strong>!<br></div><div class="spacer battle-history"><br></div><div class="battle-history">The opposing Chansey used <strong>Toxic</strong>!<br></div><div class="battle-history"><small>Infernape was badly poisoned!</small><br></div><div class="spacer battle-history"><br></div><div class="battle-history"><small>Infernape was hurt by poison!</small><br></div><div class="spacer battle-history"><br></div><h2 class="battle-history">Turn 3</h2><div class="spacer battle-history"><br></div><div class="battle-history">ElAstete withdrew Chansey!<br></div><div class="battle-history">ElAstete sent out Landorus (<strong>Landorus-Therian</strong>)!<br></div><div class="battle-history"><small>[The opposing Landorus's Intimidate]</small><br></div><div class="battle-history"><small>Infernape's Attack fell!</small><br></div><div class="spacer battle-history"><br></div><div class="battle-history">Infernape used <strong>Overheat</strong>!<br></div><div class="battle-history"><small>(The opposing Landorus lost <abbr title="−261/319">81.8%</abbr> of its health!)</small><br></div><div class="battle-history"><small>Infernape's Special Attack fell harshly!</small><br></div><div class="battle-history"><small>Infernape lost some of its HP!</small><br></div><div class="spacer battle-history"><br></div><div class="battle-history"><small>The opposing Landorus restored a little HP using its Leftovers!</small><br></div><div class="battle-history"><small>Infernape was hurt by poison!</small><br></div><div class="spacer battle-history"><br></div><h2 class="battle-history">Turn 4</h2><div class="spacer battle-history"><br></div><div class="battle-history">Infernape, come back!<br></div><div class="battle-history">Go! Landorus (<strong>Landorus-Therian</strong>)!<br></div><div class="battle-history"><small>[Landorus's Intimidate]</small><br></div><div class="battle-history"><small>The opposing Landorus's Attack fell!</small><br></div><div class="spacer battle-history"><br></div><div class="battle-history">ElAstete withdrew Landorus!<br></div><div class="battle-history">ElAstete sent out <strong>Chansey</strong>!<br></div><div class="spacer battle-history"><br></div><h2 class="battle-history">Turn 5</h2><div class="spacer battle-history"><br></div><div class="battle-history">Landorus used <strong>Stealth Rock</strong>!<br></div><div class="battle-history"><small>Pointed stones float in the air around the opposing team!</small><br></div><div class="spacer battle-history"><br></div><div class="battle-history">The opposing Chansey used <strong>Toxic</strong>!<br></div><div class="battle-history"><small>Landorus was badly poisoned!</small><br></div><div class="spacer battle-history"><br></div><div class="battle-history"><small>Landorus was hurt by poison!</small><br></div><div class="spacer battle-history"><br></div><h2 class="battle-history">Turn 6</h2><div class="spacer battle-history"><br></div><div class="battle-history">Landorus, come back!<br></div><div class="battle-history">Go! <strong>Infernape</strong>!<br></div><div class="spacer battle-history"><br></div><div class="battle-history">The opposing Chansey used <strong>Soft-Boiled</strong>!<br></div><div class="battle-history"><small>The opposing Chansey restored its HP.</small><br></div><div class="spacer battle-history"><br></div><div class="battle-history"><small>Infernape was hurt by poison!</small><br></div><div class="spacer battle-history"><br></div><h2 class="battle-history">Turn 7</h2><div class="spacer battle-history"><br></div><div class="battle-history">Infernape used <strong>Close Combat</strong>!<br></div><div class="battle-history"><small>It's super effective!</small><br></div><div class="battle-history"><small>(The opposing Chansey lost <abbr title="−627/703">89.2%</abbr> of its health!)</small><br></div><div class="battle-history"><small>Infernape's Defense fell!</small><br></div><div class="battle-history"><small>Infernape's Special Defense fell!</small><br></div><div class="battle-history"><small>Infernape lost some of its HP!</small><br></div><div class="spacer battle-history"><br></div><div class="battle-history">The opposing Chansey used <strong>Soft-Boiled</strong>!<br></div><div class="battle-history"><small>The opposing Chansey restored its HP.</small><br></div><div class="spacer battle-history"><br></div><div class="battle-history"><small>Infernape was hurt by poison!</small><br></div><div class="spacer battle-history"><br></div><h2 class="battle-history">Turn 8</h2><div class="spacer battle-history"><br></div><div class="battle-history">ElAstete withdrew Chansey!<br></div><div class="battle-history">ElAstete sent out <strong>Charizard</strong>!<br></div><div class="battle-history"><small>Pointed stones dug into the opposing Charizard!</small><br></div><div class="spacer battle-history"><br></div><div class="battle-history">Infernape used <strong>Close Combat</strong>!<br></div><div class="battle-history"><small>It's not very effective...</small><br></div><div class="battle-history"><small>(The opposing Charizard lost <abbr title="−149/297">50.2%</abbr> of its health!)</small><br></div><div class="battle-history"><small>Infernape's Defense fell!</small><br></div><div class="battle-history"><small>Infernape's Special Defense fell!</small><br></div><div class="battle-history"><small>Infernape lost some of its HP!</small><br></div><div class="spacer battle-history"><br></div><div class="battle-history">The opposing Charizard fainted!<br></div><div class="spacer battle-history"><br></div><div class="battle-history"><small>Infernape was hurt by poison!</small><br></div><div class="spacer battle-history"><br></div><div class="battle-history">ElAstete sent out <strong>Gengar</strong>!<br></div><div class="battle-history"><small>Pointed stones dug into the opposing Gengar!</small><br></div><div class="spacer battle-history"><br></div><h2 class="battle-history">Turn 9</h2><div class="spacer battle-history"><br></div><div class="battle-history">Infernape, come back!<br></div><div class="battle-history">Go! <strong>Chansey</strong>!<br></div><div class="spacer battle-history"><br></div><div class="battle-history">The opposing Gengar used <strong>Sludge Bomb</strong>!<br></div><div class="battle-history"><small>(Chansey lost <abbr title="−133/703">18.9%</abbr> of its health!)</small><br></div><div class="battle-history"><small>Chansey was poisoned!</small><br></div><div class="battle-history"><small>The opposing Gengar lost some of its HP!</small><br></div><div class="spacer battle-history"><br></div><div class="battle-history"><small>Chansey was hurt by poison!</small><br></div><div class="spacer battle-history"><br></div><h2 class="battle-history">Turn 10</h2><div class="spacer battle-history"><br></div><div class="battle-history">ElAstete withdrew Gengar!<br></div><div class="battle-history">ElAstete sent out <strong>Celesteela</strong>!<br></div><div class="battle-history"><small>Pointed stones dug into the opposing Celesteela!</small><br></div><div class="spacer battle-history"><br></div><div class="battle-history">Chansey used <strong>Aromatherapy</strong>!<br></div><div class="battle-history"><small>A soothing aroma wafted through the area!</small><br></div><div class="battle-history"><small>Chansey was cured of its poisoning.</small><br></div><div class="battle-history"><small>Infernape was cured of its poisoning.</small><br></div><div class="battle-history"><small>Landorus was cured of its poisoning.</small><br></div><div class="spacer battle-history"><br></div><div class="battle-history"><small>The opposing Celesteela restored a little HP using its Leftovers!</small><br></div><div class="spacer battle-history"><br></div><h2 class="battle-history">Turn 11</h2><div class="spacer battle-history"><br></div><div class="battle-history">The opposing Celesteela used <strong>Leech Seed</strong>!<br></div><div class="battle-history"><small>Chansey was seeded!</small><br></div><div class="spacer battle-history"><br></div><div class="battle-history">Chansey used <strong>Thunder Wave</strong>!<br></div><div class="battle-history"><small>The opposing Celesteela is paralyzed! It may be unable to move!</small><br></div><div class="spacer battle-history"><br></div><div class="battle-history"><small>The opposing Celesteela restored a little HP using its Leftovers!</small><br></div><div class="battle-history"><small>Chansey's health is sapped by Leech Seed!</small><br></div><div class="spacer battle-history"><br></div><h2 class="battle-history">Turn 12</h2><div class="spacer battle-history"><br></div><div class="battle-history">Chansey, come back!<br></div><div class="battle-history">Go! <strong>Infernape</strong>!<br></div><div class="spacer battle-history"><br></div><div class="battle-history">ElAstete withdrew Celesteela!<br></div><div class="battle-history">ElAstete sent out <strong>Chansey</strong>!<br></div><div class="battle-history"><small>Pointed stones dug into the opposing Chansey!</small><br></div><div class="spacer battle-history"><br></div><h2 class="battle-history">Turn 13</h2><div class="spacer battle-history"><br></div><div class="battle-history">ElAstete withdrew Chansey!<br></div><div class="battle-history">ElAstete sent out <strong>Zeraora</strong>!<br></div><div class="battle-history"><small>Pointed stones dug into the opposing Zeraora!</small><br></div><div class="spacer battle-history"><br></div><div class="battle-history">Infernape used <strong>Close Combat</strong>!<br></div><div class="battle-history"><small>(The opposing Zeraora lost <abbr title="−278/317">87.7%</abbr> of its health!)</small><br></div><div class="battle-history"><small>Infernape's Defense fell!</small><br></div><div class="battle-history"><small>Infernape's Special Defense fell!</small><br></div><div class="battle-history"><small>Infernape lost some of its HP!</small><br></div><div class="spacer battle-history"><br></div><div class="battle-history">The opposing Zeraora fainted!<br></div><div class="spacer battle-history"><br></div><div class="battle-history">ElAstete sent out <strong>Gengar</strong>!<br></div><div class="battle-history"><small>Pointed stones dug into the opposing Gengar!</small><br></div><div class="spacer battle-history"><br></div><h2 class="battle-history">Turn 14</h2><div class="spacer battle-history"><br></div><div class="battle-history">Infernape, come back!<br></div><div class="battle-history">Go! <strong>Chansey</strong>!<br></div><div class="spacer battle-history"><br></div><div class="battle-history">The opposing Gengar used <strong>Sludge Bomb</strong>!<br></div><div class="battle-history"><small>(Chansey lost <abbr title="−126/703">17.9%</abbr> of its health!)</small><br></div><div class="battle-history"><small>The opposing Gengar lost some of its HP!</small><br></div><div class="spacer battle-history"><br></div><h2 class="battle-history">Turn 15</h2><div class="chat message-error">Reloj de batalla ENCENDIDO. El jugador inactivo será descalificado (solicitado por AdderJo).</div><div class="spacer battle-history"><br></div><div class="battle-history">The opposing Gengar used <strong>Will-O-Wisp</strong>!<br></div><div class="battle-history"><small>Chansey was burned!</small><br></div><div class="spacer battle-history"><br></div><div class="battle-history">Chansey used <strong>Soft-Boiled</strong>!<br></div><div class="battle-history"><small>Chansey restored its HP.</small><br></div><div class="spacer battle-history"><br></div><div class="battle-history"><small>Chansey was hurt by its burn!</small><br></div><div class="spacer battle-history"><br></div><h2 class="battle-history">Turn 16</h2><div class="spacer battle-history"><br></div><div class="battle-history">ElAstete withdrew Gengar!<br></div><div class="battle-history">ElAstete sent out <strong>Chansey</strong>!<br></div><div class="battle-history"><small>Pointed stones dug into the opposing Chansey!</small><br></div><div class="spacer battle-history"><br></div><div class="battle-history">Chansey used <strong>Thunder Wave</strong>!<br></div><div class="battle-history"><small>The opposing Chansey is paralyzed! It may be unable to move!</small><br></div><div class="spacer battle-history"><br></div><div class="battle-history"><small>Chansey was hurt by its burn!</small><br></div><div class="spacer battle-history"><br></div><h2 class="battle-history">Turn 17</h2><div class="spacer battle-history"><br></div><div class="battle-history"><small>(Chansey is cured by its Natural Cure!)</small><br></div><div class="battle-history">Chansey, come back!<br></div><div class="battle-history">Go! <strong>Infernape</strong>!<br></div><div class="spacer battle-history"><br></div><div class="battle-history">The opposing Chansey used <strong>Heal Bell</strong>!<br></div><div class="battle-history"><small>A bell chimed!</small><br></div><div class="battle-history"><small>The opposing Chansey was cured of paralysis.</small><br></div><div class="battle-history"><small>The opposing Celesteela was cured of paralysis.</small><br></div><div class="spacer battle-history"><br></div><h2 class="battle-history">Turn 18</h2><div class="chat message-error">ElAstete tiene 135 segundos restantes.</div><div class="spacer battle-history"><br></div><div class="battle-history">ElAstete withdrew Chansey!<br></div><div class="battle-history">ElAstete sent out <strong>Gengar</strong>!<br></div><div class="battle-history"><small>Pointed stones dug into the opposing Gengar!</small><br></div><div class="spacer battle-history"><br></div><div class="battle-history">Infernape used <strong>Close Combat</strong>!<br></div><div class="battle-history"><small>It doesn't affect the opposing Gengar...</small><br></div><div class="spacer battle-history"><br></div><h2 class="battle-history">Turn 19</h2><div class="spacer battle-history"><br></div><div class="battle-history">ElAstete withdrew Gengar!<br></div><div class="battle-history">ElAstete sent out <strong>Chansey</strong>!<br></div><div class="battle-history"><small>Pointed stones dug into the opposing Chansey!</small><br></div><div class="spacer battle-history"><br></div><div class="battle-history">Infernape, come back!<br></div><div class="battle-history">Go! <strong>Chansey</strong>!<br></div><div class="spacer battle-history"><br></div><h2 class="battle-history">Turn 20</h2><div class="spacer battle-history"><br></div><div class="battle-history">Chansey, come back!<br></div><div class="battle-history">Go! <strong>Infernape</strong>!<br></div><div class="spacer battle-history"><br></div><div class="battle-history">The opposing Chansey used <strong>Soft-Boiled</strong>!<br></div><div class="battle-history"><small>The opposing Chansey restored its HP.</small><br></div><div class="spacer battle-history"><br></div><h2 class="battle-history">Turn 21</h2><div class="spacer battle-history"><br></div><div class="battle-history">Infernape used <strong>Overheat</strong>!<br></div><div class="battle-history"><small>(The opposing Chansey lost <abbr title="−142/703">20.2%</abbr> of its health!)</small><br></div><div class="battle-history"><small>Infernape's Special Attack fell harshly!</small><br></div><div class="battle-history"><small>Infernape lost some of its HP!</small><br></div><div class="spacer battle-history"><br></div><div class="battle-history">Infernape fainted!<br></div><div class="battle-history">The opposing Chansey used <strong>Soft-Boiled</strong>!<br></div><div class="battle-history"><small>The opposing Chansey restored its HP.</small><br></div><div class="spacer battle-history"><br></div><div class="battle-history">Go! <strong>Beedrill</strong>!<br></div><div class="spacer battle-history"><br></div><h2 class="battle-history">Turn 22</h2><div class="spacer battle-history"><br></div><div class="battle-history">ElAstete withdrew Chansey!<br></div><div class="battle-history">ElAstete sent out <strong>Celesteela</strong>!<br></div><div class="battle-history"><small>Pointed stones dug into the opposing Celesteela!</small><br></div><div class="spacer battle-history"><br></div><div class="battle-history"><small>Beedrill's Beedrillite is reacting to the Key Stone!</small><br>Beedrill has Mega Evolved into Mega Beedrill!<br></div><div class="spacer battle-history"><br></div><div class="battle-history">Beedrill used <strong>Knock Off</strong>!<br></div><div class="battle-history"><small>(The opposing Celesteela lost <abbr title="−99/398">24.9%</abbr> of its health!)</small><br></div><div class="battle-history"><small>Beedrill knocked off the opposing Celesteela's Leftovers!</small><br></div><div class="spacer battle-history"><br></div><h2 class="battle-history">Turn 23</h2><div class="spacer battle-history"><br></div><div class="battle-history">Beedrill used <strong>U-turn</strong>!<br></div><div class="battle-history"><small>It's not very effective...</small><br></div><div class="battle-history"><small>(The opposing Celesteela lost <abbr title="−34/398">8.5%</abbr> of its health!)</small><br></div><div class="spacer battle-history"><br></div><div class="battle-history">Beedrill went back to AdderJo!<br></div><div class="battle-history">Go! Landorus (<strong>Landorus-Therian</strong>)!<br></div><div class="battle-history"><small>[Landorus's Intimidate]</small><br></div><div class="battle-history"><small>The opposing Celesteela's Attack fell!</small><br></div><div class="spacer battle-history"><br></div><div class="battle-history">The opposing Celesteela used <strong>Leech Seed</strong>!<br></div><div class="battle-history"><small>Landorus was seeded!</small><br></div><div class="spacer battle-history"><br></div><div class="battle-history"><small>Landorus restored a little HP using its Leftovers!</small><br></div><div class="battle-history"><small>Landorus's health is sapped by Leech Seed!</small><br></div><div class="spacer battle-history"><br></div><h2 class="battle-history">Turn 24</h2><div class="spacer battle-history"><br></div><div class="battle-history">Landorus, come back!<br></div><div class="battle-history">Go! <strong>Chansey</strong>!<br></div><div class="spacer battle-history"><br></div><div class="battle-history">The opposing Celesteela used <strong>Leech Seed</strong>!<br></div><div class="battle-history"><small>Chansey was seeded!</small><br></div><div class="spacer battle-history"><br></div><div class="battle-history"><small>Chansey's health is sapped by Leech Seed!</small><br></div><div class="spacer battle-history"><br></div><h2 class="battle-history">Turn 25</h2><div class="spacer battle-history"><br></div><div class="battle-history">The opposing Celesteela used <strong>Protect</strong>!<br></div><div class="battle-history"><small>The opposing Celesteela protected itself!</small><br></div><div class="spacer battle-history"><br></div><div class="battle-history">Chansey used <strong>Soft-Boiled</strong>!<br></div><div class="battle-history"><small>Chansey restored its HP.</small><br></div><div class="spacer battle-history"><br></div><div class="battle-history"><small>Chansey's health is sapped by Leech Seed!</small><br></div><div class="spacer battle-history"><br></div><h2 class="battle-history">Turn 26</h2><div class="spacer battle-history"><br></div><div class="battle-history">The opposing Celesteela used <strong>Toxic</strong>!<br></div><div class="battle-history"><small>Chansey was badly poisoned!</small><br></div><div class="spacer battle-history"><br></div><div class="battle-history">Chansey used <strong>Thunder Wave</strong>!<br></div><div class="battle-history"><small>The opposing Celesteela is paralyzed! It may be unable to move!</small><br></div><div class="spacer battle-history"><br></div><div class="battle-history"><small>Chansey's health is sapped by Leech Seed!</small><br></div><div class="battle-history"><small>Chansey was hurt by poison!</small><br></div><div class="spacer battle-history"><br></div><h2 class="battle-history">Turn 27</h2><div class="spacer battle-history"><br></div><div class="battle-history"><small>(Chansey is cured by its Natural Cure!)</small><br></div><div class="battle-history">Chansey, come back!<br></div><div class="battle-history">Go! <strong>Greninja</strong>!<br></div><div class="spacer battle-history"><br></div><div class="battle-history">The opposing Celesteela used <strong>Leech Seed</strong>!<br></div><div class="battle-history"><small>Greninja was seeded!</small><br></div><div class="spacer battle-history"><br></div><div class="battle-history"><small>Greninja's health is sapped by Leech Seed!</small><br></div><div class="spacer battle-history"><br></div><h2 class="battle-history">Turn 28</h2><div class="spacer battle-history"><br></div><div class="battle-history">Greninja, come back!<br></div><div class="battle-history">Go! Beedrill (<strong>Beedrill-Mega</strong>)!<br></div><div class="spacer battle-history"><br></div><div class="battle-history">ElAstete withdrew Celesteela!<br></div><div class="battle-history">ElAstete sent out <strong>Chansey</strong>!<br></div><div class="battle-history"><small>Pointed stones dug into the opposing Chansey!</small><br></div><div class="spacer battle-history"><br></div><h2 class="battle-history">Turn 29</h2><div class="spacer battle-history"><br></div><div class="battle-history">Beedrill used <strong>Knock Off</strong>!<br></div><div class="battle-history"><small>(The opposing Chansey lost <abbr title="−163/703">23.2%</abbr> of its health!)</small><br></div><div class="battle-history"><small>Beedrill knocked off the opposing Chansey's Eviolite!</small><br></div><div class="spacer battle-history"><br></div><div class="battle-history">The opposing Chansey used <strong>Wish</strong>!<br></div><div class="spacer battle-history"><br></div><h2 class="battle-history">Turn 30</h2><div class="spacer battle-history"><br></div><div class="battle-history">ElAstete withdrew Chansey!<br></div><div class="battle-history">ElAstete sent out <strong>Gengar</strong>!<br></div><div class="battle-history"><small>Pointed stones dug into the opposing Gengar!</small><br></div><div class="spacer battle-history"><br></div><div class="battle-history">Beedrill used <strong>U-turn</strong>!<br></div><div class="battle-history"><small>It's not very effective...</small><br></div><div class="battle-history"><small>(The opposing Gengar lost <abbr title="−68/261">26.1%</abbr> of its health!)</small><br></div><div class="spacer battle-history"><br></div><div class="battle-history">Beedrill went back to AdderJo!<br></div><div class="battle-history">Go! <strong>Tapu Lele</strong>!<br></div><div class="battle-history"><small>[Tapu Lele's Psychic Surge]</small><br><small>The battlefield got weird!</small><br></div><div class="spacer battle-history"><br></div><div class="battle-history"><small>Chansey's wish came true!</small><br></div><div class="spacer battle-history"><br></div><h2 class="battle-history">Turn 31</h2><div class="spacer battle-history"><br></div><div class="battle-history">Tapu Lele used <strong>Psychic</strong>!<br></div><div class="battle-history"><small>It's super effective!</small><br></div><div class="battle-history"><small>(The opposing Gengar lost <abbr title="−261/261">100%</abbr> of its health!)</small><br></div><div class="spacer battle-history"><br></div><div class="battle-history">The opposing Gengar fainted!<br></div><div class="spacer battle-history"><br></div><div class="battle-history">ElAstete sent out <strong>Celesteela</strong>!<br></div><div class="battle-history"><small>Pointed stones dug into the opposing Celesteela!</small><br></div><div class="spacer battle-history"><br></div><h2 class="battle-history">Turn 32</h2><div class="spacer battle-history"><br></div><div class="battle-history">Tapu Lele, come back!<br></div><div class="battle-history">Go! <strong>Greninja</strong>!<br></div><div class="spacer battle-history"><br></div><div class="battle-history">The opposing Celesteela used <strong>Leech Seed</strong>!<br></div><div class="battle-history"><small>Greninja avoided the attack!</small><br></div><div class="spacer battle-history"><br></div><h2 class="battle-history">Turn 33</h2><div class="spacer battle-history"><br></div><div class="battle-history">Greninja, come back!<br></div><div class="battle-history">Go! Beedrill (<strong>Beedrill-Mega</strong>)!<br></div><div class="spacer battle-history"><br></div><div class="battle-history">The opposing Celesteela used <strong>Leech Seed</strong>!<br></div><div class="battle-history"><small>Beedrill was seeded!</small><br></div><div class="spacer battle-history"><br></div><div class="battle-history"><small>Beedrill's health is sapped by Leech Seed!</small><br></div><div class="spacer battle-history"><br></div><h2 class="battle-history">Turn 34</h2><div class="spacer battle-history"><br></div><div class="battle-history">Beedrill used <strong>U-turn</strong>!<br></div><div class="battle-history"><small>It's not very effective...</small><br></div><div class="battle-history"><small>(The opposing Celesteela lost <abbr title="−30/398">7.5%</abbr> of its health!)</small><br></div><div class="spacer battle-history"><br></div><div class="battle-history">Beedrill went back to AdderJo!<br></div><div class="battle-history">Go! <strong>Greninja</strong>!<br></div><div class="spacer battle-history"><br></div><div class="battle-history">The opposing Celesteela used <strong>Flamethrower</strong>!<br></div><div class="battle-history"><small>It's not very effective...</small><br></div><div class="battle-history"><small>(Greninja lost <abbr title="−50/285">17.5%</abbr> of its health!)</small><br></div><div class="spacer battle-history"><br></div><div class="battle-history"><small>The weirdness disappeared from the battlefield!</small><br></div><div class="spacer battle-history"><br></div><h2 class="battle-history">Turn 35</h2><div class="spacer battle-history"><br></div><div class="battle-history"><small>Greninja surrounded itself with its Z-Power!</small><br></div><div class="spacer battle-history"><br></div><div class="battle-history">Greninja used <strong>Hydro Vortex</strong>!<br></div><div class="spacer battle-history"><br></div><div class="battle-history"><small>[Greninja's Protean]</small><br><small>Greninja transformed into the Water type!</small><br></div><div class="battle-history"><small>(The opposing Celesteela lost <abbr title="−276/398">69.3%</abbr> of its health!)</small><br></div><div class="spacer battle-history"><br></div><div class="battle-history">The opposing Celesteela is paralyzed! It can't move!<br></div><div class="spacer battle-history"><br></div><h2 class="battle-history">Turn 36</h2><div class="spacer battle-history"><br></div><div class="battle-history">Greninja, come back!<br></div><div class="battle-history">Go! Beedrill (<strong>Beedrill-Mega</strong>)!<br></div><div class="spacer battle-history"><br></div><div class="battle-history">ElAstete withdrew Celesteela!<br></div><div class="battle-history">ElAstete sent out <strong>Chansey</strong>!<br></div><div class="battle-history"><small>Pointed stones dug into the opposing Chansey!</small><br></div><div class="spacer battle-history"><br></div><h2 class="battle-history">Turn 37</h2><div class="spacer battle-history"><br></div><div class="battle-history">Beedrill used <strong>U-turn</strong>!<br></div><div class="battle-history"><small>A critical hit!</small><br></div><div class="battle-history"><small>(The opposing Chansey lost <abbr title="−366/703">52.1%</abbr> of its health!)</small><br></div><div class="spacer battle-history"><br></div><div class="battle-history">The opposing Chansey fainted!<br></div><div class="spacer battle-history"><br></div><div class="battle-history">Beedrill went back to AdderJo!<br></div><div class="battle-history">Go! <strong>Tapu Lele</strong>!<br></div><div class="battle-history"><small>[Tapu Lele's Psychic Surge]</small><br><small>The battlefield got weird!</small><br></div><div class="spacer battle-history"><br></div><div class="battle-history"><small>ElAstete se rindió.</small><br></div><div class="spacer battle-history"><br></div><div class="battle-history"><strong>AdderJo</strong> won the battle!<br></div><div class="chat">AdderJo ha ganado 5.5 PokeDolares.</div><div class="chat">Puntaje de AdderJo: 1129 → <strong>1168</strong><br>(+39 por ganar)</div><div class="chat">Puntaje de ElAstete: 1199 → <strong>1169</strong><br>(-30 por perder)</div></div><div class="inner-preempt"></div></div></div>
</div>
<script>
let daily = Math.floor(Date.now()/1000/60/60/24);document.write('<script src="https://play.pokemonshowdown.com/js/replay-embed.js?version'+daily+'"></'+'script>');
</script>
