<!DOCTYPE html>
<meta charset="utf-8" />
<!-- version 1 -->
<title>OU replay: Karno kkk vs. Seiko leich</title>
<style>
html,body {font-family:Verdana, sans-serif;font-size:10pt;margin:0;padding:0;}body{padding:12px 0;} .battle-log {font-family:Verdana, sans-serif;font-size:10pt;} .battle-log-inline {border:1px solid #AAAAAA;background:#EEF2F5;color:black;max-width:640px;margin:0 auto 80px;padding-bottom:5px;} .battle-log .inner {padding:4px 8px 0px 8px;} .battle-log .inner-preempt {padding:0 8px 4px 8px;} .battle-log .inner-after {margin-top:0.5em;} .battle-log h2 {margin:0.5em -8px;padding:4px 8px;border:1px solid #AAAAAA;background:#E0E7EA;border-left:0;border-right:0;font-family:Verdana, sans-serif;font-size:13pt;} .battle-log .chat {vertical-align:middle;padding:3px 0 3px 0;font-size:8pt;} .battle-log .chat strong {color:#40576A;} .battle-log .chat em {padding:1px 4px 1px 3px;color:#000000;font-style:normal;} .chat.mine {background:rgba(0,0,0,0.05);margin-left:-8px;margin-right:-8px;padding-left:8px;padding-right:8px;} .spoiler {color:#BBBBBB;background:#BBBBBB;padding:0px 3px;} .spoiler:hover, .spoiler:active, .spoiler-shown {color:#000000;background:#E2E2E2;padding:0px 3px;} .spoiler a {color:#BBBBBB;} .spoiler:hover a, .spoiler:active a, .spoiler-shown a {color:#2288CC;} .chat code, .chat .spoiler:hover code, .chat .spoiler:active code, .chat .spoiler-shown code {border:1px solid #C0C0C0;background:#EEEEEE;color:black;padding:0 2px;} .chat .spoiler code {border:1px solid #CCCCCC;background:#CCCCCC;color:#CCCCCC;} .battle-log .rated {padding:3px 4px;} .battle-log .rated strong {color:white;background:#89A;padding:1px 4px;border-radius:4px;} .spacer {margin-top:0.5em;} .message-announce {background:#6688AA;color:white;padding:1px 4px 2px;} .message-announce a, .broadcast-green a, .broadcast-blue a, .broadcast-red a {color:#DDEEFF;} .broadcast-green {background-color:#559955;color:white;padding:2px 4px;} .broadcast-blue {background-color:#6688AA;color:white;padding:2px 4px;} .infobox {border:1px solid #6688AA;padding:2px 4px;} .infobox-limited {max-height:200px;overflow:auto;overflow-x:hidden;} .broadcast-red {background-color:#AA5544;color:white;padding:2px 4px;} .message-learn-canlearn {font-weight:bold;color:#228822;text-decoration:underline;} .message-learn-cannotlearn {font-weight:bold;color:#CC2222;text-decoration:underline;} .message-effect-weak {font-weight:bold;color:#CC2222;} .message-effect-resist {font-weight:bold;color:#6688AA;} .message-effect-immune {font-weight:bold;color:#666666;} .message-learn-list {margin-top:0;margin-bottom:0;} .message-throttle-notice, .message-error {color:#992222;} .message-overflow, .chat small.message-overflow {font-size:0pt;} .message-overflow::before {font-size:9pt;content:'...';} .subtle {color:#3A4A66;}
</style>
<div class="wrapper replay-wrapper" style="max-width:1180px;margin:0 auto">
<input type="hidden" name="replayid" value="destiny-ou-557329" />
<div class="battle"></div><div class="battle-log"></div><div class="replay-controls"></div><div class="replay-controls-2"></div>
<h1 style="font-weight:normal;text-align:center"><strong>OU</strong><br /><a href="http://pokemonshowdown.com/users/karnokkk" class="subtle" target="_blank">Karno kkk</a> vs. <a href="http://pokemonshowdown.com/users/seikoleich" class="subtle" target="_blank">Seiko leich</a></h1>
<script type="text/plain" class="battle-log-data">|player|p1|Karno kkk|165
|teamsize|p1|6
|player|p2|Seiko leich|169
|teamsize|p2|6
|teamsize|p1|6
|teamsize|p2|6
|gametype|singles
|gen|7
|tier|OU
|rated
|seed|50060,6543,14931,20425
|rule|Cláusula-Mod de Dormir: solo puedes dormir a uno de tus oponentes a la vez.
|rule|Cláusula de Especie: Hasta un Pokémon de cada especie
|rule|Cláusula de Golpe Fulminante: los movimientos fulminantes (OHKO) estan prohibidos
|rule|Cláusula de Veleta: la habilidad Veleta está prohibida
|rule|Cláusula de Movimientos Evasivos: los movimientos de Evasión están prohibidos.
|rule|Cláusula de Batallas Eternas: forzar batallas eternas está prohibido
|clearpoke
|poke|p1|Medicham, M|item
|poke|p1|Excadrill, M|item
|poke|p1|Tapu Koko, shiny|item
|poke|p1|Volcanion|item
|poke|p1|Uxie|item
|poke|p1|Gliscor, F|item
|poke|p2|Tyranitar, M|item
|poke|p2|Excadrill, M|item
|poke|p2|Skarmory, F|item
|poke|p2|Greninja, M|item
|poke|p2|Infernape, M|item
|poke|p2|Sceptile, M|item
|teampreview|undefined
|choice|*team 321456|*
|choice|*|*team 423156
|choice|team 3, 2, 1, 4, 5, 6|team 4, 2, 3, 1, 5, 6
|
|start
|switch|p1a: Tapu Koko|Tapu Koko, shiny|282\/282
|switch|p2a: Greninja|Greninja, M|285\/285
|-fieldstart|move: Electric Terrain|[from] ability: Electric Surge|[of] p1a: Tapu Koko
|turn|1
|choice|*|*switch 2
|choice|*move 3|*
|choice|move dazzlinggleam|switch 2
|
|switch|p2a: Excadrill|Excadrill, M|362\/362
|move|p1a: Tapu Koko|Dazzling Gleam|p2a: Excadrill
|-resisted|p2a: Excadrill
|-damage|p2a: Excadrill|284\/362
|
|upkeep
|turn|2
|choice|*switch 4|*
|choice|*|*move 3
|choice|switch 4|move ironhead
|
|switch|p1a: Volcanion|Volcanion|350\/350
|move|p2a: Excadrill|Iron Head|p1a: Volcanion
|-resisted|p1a: Volcanion
|-damage|p1a: Volcanion|311\/350
|-damage|p2a: Excadrill|248\/362|[from] item: Life Orb
|
|upkeep
|turn|3
|choice|*|*move 1
|choice|*move 1|*
|choice|move steameruption|move earthquake
|
|move|p2a: Excadrill|Earthquake|p1a: Volcanion
|-supereffective|p1a: Volcanion
|-damage|p1a: Volcanion|0 fnt
|-damage|p2a: Excadrill|212\/362|[from] item: Life Orb
|faint|p1a: Volcanion
|
|upkeep
|choice|*switch 6|*
|choice|switch 6|
|
|switch|p1a: Gliscor|Gliscor, F|300\/300
|turn|4
|choice|*move 2|*
|choice|*|*switch 3
|choice|move earthquake|switch 3
|
|switch|p2a: Skarmory|Skarmory, F|334\/334
|move|p1a: Gliscor|Earthquake|p2a: Skarmory
|-immune|p2a: Skarmory|[msg]
|
|-status|p1a: Gliscor|tox|[from] item: Toxic Orb
|upkeep
|turn|5
|choice|*move 1|*
|choice|*|*move 3
|choice|move knockoff|move stealthrock
|
|move|p1a: Gliscor|Knock Off|p2a: Skarmory
|-damage|p2a: Skarmory|295\/334
|-damage|p1a: Gliscor|250\/300 tox|[from] item: Rocky Helmet|[of] p2a: Skarmory
|-enditem|p2a: Skarmory|Rocky Helmet|[from] move: Knock Off|[of] p1a: Gliscor
|move|p2a: Skarmory|Stealth Rock|p1a: Gliscor
|-sidestart|p1: Karno kkk|move: Stealth Rock
|
|-heal|p1a: Gliscor|287\/300 tox|[from] ability: Poison Heal
|-fieldend|move: Electric Terrain
|upkeep
|turn|6
|choice|*|*move 2
|choice|*switch 4|*
|choice|*|*move 2
|choice|switch 4|move roar
|
|switch|p1a: Tapu Koko|Tapu Koko, shiny|282\/282
|-damage|p1a: Tapu Koko|247\/282|[from] Stealth Rock
|-fieldstart|move: Electric Terrain|[from] ability: Electric Surge|[of] p1a: Tapu Koko
|move|p2a: Skarmory|Roar|p1a: Tapu Koko
|drag|p1a: Medicham|Medicham, M|261\/261
|-damage|p1a: Medicham|245\/261|[from] Stealth Rock
|
|upkeep
|turn|7
|choice|*move 1 mega|*
|choice|*|*move 1
|choice|move fakeout mega|move roost
|
|-mega|p1a: Medicham|Medicham|Medichamite
|detailschange|p1a: Medicham|Medicham-Mega, M
|move|p1a: Medicham|Fake Out|p2a: Skarmory
|-resisted|p2a: Skarmory
|-damage|p2a: Skarmory|273\/334
|cant|p2a: Skarmory|flinch
|
|upkeep
|turn|8
|choice|*|*move 1
|choice|*switch 5|*
|choice|switch 5|move roost
|
|switch|p1a: Uxie|Uxie|300\/300
|-damage|p1a: Uxie|263\/300|[from] Stealth Rock
|move|p2a: Skarmory|Roost|p2a: Skarmory
|-heal|p2a: Skarmory|334\/334
|
|-heal|p1a: Uxie|281\/300|[from] item: Leftovers
|upkeep
|turn|9
|choice|*move 2|*
|choice|*|*move 2
|choice|move stealthrock|move roar
|
|move|p1a: Uxie|Stealth Rock|p2a: Skarmory
|-sidestart|p2: Seiko leich|move: Stealth Rock
|move|p2a: Skarmory|Roar|p1a: Uxie
|drag|p1a: Tapu Koko|Tapu Koko, shiny|247\/282
|-damage|p1a: Tapu Koko|212\/282|[from] Stealth Rock
|
|upkeep
|turn|10
|choice|*|*switch 4
|choice|*move 4|*
|choice|move hiddenpower|switch 4
|
|switch|p2a: Tyranitar|Tyranitar, M|341\/341
|-damage|p2a: Tyranitar|299\/341|[from] Stealth Rock
|-weather|Sandstorm|[from] ability: Sand Stream|[of] p2a: Tyranitar
|move|p1a: Tapu Koko|Hidden Power|p2a: Tyranitar
|-damage|p2a: Tyranitar|272\/341
|
|-weather|Sandstorm|[upkeep]
|-damage|p1a: Tapu Koko|195\/282|[from] sandstorm
|-heal|p2a: Tyranitar|293\/341|[from] item: Leftovers
|-fieldend|move: Electric Terrain
|upkeep
|turn|11
|choice|*move 3|*
|choice|*|*move 1
|choice|move dazzlinggleam|move icebeam
|
|move|p1a: Tapu Koko|Dazzling Gleam|p2a: Tyranitar
|-supereffective|p2a: Tyranitar
|-damage|p2a: Tyranitar|179\/341
|move|p2a: Tyranitar|Ice Beam|p1a: Tapu Koko
|-damage|p1a: Tapu Koko|84\/282
|
|-weather|Sandstorm|[upkeep]
|-damage|p1a: Tapu Koko|67\/282|[from] sandstorm
|-heal|p2a: Tyranitar|200\/341|[from] item: Leftovers
|upkeep
|turn|12
|choice|*move 2|*
|choice|*|*move 1
|choice|move thunderbolt|move icebeam
|
|move|p1a: Tapu Koko|Thunderbolt|p2a: Tyranitar
|-damage|p2a: Tyranitar|136\/341
|move|p2a: Tyranitar|Ice Beam|p1a: Tapu Koko
|-damage|p1a: Tapu Koko|0 fnt
|faint|p1a: Tapu Koko
|
|-weather|Sandstorm|[upkeep]
|-heal|p2a: Tyranitar|157\/341|[from] item: Leftovers
|upkeep
|choice|*switch 3|*
|choice|switch 3|
|
|switch|p1a: Uxie|Uxie|281\/300
|-damage|p1a: Uxie|244\/300|[from] Stealth Rock
|turn|13
|choice|*move 1|*
|choice|*|*move 3
|choice|move toxic|move darkpulse
|
|move|p1a: Uxie|Toxic|p2a: Tyranitar
|-status|p2a: Tyranitar|tox
|move|p2a: Tyranitar|Dark Pulse|p1a: Uxie
|-supereffective|p1a: Uxie
|-damage|p1a: Uxie|98\/300
|
|-weather|Sandstorm|[upkeep]
|-damage|p1a: Uxie|80\/300|[from] sandstorm
|-heal|p1a: Uxie|98\/300|[from] item: Leftovers
|-heal|p2a: Tyranitar|178\/341 tox|[from] item: Leftovers
|-damage|p2a: Tyranitar|157\/341 tox|[from] psn
|upkeep
|turn|14
|choice|*|*move 3
|choice|*switch 4|*
|choice|switch 4|move darkpulse
|
|switch|p1a: Gliscor|Gliscor, F|287\/300 tox
|-damage|p1a: Gliscor|250\/300 tox|[from] Stealth Rock
|move|p2a: Tyranitar|Dark Pulse|p1a: Gliscor
|-damage|p1a: Gliscor|130\/300 tox
|
|-weather|none
|-heal|p2a: Tyranitar|178\/341 tox|[from] item: Leftovers
|-heal|p1a: Gliscor|167\/300 tox|[from] ability: Poison Heal
|-damage|p2a: Tyranitar|136\/341 tox|[from] psn
|upkeep
|turn|15
|choice|*move 4|*
|choice|*|*move 1
|choice|move protect|move icebeam
|
|move|p1a: Gliscor|Protect|p1a: Gliscor
|-singleturn|p1a: Gliscor|Protect
|move|p2a: Tyranitar|Ice Beam|p1a: Gliscor
|-activate|p1a: Gliscor|move: Protect
|
|-heal|p2a: Tyranitar|157\/341 tox|[from] item: Leftovers
|-heal|p1a: Gliscor|204\/300 tox|[from] ability: Poison Heal
|-damage|p2a: Tyranitar|94\/341 tox|[from] psn
|upkeep
|turn|16
|choice|*switch 4|*
|choice|*|*move 1
|choice|switch 4|move icebeam
|
|switch|p1a: Uxie|Uxie|98\/300
|-damage|p1a: Uxie|61\/300|[from] Stealth Rock
|move|p2a: Tyranitar|Ice Beam|p1a: Uxie
|-damage|p1a: Uxie|6\/300
|
|-heal|p1a: Uxie|24\/300|[from] item: Leftovers
|-heal|p2a: Tyranitar|115\/341 tox|[from] item: Leftovers
|-damage|p2a: Tyranitar|31\/341 tox|[from] psn
|upkeep
|turn|17
|choice|*|*move 1
|choice|*move 3|*
|choice|move thunderwave|move icebeam
|
|move|p1a: Uxie|Thunder Wave|p2a: Tyranitar
|-fail|p2a: Tyranitar
|move|p2a: Tyranitar|Ice Beam|p1a: Uxie
|-damage|p1a: Uxie|0 fnt
|faint|p1a: Uxie
|
|-heal|p2a: Tyranitar|52\/341 tox|[from] item: Leftovers
|-damage|p2a: Tyranitar|0 fnt|[from] psn
|upkeep
|faint|p2a: Tyranitar
|choice|*switch 5|*
|choice|*|*switch 4
|choice|switch 5|switch 4
|
|switch|p1a: Medicham|Medicham-Mega, M|245\/261
|switch|p2a: Skarmory|Skarmory, F|334\/334
|-damage|p1a: Medicham|229\/261|[from] Stealth Rock
|-damage|p2a: Skarmory|293\/334|[from] Stealth Rock
|turn|18
|choice|*move 1|*
|choice|*|*move 1
|choice|move fakeout|move roost
|
|move|p1a: Medicham|Fake Out|p2a: Skarmory
|-resisted|p2a: Skarmory
|-damage|p2a: Skarmory|271\/334
|cant|p2a: Skarmory|flinch
|
|upkeep
|turn|19
|choice|*|*move 1
|choice|*move 3|*
|choice|move highjumpkick|move roost
|
|move|p1a: Medicham|High Jump Kick|p2a: Skarmory
|-damage|p2a: Skarmory|66\/334
|move|p2a: Skarmory|Roost|p2a: Skarmory
|-heal|p2a: Skarmory|233\/334
|
|upkeep
|turn|20
|choice|*move 3|*
|choice|*|*move 4
|choice|move highjumpkick|move toxic
|
|move|p1a: Medicham|High Jump Kick|p2a: Skarmory
|-damage|p2a: Skarmory|0 fnt
|faint|p2a: Skarmory
|
|upkeep
|choice|*|*switch 2
|choice||switch 2
|
|switch|p2a: Greninja|Greninja, M|285\/285
|-damage|p2a: Greninja|250\/285|[from] Stealth Rock
|turn|21
|choice|*move 3|*
|choice|*|*move 1
|choice|move highjumpkick|move scald
|
|move|p2a: Greninja|Scald|p1a: Medicham
|-damage|p1a: Medicham|3\/261
|move|p1a: Medicham|High Jump Kick|p2a: Greninja
|-supereffective|p2a: Greninja
|-damage|p2a: Greninja|0 fnt
|faint|p2a: Greninja
|
|upkeep
|choice|*|*switch 6
|choice||switch 6
|
|switch|p2a: Sceptile|Sceptile, M|281\/281
|-damage|p2a: Sceptile|246\/281|[from] Stealth Rock
|turn|22
|choice|*move 4|*
|choice|*|*move 1 mega
|choice|move bulletpunch|move energyball mega
|
|-mega|p2a: Sceptile|Sceptile|Sceptilite
|detailschange|p2a: Sceptile|Sceptile-Mega, M
|move|p1a: Medicham|Bullet Punch|p2a: Sceptile
|-damage|p2a: Sceptile|144\/281
|move|p2a: Sceptile|Energy Ball|p1a: Medicham
|-damage|p1a: Medicham|0 fnt
|faint|p1a: Medicham
|
|upkeep
|choice|*switch 4|*
|choice|switch 4|
|
|switch|p1a: Gliscor|Gliscor, F|204\/300 tox
|-damage|p1a: Gliscor|167\/300 tox|[from] Stealth Rock
|turn|23
|choice|*move 4|*
|choice|*|*move 1
|choice|move protect|move energyball
|
|move|p1a: Gliscor|Protect|p1a: Gliscor
|-singleturn|p1a: Gliscor|Protect
|move|p2a: Sceptile|Energy Ball|p1a: Gliscor
|-activate|p1a: Gliscor|move: Protect
|
|-heal|p1a: Gliscor|204\/300 tox|[from] ability: Poison Heal
|upkeep
|turn|24
|choice|*|*move 1
|choice|*move 2|*
|choice|move earthquake|move energyball
|
|move|p2a: Sceptile|Energy Ball|p1a: Gliscor
|-damage|p1a: Gliscor|47\/300 tox
|move|p1a: Gliscor|Earthquake|p2a: Sceptile
|-resisted|p2a: Sceptile
|-damage|p2a: Sceptile|70\/281
|
|-heal|p1a: Gliscor|84\/300 tox|[from] ability: Poison Heal
|upkeep
|turn|25
|choice|*move 4|*
|choice|*|*move 1
|choice|move protect|move energyball
|
|move|p1a: Gliscor|Protect|p1a: Gliscor
|-singleturn|p1a: Gliscor|Protect
|move|p2a: Sceptile|Energy Ball|p1a: Gliscor
|-activate|p1a: Gliscor|move: Protect
|
|-heal|p1a: Gliscor|121\/300 tox|[from] ability: Poison Heal
|upkeep
|turn|26
|choice|*move 2|*
|choice|*|*move 1
|choice|move earthquake|move energyball
|
|move|p2a: Sceptile|Energy Ball|p1a: Gliscor
|-damage|p1a: Gliscor|0 fnt
|faint|p1a: Gliscor
|
|upkeep
|choice|*switch 2|*
|choice|switch 2|
|
|switch|p1a: Excadrill|Excadrill, M|362\/362
|-damage|p1a: Excadrill|351\/362|[from] Stealth Rock
|-ability|p1a: Excadrill|Mold Breaker
|turn|27
|choice|*move 1|*
|choice|*|*move 3
|choice|move earthquake|move hiddenpower
|
|move|p1a: Excadrill|Earthquake|p2a: Sceptile
|-resisted|p2a: Sceptile
|-damage|p2a: Sceptile|0 fnt
|faint|p2a: Sceptile
|
|upkeep
|choice|*|*switch 3
|choice||switch 3
|
|switch|p2a: Excadrill|Excadrill, M|212\/362
|-damage|p2a: Excadrill|201\/362|[from] Stealth Rock
|turn|28
|choice|*move 1|*
|choice|*|*move 1
|choice|move earthquake|move earthquake
|
|move|p1a: Excadrill|Earthquake|p2a: Excadrill
|-supereffective|p2a: Excadrill
|-damage|p2a: Excadrill|0 fnt
|faint|p2a: Excadrill
|
|upkeep
|choice|*|*switch 5
|choice||switch 5
|
|switch|p2a: Infernape|Infernape, M|294\/294
|-damage|p2a: Infernape|258\/294|[from] Stealth Rock
|turn|29
|choice|*move 1|*
|choice|*|*move 3
|choice|move earthquake|move closecombat
|
|move|p2a: Infernape|Close Combat|p1a: Excadrill
|-supereffective|p1a: Excadrill
|-damage|p1a: Excadrill|0 fnt
|-unboost|p2a: Infernape|def|1
|-unboost|p2a: Infernape|spd|1
|faint|p1a: Excadrill
|
|win|Seiko leich
Seiko leich ha ganado 8 PokeDolares.
|raw|Puntaje de Karno kkk: 1146 &rarr; <strong>1134<\/strong><br \/>(-12 por perder)
|raw|Puntaje de Seiko leich: 1283 &rarr; <strong>1298<\/strong><br \/>(+15 por ganar)
</script>
</div>
<div class="battle-log battle-log-inline"><div class="inner"><div class="battle-options"></div><div class="inner"><div class=""><small>Format:</small> <br><strong>OU</strong></div><div class="rated"><strong>Rated battle</strong></div><div class=""><small><em>Cláusula-Mod de Dormir:</em> solo puedes dormir a uno de tus oponentes a la vez.</small></div><div class=""><small><em>Cláusula de Especie:</em> Hasta un Pokémon de cada especie</small></div><div class=""><small><em>Cláusula de Golpe Fulminante:</em> los movimientos fulminantes (OHKO) estan prohibidos</small></div><div class=""><small><em>Cláusula de Veleta:</em> la habilidad Veleta está prohibida</small></div><div class=""><small><em>Cláusula de Movimientos Evasivos:</em> los movimientos de Evasión están prohibidos.</small></div><div class=""><small><em>Cláusula de Batallas Eternas:</em> forzar batallas eternas está prohibido</small></div><div class="chat battle-history"><strong>Karno kkk's team:</strong> <em style="color:#445566;display:block;">Medicham / Excadrill / Tapu Koko / Volcanion / Uxie / Gliscor</em></div><div class="chat battle-history"><strong>Seiko leich's team:</strong> <em style="color:#445566;display:block;">Tyranitar / Excadrill / Skarmory / Greninja / Infernape / Sceptile</em></div><div class="spacer battle-history"><br></div><div class="battle-history">Battle started between Karno kkk and Seiko leich!<br></div><div class="spacer battle-history"><br></div><div class="battle-history">Go! <strong>Tapu Koko</strong>!<br></div><div class="spacer battle-history"><br></div><div class="battle-history">Seiko leich sent out <strong>Greninja</strong>!<br></div><div class="battle-history"><small>[Tapu Koko's Electric Surge]</small><br><small>An electric current runs across the battlefield!</small><br></div><div class="spacer battle-history"><br></div><h2 class="battle-history">Turn 1</h2><div class="spacer battle-history"><br></div><div class="battle-history">Seiko leich withdrew Greninja!<br></div><div class="battle-history">Seiko leich sent out <strong>Excadrill</strong>!<br></div><div class="spacer battle-history"><br></div><div class="battle-history">Tapu Koko used <strong>Dazzling Gleam</strong>!<br></div><div class="battle-history"><small>It's not very effective...</small><br></div><div class="battle-history"><small>(The opposing Excadrill lost <abbr title="−78/362">21.5%</abbr> of its health!)</small><br></div><div class="spacer battle-history"><br></div><h2 class="battle-history">Turn 2</h2><div class="spacer battle-history"><br></div><div class="battle-history">Tapu Koko, come back!<br></div><div class="battle-history">Go! <strong>Volcanion</strong>!<br></div><div class="spacer battle-history"><br></div><div class="battle-history">The opposing Excadrill used <strong>Iron Head</strong>!<br></div><div class="battle-history"><small>It's not very effective...</small><br></div><div class="battle-history"><small>(Volcanion lost <abbr title="−39/350">11.1%</abbr> of its health!)</small><br></div><div class="battle-history"><small>The opposing Excadrill lost some of its HP!</small><br></div><div class="spacer battle-history"><br></div><h2 class="battle-history">Turn 3</h2><div class="spacer battle-history"><br></div><div class="battle-history">The opposing Excadrill used <strong>Earthquake</strong>!<br></div><div class="battle-history"><small>It's super effective!</small><br></div><div class="battle-history"><small>(Volcanion lost <abbr title="−311/350">88.9%</abbr> of its health!)</small><br></div><div class="battle-history"><small>The opposing Excadrill lost some of its HP!</small><br></div><div class="spacer battle-history"><br></div><div class="battle-history">Volcanion fainted!<br></div><div class="spacer battle-history"><br></div><div class="battle-history">Go! <strong>Gliscor</strong>!<br></div><div class="spacer battle-history"><br></div><h2 class="battle-history">Turn 4</h2><div class="spacer battle-history"><br></div><div class="battle-history">Seiko leich withdrew Excadrill!<br></div><div class="battle-history">Seiko leich sent out <strong>Skarmory</strong>!<br></div><div class="spacer battle-history"><br></div><div class="battle-history">Gliscor used <strong>Earthquake</strong>!<br></div><div class="battle-history"><small>It doesn't affect the opposing Skarmory...</small><br></div><div class="spacer battle-history"><br></div><div class="battle-history"><small>Gliscor was badly poisoned!</small><br></div><div class="spacer battle-history"><br></div><h2 class="battle-history">Turn 5</h2><div class="spacer battle-history"><br></div><div class="battle-history">Gliscor used <strong>Knock Off</strong>!<br></div><div class="battle-history"><small>(The opposing Skarmory lost <abbr title="−39/334">11.7%</abbr> of its health!)</small><br></div><div class="battle-history"><small>Gliscor was hurt by the Rocky Helmet!</small><br></div><div class="battle-history"><small>Gliscor knocked off the opposing Skarmory's Rocky Helmet!</small><br></div><div class="spacer battle-history"><br></div><div class="battle-history">The opposing Skarmory used <strong>Stealth Rock</strong>!<br></div><div class="battle-history"><small>Pointed stones float in the air around your team!</small><br></div><div class="spacer battle-history"><br></div><div class="battle-history"><small>[Gliscor's Poison Heal]</small><br><small>Gliscor restored its HP.</small><br></div><div class="battle-history"><small>The electricity disappeared from the battlefield.</small><br></div><div class="spacer battle-history"><br></div><h2 class="battle-history">Turn 6</h2><div class="spacer battle-history"><br></div><div class="battle-history">Gliscor, come back!<br></div><div class="battle-history">Go! <strong>Tapu Koko</strong>!<br></div><div class="battle-history"><small>Pointed stones dug into Tapu Koko!</small><br></div><div class="battle-history"><small>[Tapu Koko's Electric Surge]</small><br><small>An electric current runs across the battlefield!</small><br></div><div class="spacer battle-history"><br></div><div class="battle-history">The opposing Skarmory used <strong>Roar</strong>!<br></div><div class="spacer battle-history"><br></div><div class="battle-history"><strong>Medicham</strong> was dragged out!<br></div><div class="battle-history"><small>Pointed stones dug into Medicham!</small><br></div><div class="spacer battle-history"><br></div><h2 class="battle-history">Turn 7</h2><div class="spacer battle-history"><br></div><div class="battle-history"><small>Medicham's Medichamite is reacting to the Key Stone!</small><br>Medicham has Mega Evolved into Mega Medicham!<br></div><div class="spacer battle-history"><br></div><div class="battle-history">Medicham used <strong>Fake Out</strong>!<br></div><div class="battle-history"><small>It's not very effective...</small><br></div><div class="battle-history"><small>(The opposing Skarmory lost <abbr title="−22/334">6.6%</abbr> of its health!)</small><br></div><div class="spacer battle-history"><br></div><div class="battle-history">The opposing Skarmory flinched and couldn't move!<br></div><div class="spacer battle-history"><br></div><h2 class="battle-history">Turn 8</h2><div class="spacer battle-history"><br></div><div class="battle-history">Medicham, come back!<br></div><div class="battle-history">Go! <strong>Uxie</strong>!<br></div><div class="battle-history"><small>Pointed stones dug into Uxie!</small><br></div><div class="spacer battle-history"><br></div><div class="battle-history">The opposing Skarmory used <strong>Roost</strong>!<br></div><div class="battle-history"><small>The opposing Skarmory restored its HP.</small><br></div><div class="spacer battle-history"><br></div><div class="battle-history"><small>Uxie restored a little HP using its Leftovers!</small><br></div><div class="spacer battle-history"><br></div><h2 class="battle-history">Turn 9</h2><div class="spacer battle-history"><br></div><div class="battle-history">Uxie used <strong>Stealth Rock</strong>!<br></div><div class="battle-history"><small>Pointed stones float in the air around the opposing team!</small><br></div><div class="spacer battle-history"><br></div><div class="battle-history">The opposing Skarmory used <strong>Roar</strong>!<br></div><div class="spacer battle-history"><br></div><div class="battle-history"><strong>Tapu Koko</strong> was dragged out!<br></div><div class="battle-history"><small>Pointed stones dug into Tapu Koko!</small><br></div><div class="spacer battle-history"><br></div><h2 class="battle-history">Turn 10</h2><div class="spacer battle-history"><br></div><div class="battle-history">Seiko leich withdrew Skarmory!<br></div><div class="battle-history">Seiko leich sent out <strong>Tyranitar</strong>!<br></div><div class="battle-history"><small>Pointed stones dug into the opposing Tyranitar!</small><br></div><div class="battle-history"><small>[The opposing Tyranitar's Sand Stream]</small><br><small>A sandstorm kicked up!</small><br></div><div class="spacer battle-history"><br></div><div class="battle-history">Tapu Koko used <strong>Hidden Power</strong>!<br></div><div class="battle-history"><small>(The opposing Tyranitar lost <abbr title="−27/341">7.9%</abbr> of its health!)</small><br></div><div class="spacer battle-history"><br></div><div class="battle-history"><small>The sandstorm is raging.</small><br></div><div class="battle-history"><small>Tapu Koko is buffeted by the sandstorm!</small><br></div><div class="battle-history"><small>The opposing Tyranitar restored a little HP using its Leftovers!</small><br></div><div class="battle-history"><small>The electricity disappeared from the battlefield.</small><br></div><div class="spacer battle-history"><br></div><h2 class="battle-history">Turn 11</h2><div class="spacer battle-history"><br></div><div class="battle-history">Tapu Koko used <strong>Dazzling Gleam</strong>!<br></div><div class="battle-history"><small>It's super effective!</small><br></div><div class="battle-history"><small>(The opposing Tyranitar lost <abbr title="−114/341">33.4%</abbr> of its health!)</small><br></div><div class="spacer battle-history"><br></div><div class="battle-history">The opposing Tyranitar used <strong>Ice Beam</strong>!<br></div><div class="battle-history"><small>(Tapu Koko lost <abbr title="−111/282">39.4%</abbr> of its health!)</small><br></div><div class="spacer battle-history"><br></div><div class="battle-history"><small>The sandstorm is raging.</small><br></div><div class="battle-history"><small>Tapu Koko is buffeted by the sandstorm!</small><br></div><div class="battle-history"><small>The opposing Tyranitar restored a little HP using its Leftovers!</small><br></div><div class="spacer battle-history"><br></div><h2 class="battle-history">Turn 12</h2><div class="spacer battle-history"><br></div><div class="battle-history">Tapu Koko used <strong>Thunderbolt</strong>!<br></div><div class="battle-history"><small>(The opposing Tyranitar lost <abbr title="−64/341">18.8%</abbr> of its health!)</small><br></div><div class="spacer battle-history"><br></div><div class="battle-history">The opposing Tyranitar used <strong>Ice Beam</strong>!<br></div><div class="battle-history"><small>(Tapu Koko lost <abbr title="−67/282">23.8%</abbr> of its health!)</small><br></div><div class="spacer battle-history"><br></div><div class="battle-history">Tapu Koko fainted!<br></div><div class="spacer battle-history"><br></div><div class="battle-history"><small>The sandstorm is raging.</small><br></div><div class="battle-history"><small>The opposing Tyranitar restored a little HP using its Leftovers!</small><br></div><div class="spacer battle-history"><br></div><div class="battle-history">Go! <strong>Uxie</strong>!<br></div><div class="battle-history"><small>Pointed stones dug into Uxie!</small><br></div><div class="spacer battle-history"><br></div><h2 class="battle-history">Turn 13</h2><div class="spacer battle-history"><br></div><div class="battle-history">Uxie used <strong>Toxic</strong>!<br></div><div class="battle-history"><small>The opposing Tyranitar was badly poisoned!</small><br></div><div class="spacer battle-history"><br></div><div class="battle-history">The opposing Tyranitar used <strong>Dark Pulse</strong>!<br></div><div class="battle-history"><small>It's super effective!</small><br></div><div class="battle-history"><small>(Uxie lost <abbr title="−146/300">48.7%</abbr> of its health!)</small><br></div><div class="spacer battle-history"><br></div><div class="battle-history"><small>The sandstorm is raging.</small><br></div><div class="battle-history"><small>Uxie is buffeted by the sandstorm!</small><br></div><div class="battle-history"><small>Uxie restored a little HP using its Leftovers!</small><br></div><div class="battle-history"><small>The opposing Tyranitar restored a little HP using its Leftovers!</small><br></div><div class="battle-history"><small>The opposing Tyranitar was hurt by poison!</small><br></div><div class="spacer battle-history"><br></div><h2 class="battle-history">Turn 14</h2><div class="spacer battle-history"><br></div><div class="battle-history">Uxie, come back!<br></div><div class="battle-history">Go! <strong>Gliscor</strong>!<br></div><div class="battle-history"><small>Pointed stones dug into Gliscor!</small><br></div><div class="spacer battle-history"><br></div><div class="battle-history">The opposing Tyranitar used <strong>Dark Pulse</strong>!<br></div><div class="battle-history"><small>(Gliscor lost <abbr title="−120/300">40%</abbr> of its health!)</small><br></div><div class="spacer battle-history"><br></div><div class="battle-history"><small>The sandstorm subsided.</small><br></div><div class="battle-history"><small>The opposing Tyranitar restored a little HP using its Leftovers!</small><br></div><div class="battle-history"><small>[Gliscor's Poison Heal]</small><br><small>Gliscor restored its HP.</small><br></div><div class="battle-history"><small>The opposing Tyranitar was hurt by poison!</small><br></div><div class="spacer battle-history"><br></div><h2 class="battle-history">Turn 15</h2><div class="spacer battle-history"><br></div><div class="battle-history">Gliscor used <strong>Protect</strong>!<br></div><div class="battle-history"><small>Gliscor protected itself!</small><br></div><div class="spacer battle-history"><br></div><div class="battle-history">The opposing Tyranitar used <strong>Ice Beam</strong>!<br></div><div class="battle-history"><small>Gliscor protected itself!</small><br></div><div class="spacer battle-history"><br></div><div class="battle-history"><small>The opposing Tyranitar restored a little HP using its Leftovers!</small><br></div><div class="battle-history"><small>[Gliscor's Poison Heal]</small><br><small>Gliscor restored its HP.</small><br></div><div class="battle-history"><small>The opposing Tyranitar was hurt by poison!</small><br></div><div class="spacer battle-history"><br></div><h2 class="battle-history">Turn 16</h2><div class="spacer battle-history"><br></div><div class="battle-history">Gliscor, come back!<br></div><div class="battle-history">Go! <strong>Uxie</strong>!<br></div><div class="battle-history"><small>Pointed stones dug into Uxie!</small><br></div><div class="spacer battle-history"><br></div><div class="battle-history">The opposing Tyranitar used <strong>Ice Beam</strong>!<br></div><div class="battle-history"><small>(Uxie lost <abbr title="−55/300">18.3%</abbr> of its health!)</small><br></div><div class="spacer battle-history"><br></div><div class="battle-history"><small>Uxie restored a little HP using its Leftovers!</small><br></div><div class="battle-history"><small>The opposing Tyranitar restored a little HP using its Leftovers!</small><br></div><div class="battle-history"><small>The opposing Tyranitar was hurt by poison!</small><br></div><div class="spacer battle-history"><br></div><h2 class="battle-history">Turn 17</h2><div class="spacer battle-history"><br></div><div class="battle-history">Uxie used <strong>Thunder Wave</strong>!<br></div><div class="battle-history"><small>But it failed!</small><br></div><div class="spacer battle-history"><br></div><div class="battle-history">The opposing Tyranitar used <strong>Ice Beam</strong>!<br></div><div class="battle-history"><small>(Uxie lost <abbr title="−24/300">8%</abbr> of its health!)</small><br></div><div class="spacer battle-history"><br></div><div class="battle-history">Uxie fainted!<br></div><div class="spacer battle-history"><br></div><div class="battle-history"><small>The opposing Tyranitar restored a little HP using its Leftovers!</small><br></div><div class="battle-history"><small>The opposing Tyranitar was hurt by poison!</small><br></div><div class="spacer battle-history"><br></div><div class="battle-history">The opposing Tyranitar fainted!<br></div><div class="spacer battle-history"><br></div><div class="battle-history">Go! Medicham (<strong>Medicham-Mega</strong>)!<br></div><div class="spacer battle-history"><br></div><div class="battle-history">Seiko leich sent out <strong>Skarmory</strong>!<br></div><div class="battle-history"><small>Pointed stones dug into Medicham!</small><br></div><div class="battle-history"><small>Pointed stones dug into the opposing Skarmory!</small><br></div><div class="spacer battle-history"><br></div><h2 class="battle-history">Turn 18</h2><div class="spacer battle-history"><br></div><div class="battle-history">Medicham used <strong>Fake Out</strong>!<br></div><div class="battle-history"><small>It's not very effective...</small><br></div><div class="battle-history"><small>(The opposing Skarmory lost <abbr title="−22/334">6.6%</abbr> of its health!)</small><br></div><div class="spacer battle-history"><br></div><div class="battle-history">The opposing Skarmory flinched and couldn't move!<br></div><div class="spacer battle-history"><br></div><h2 class="battle-history">Turn 19</h2><div class="spacer battle-history"><br></div><div class="battle-history">Medicham used <strong>High Jump Kick</strong>!<br></div><div class="battle-history"><small>(The opposing Skarmory lost <abbr title="−205/334">61.4%</abbr> of its health!)</small><br></div><div class="spacer battle-history"><br></div><div class="battle-history">The opposing Skarmory used <strong>Roost</strong>!<br></div><div class="battle-history"><small>The opposing Skarmory restored its HP.</small><br></div><div class="spacer battle-history"><br></div><h2 class="battle-history">Turn 20</h2><div class="spacer battle-history"><br></div><div class="battle-history">Medicham used <strong>High Jump Kick</strong>!<br></div><div class="battle-history"><small>(The opposing Skarmory lost <abbr title="−233/334">69.8%</abbr> of its health!)</small><br></div><div class="spacer battle-history"><br></div><div class="battle-history">The opposing Skarmory fainted!<br></div><div class="spacer battle-history"><br></div><div class="battle-history">Seiko leich sent out <strong>Greninja</strong>!<br></div><div class="battle-history"><small>Pointed stones dug into the opposing Greninja!</small><br></div><div class="spacer battle-history"><br></div><h2 class="battle-history">Turn 21</h2><div class="spacer battle-history"><br></div><div class="battle-history">The opposing Greninja used <strong>Scald</strong>!<br></div><div class="battle-history"><small>(Medicham lost <abbr title="−226/261">86.6%</abbr> of its health!)</small><br></div><div class="spacer battle-history"><br></div><div class="battle-history">Medicham used <strong>High Jump Kick</strong>!<br></div><div class="battle-history"><small>It's super effective!</small><br></div><div class="battle-history"><small>(The opposing Greninja lost <abbr title="−250/285">87.7%</abbr> of its health!)</small><br></div><div class="spacer battle-history"><br></div><div class="battle-history">The opposing Greninja fainted!<br></div><div class="spacer battle-history"><br></div><div class="battle-history">Seiko leich sent out <strong>Sceptile</strong>!<br></div><div class="battle-history"><small>Pointed stones dug into the opposing Sceptile!</small><br></div><div class="spacer battle-history"><br></div><h2 class="battle-history">Turn 22</h2><div class="spacer battle-history"><br></div><div class="battle-history"><small>The opposing Sceptile's Sceptilite is reacting to the Key Stone!</small><br>The opposing Sceptile has Mega Evolved into Mega Sceptile!<br></div><div class="spacer battle-history"><br></div><div class="battle-history">Medicham used <strong>Bullet Punch</strong>!<br></div><div class="battle-history"><small>(The opposing Sceptile lost <abbr title="−102/281">36.3%</abbr> of its health!)</small><br></div><div class="spacer battle-history"><br></div><div class="battle-history">The opposing Sceptile used <strong>Energy Ball</strong>!<br></div><div class="battle-history"><small>(Medicham lost <abbr title="−3/261">1.1%</abbr> of its health!)</small><br></div><div class="spacer battle-history"><br></div><div class="battle-history">Medicham fainted!<br></div><div class="spacer battle-history"><br></div><div class="battle-history">Go! <strong>Gliscor</strong>!<br></div><div class="battle-history"><small>Pointed stones dug into Gliscor!</small><br></div><div class="spacer battle-history"><br></div><h2 class="battle-history">Turn 23</h2><div class="spacer battle-history"><br></div><div class="battle-history">Gliscor used <strong>Protect</strong>!<br></div><div class="battle-history"><small>Gliscor protected itself!</small><br></div><div class="spacer battle-history"><br></div><div class="battle-history">The opposing Sceptile used <strong>Energy Ball</strong>!<br></div><div class="battle-history"><small>Gliscor protected itself!</small><br></div><div class="spacer battle-history"><br></div><div class="battle-history"><small>[Gliscor's Poison Heal]</small><br><small>Gliscor restored its HP.</small><br></div><div class="spacer battle-history"><br></div><h2 class="battle-history">Turn 24</h2><div class="spacer battle-history"><br></div><div class="battle-history">The opposing Sceptile used <strong>Energy Ball</strong>!<br></div><div class="battle-history"><small>(Gliscor lost <abbr title="−157/300">52.3%</abbr> of its health!)</small><br></div><div class="spacer battle-history"><br></div><div class="battle-history">Gliscor used <strong>Earthquake</strong>!<br></div><div class="battle-history"><small>It's not very effective...</small><br></div><div class="battle-history"><small>(The opposing Sceptile lost <abbr title="−74/281">26.3%</abbr> of its health!)</small><br></div><div class="spacer battle-history"><br></div><div class="battle-history"><small>[Gliscor's Poison Heal]</small><br><small>Gliscor restored its HP.</small><br></div><div class="spacer battle-history"><br></div><h2 class="battle-history">Turn 25</h2><div class="spacer battle-history"><br></div><div class="battle-history">Gliscor used <strong>Protect</strong>!<br></div><div class="battle-history"><small>Gliscor protected itself!</small><br></div><div class="spacer battle-history"><br></div><div class="battle-history">The opposing Sceptile used <strong>Energy Ball</strong>!<br></div><div class="battle-history"><small>Gliscor protected itself!</small><br></div><div class="spacer battle-history"><br></div><div class="battle-history"><small>[Gliscor's Poison Heal]</small><br><small>Gliscor restored its HP.</small><br></div><div class="spacer battle-history"><br></div><h2 class="battle-history">Turn 26</h2><div class="spacer battle-history"><br></div><div class="battle-history">The opposing Sceptile used <strong>Energy Ball</strong>!<br></div><div class="battle-history"><small>(Gliscor lost <abbr title="−121/300">40.3%</abbr> of its health!)</small><br></div><div class="spacer battle-history"><br></div><div class="battle-history">Gliscor fainted!<br></div><div class="spacer battle-history"><br></div><div class="battle-history">Go! <strong>Excadrill</strong>!<br></div><div class="battle-history"><small>Pointed stones dug into Excadrill!</small><br></div><div class="battle-history"><small>[Excadrill's Mold Breaker]</small><br><small>Excadrill breaks the mold!</small><br></div><div class="spacer battle-history"><br></div><h2 class="battle-history">Turn 27</h2><div class="spacer battle-history"><br></div><div class="battle-history">Excadrill used <strong>Earthquake</strong>!<br></div><div class="battle-history"><small>It's not very effective...</small><br></div><div class="battle-history"><small>(The opposing Sceptile lost <abbr title="−70/281">24.9%</abbr> of its health!)</small><br></div><div class="spacer battle-history"><br></div><div class="battle-history">The opposing Sceptile fainted!<br></div><div class="spacer battle-history"><br></div><div class="battle-history">Seiko leich sent out <strong>Excadrill</strong>!<br></div><div class="battle-history"><small>Pointed stones dug into the opposing Excadrill!</small><br></div><div class="spacer battle-history"><br></div><h2 class="battle-history">Turn 28</h2><div class="spacer battle-history"><br></div><div class="battle-history">Excadrill used <strong>Earthquake</strong>!<br></div><div class="battle-history"><small>It's super effective!</small><br></div><div class="battle-history"><small>(The opposing Excadrill lost <abbr title="−201/362">55.5%</abbr> of its health!)</small><br></div><div class="spacer battle-history"><br></div><div class="battle-history">The opposing Excadrill fainted!<br></div><div class="spacer battle-history"><br></div><div class="battle-history">Seiko leich sent out <strong>Infernape</strong>!<br></div><div class="battle-history"><small>Pointed stones dug into the opposing Infernape!</small><br></div><div class="spacer battle-history"><br></div><h2 class="battle-history">Turn 29</h2><div class="spacer battle-history"><br></div><div class="battle-history">The opposing Infernape used <strong>Close Combat</strong>!<br></div><div class="battle-history"><small>It's super effective!</small><br></div><div class="battle-history"><small>(Excadrill lost <abbr title="−351/362">97.0%</abbr> of its health!)</small><br></div><div class="battle-history"><small>The opposing Infernape's Defense fell!</small><br></div><div class="battle-history"><small>The opposing Infernape's Special Defense fell!</small><br></div><div class="spacer battle-history"><br></div><div class="battle-history">Excadrill fainted!<br></div><div class="spacer battle-history"><br></div><div class="battle-history"><strong>Seiko leich</strong> won the battle!<br></div><div class="chat">Seiko leich ha ganado 8 PokeDolares.</div><div class="chat">Puntaje de Karno kkk: 1146 → <strong>1134</strong><br>(-12 por perder)</div><div class="chat">Puntaje de Seiko leich: 1283 → <strong>1298</strong><br>(+15 por ganar)</div></div><div class="inner-preempt"></div></div></div>
</div>
<script>
let daily = Math.floor(Date.now()/1000/60/60/24);document.write('<script src="https://play.pokemonshowdown.com/js/replay-embed.js?version'+daily+'"></'+'script>');
</script>
