<!DOCTYPE html>
<meta charset="utf-8" />
<!-- version 1 -->
<title>OU replay: Jit El Sicario vs. Makesuit</title>
<style>
html,body {font-family:Verdana, sans-serif;font-size:10pt;margin:0;padding:0;}body{padding:12px 0;} .battle-log {font-family:Verdana, sans-serif;font-size:10pt;} .battle-log-inline {border:1px solid #AAAAAA;background:#EEF2F5;color:black;max-width:640px;margin:0 auto 80px;padding-bottom:5px;} .battle-log .inner {padding:4px 8px 0px 8px;} .battle-log .inner-preempt {padding:0 8px 4px 8px;} .battle-log .inner-after {margin-top:0.5em;} .battle-log h2 {margin:0.5em -8px;padding:4px 8px;border:1px solid #AAAAAA;background:#E0E7EA;border-left:0;border-right:0;font-family:Verdana, sans-serif;font-size:13pt;} .battle-log .chat {vertical-align:middle;padding:3px 0 3px 0;font-size:8pt;} .battle-log .chat strong {color:#40576A;} .battle-log .chat em {padding:1px 4px 1px 3px;color:#000000;font-style:normal;} .chat.mine {background:rgba(0,0,0,0.05);margin-left:-8px;margin-right:-8px;padding-left:8px;padding-right:8px;} .spoiler {color:#BBBBBB;background:#BBBBBB;padding:0px 3px;} .spoiler:hover, .spoiler:active, .spoiler-shown {color:#000000;background:#E2E2E2;padding:0px 3px;} .spoiler a {color:#BBBBBB;} .spoiler:hover a, .spoiler:active a, .spoiler-shown a {color:#2288CC;} .chat code, .chat .spoiler:hover code, .chat .spoiler:active code, .chat .spoiler-shown code {border:1px solid #C0C0C0;background:#EEEEEE;color:black;padding:0 2px;} .chat .spoiler code {border:1px solid #CCCCCC;background:#CCCCCC;color:#CCCCCC;} .battle-log .rated {padding:3px 4px;} .battle-log .rated strong {color:white;background:#89A;padding:1px 4px;border-radius:4px;} .spacer {margin-top:0.5em;} .message-announce {background:#6688AA;color:white;padding:1px 4px 2px;} .message-announce a, .broadcast-green a, .broadcast-blue a, .broadcast-red a {color:#DDEEFF;} .broadcast-green {background-color:#559955;color:white;padding:2px 4px;} .broadcast-blue {background-color:#6688AA;color:white;padding:2px 4px;} .infobox {border:1px solid #6688AA;padding:2px 4px;} .infobox-limited {max-height:200px;overflow:auto;overflow-x:hidden;} .broadcast-red {background-color:#AA5544;color:white;padding:2px 4px;} .message-learn-canlearn {font-weight:bold;color:#228822;text-decoration:underline;} .message-learn-cannotlearn {font-weight:bold;color:#CC2222;text-decoration:underline;} .message-effect-weak {font-weight:bold;color:#CC2222;} .message-effect-resist {font-weight:bold;color:#6688AA;} .message-effect-immune {font-weight:bold;color:#666666;} .message-learn-list {margin-top:0;margin-bottom:0;} .message-throttle-notice, .message-error {color:#992222;} .message-overflow, .chat small.message-overflow {font-size:0pt;} .message-overflow::before {font-size:9pt;content:'...';} .subtle {color:#3A4A66;}
</style>
<div class="wrapper replay-wrapper" style="max-width:1180px;margin:0 auto">
<input type="hidden" name="replayid" value="destiny-ou-420639" />
<div class="battle"></div><div class="battle-log"></div><div class="replay-controls"></div><div class="replay-controls-2"></div>
<h1 style="font-weight:normal;text-align:center"><strong>OU</strong><br /><a href="http://pokemonshowdown.com/users/jitelsicario" class="subtle" target="_blank">Jit El Sicario</a> vs. <a href="http://pokemonshowdown.com/users/makesuit" class="subtle" target="_blank">Makesuit</a></h1>
<script type="text/plain" class="battle-log-data">|player|p1|Jit El Sicario|1087
|teamsize|p1|6
|player|p2|Makesuit|3
|teamsize|p2|6
|teamsize|p1|6
|teamsize|p2|6
|gametype|singles
|gen|7
|tier|OU
|seed|3552,11650,40016,10412
|rule|Cláusula-Mod de Dormir: solo puedes dormir a uno de tus oponentes a la vez.
|rule|Cláusula de Especie: Hasta un Pokémon de cada especie
|rule|Cláusula de Golpe Fulminante: los movimientos fulminantes (OHKO) estan prohibidos
|rule|Cláusula de Veleta: la habilidad Veleta está prohibida
|rule|Cláusula de Movimientos Evasivos: los movimientos de Evasión están prohibidos.
|rule|Cláusula de Batallas Eternas: forzar batallas eternas está prohibido
|clearpoke
|poke|p1|Greninja, M|item
|poke|p1|Kartana|item
|poke|p1|Heatran, F|item
|poke|p1|Tapu Fini|item
|poke|p1|Scizor, M|item
|poke|p1|Landorus-Therian, M|item
|poke|p2|Medicham, F|item
|poke|p2|Greninja, M|item
|poke|p2|Kartana|item
|poke|p2|Clefable, F|item
|poke|p2|Magearna|item
|poke|p2|Landorus-Therian, M|item
|teampreview|undefined
|choice|*|*team 423156
|choice|*team 623451|*
|choice|team 6, 2, 3, 4, 5, 1|team 4, 2, 3, 1, 5, 6
|
|start
|switch|p1a: Landorus|Landorus-Therian, M|319\/319
|switch|p2a: Clefable|Clefable, F|394\/394
|-ability|p1a: Landorus|Intimidate|boost
|-unboost|p2a: Clefable|atk|1
|turn|1
|choice|*move 1|*
|choice|*|*move 2
|choice|move uturn|move stealthrock
|
|move|p1a: Landorus|U-turn|p2a: Clefable
|-resisted|p2a: Clefable
|-damage|p2a: Clefable|352\/394
|choice|*switch 3|*
|choice|switch 3|
|
|switch|p1a: Heatran|Heatran, F|385\/385|[from]move: U-turn
|move|p2a: Clefable|Stealth Rock|p1a: Heatran
|-sidestart|p1: Jit El Sicario|move: Stealth Rock
|
|-heal|p2a: Clefable|376\/394|[from] item: Leftovers
|upkeep
|turn|2
|choice|*move 1|*
|choice|*|*switch 6
|choice|move lavaplume|switch 6
|
|switch|p2a: Landorus|Landorus-Therian, M|339\/339
|-ability|p2a: Landorus|Intimidate|boost
|-unboost|p1a: Heatran|atk|1
|move|p1a: Heatran|Lava Plume|p2a: Landorus
|-damage|p2a: Landorus|171\/339
|
|upkeep
|turn|3
|choice|*switch 3|*
|choice|*|*move 2
|choice|switch 3|move uturn
|
|switch|p1a: Landorus|Landorus-Therian, M|319\/319
|-damage|p1a: Landorus|280\/319|[from] Stealth Rock
|-ability|p1a: Landorus|Intimidate|boost
|-unboost|p2a: Landorus|atk|1
|move|p2a: Landorus|U-turn|p1a: Landorus
|-resisted|p1a: Landorus
|-damage|p1a: Landorus|252\/319
|choice|*|*switch 3
|choice||switch 3
|
|switch|p2a: Kartana|Kartana|259\/259|[from]move: U-turn
|
|upkeep
|turn|4
|choice|*|*move 4
|choice|*move 1|*
|choice|move uturn|move swordsdance
|
|move|p1a: Landorus|U-turn|p2a: Kartana
|-damage|p2a: Kartana|192\/259
|choice|*switch 6|*
|choice|switch 6|
|
|switch|p1a: Greninja|Greninja, M|285\/285|[from]move: U-turn
|-damage|p1a: Greninja|250\/285|[from] Stealth Rock
|move|p2a: Kartana|Swords Dance|p2a: Kartana
|-boost|p2a: Kartana|atk|2
|
|upkeep
|turn|5
|choice|*|*switch 5
|choice|*move 4|*
|choice|move icebeam|switch 5
|
|switch|p2a: Magearna|Magearna|363\/363
|move|p1a: Greninja|Ice Beam|p2a: Magearna
|-start|p1a: Greninja|typechange|Ice|[from] Protean
|-resisted|p2a: Magearna
|-damage|p2a: Magearna|333\/363
|
|upkeep
|turn|6
|choice|*|*switch 2
|choice|*move 1|*
|choice|move spikes|switch 2
|
|switch|p2a: Greninja|Greninja, M|286\/286
|move|p1a: Greninja|Spikes|p2a: Greninja
|-start|p1a: Greninja|typechange|Ground|[from] Protean
|-sidestart|p2: Makesuit|Spikes
|
|upkeep
|turn|7
|choice|*move 2|*
|choice|*|*switch 5
|choice|move lowkick|switch 5
|
|switch|p2a: Kartana|Kartana|192\/259
|-damage|p2a: Kartana|160\/259|[from] Spikes
|move|p1a: Greninja|Low Kick|p2a: Kartana
|-start|p1a: Greninja|typechange|Fighting|[from] Protean
|-supereffective|p2a: Kartana
|-crit|p2a: Kartana
|-damage|p2a: Kartana|88\/259
|
|upkeep
|turn|8
|choice|*move 4|*
|choice|*|*switch 2
|choice|move icebeam|switch 2
|
|switch|p2a: Magearna|Magearna|333\/363
|-damage|p2a: Magearna|288\/363|[from] Spikes
|move|p1a: Greninja|Ice Beam|p2a: Magearna
|-start|p1a: Greninja|typechange|Ice|[from] Protean
|-resisted|p2a: Magearna
|-damage|p2a: Magearna|258\/363
|
|upkeep
|turn|9
|choice|*|*move 1
|choice|*switch 3|*
|choice|switch 3|move fleurcannon
|
|switch|p1a: Heatran|Heatran, F|385\/385
|-damage|p1a: Heatran|337\/385|[from] Stealth Rock
|move|p2a: Magearna|Fleur Cannon|p1a: Heatran
|-resisted|p1a: Heatran
|-damage|p1a: Heatran|306\/385
|-unboost|p2a: Magearna|spa|2
|
|-heal|p1a: Heatran|330\/385|[from] item: Leftovers
|upkeep
|turn|10
|choice|*|*switch 5
|choice|*move 4|*
|choice|move stealthrock|switch 5
|
|switch|p2a: Greninja|Greninja, M|286\/286
|-damage|p2a: Greninja|251\/286|[from] Spikes
|move|p1a: Heatran|Stealth Rock|p2a: Greninja
|-sidestart|p2: Makesuit|move: Stealth Rock
|
|-heal|p1a: Heatran|354\/385|[from] item: Leftovers
|upkeep
|turn|11
|choice|*switch 4|*
|choice|*|*move 2
|choice|switch 4|move hydropump
|
|switch|p1a: Tapu Fini|Tapu Fini|335\/335
|-damage|p1a: Tapu Fini|294\/335|[from] Stealth Rock
|-fieldstart|move: Misty Terrain|[from] ability: Misty Surge|[of] p1a: Tapu Fini
|move|p2a: Greninja|Hydro Pump|p1a: Tapu Fini
|-resisted|p1a: Tapu Fini
|-damage|p1a: Tapu Fini|198\/335
|
|-heal|p1a: Tapu Fini|218\/335|[from] item: Leftovers
|upkeep
|turn|12
|choice|*|*switch 6
|choice|*move 4|*
|choice|move defog|switch 6
|
|switch|p2a: Clefable|Clefable, F|376\/394
|move|p1a: Tapu Fini|Defog|p2a: Clefable
|-unboost|p2a: Clefable|evasion|1
|-sideend|p2: Makesuit|Spikes|[from] move: Defog|[of] p2a: Clefable
|-sideend|p2: Makesuit|Stealth Rock|[from] move: Defog|[of] p2a: Clefable
|-sideend|p1: Jit El Sicario|Stealth Rock|[from] move: Defog|[of] p1a: Tapu Fini
|
|-heal|p1a: Tapu Fini|238\/335|[from] item: Leftovers
|-heal|p2a: Clefable|394\/394|[from] item: Leftovers
|upkeep
|turn|13
|choice|*move 3|*
|choice|*|*move 2
|choice|move taunt|move stealthrock
|
|move|p1a: Tapu Fini|Taunt|p2a: Clefable
|-start|p2a: Clefable|move: Taunt
|cant|p2a: Clefable|move: Taunt|Stealth Rock
|
|-heal|p1a: Tapu Fini|258\/335|[from] item: Leftovers
|upkeep
|turn|14
|choice|*|*move 4
|choice|*switch 4|*
|choice|switch 4|move knockoff
|
|switch|p1a: Heatran|Heatran, F|354\/385
|move|p2a: Clefable|Knock Off|p1a: Heatran
|-damage|p1a: Heatran|308\/385
|-enditem|p1a: Heatran|Leftovers|[from] move: Knock Off|[of] p2a: Clefable
|
|upkeep
|turn|15
|choice|*move 4|*
|choice|*|*move 1
|choice|move stealthrock|move moonblast
|
|move|p1a: Heatran|Stealth Rock|p2a: Clefable
|-sidestart|p2: Makesuit|move: Stealth Rock
|move|p2a: Clefable|Moonblast|p1a: Heatran
|-resisted|p1a: Heatran
|-damage|p1a: Heatran|291\/385
|
|-end|p2a: Clefable|move: Taunt
|-fieldend|Misty Terrain
|upkeep
|turn|16
|choice|*move 3|*
|choice|*|*move 2
|choice|move taunt|move stealthrock
|
|move|p1a: Heatran|Taunt|p2a: Clefable
|-start|p2a: Clefable|move: Taunt
|cant|p2a: Clefable|move: Taunt|Stealth Rock
|
|upkeep
|turn|17
|choice|*move 1|*
|choice|*|*move 1
|choice|move lavaplume|move moonblast
|
|move|p1a: Heatran|Lava Plume|p2a: Clefable
|-crit|p2a: Clefable
|-damage|p2a: Clefable|204\/394
|move|p2a: Clefable|Moonblast|p1a: Heatran
|-resisted|p1a: Heatran
|-damage|p1a: Heatran|270\/385
|
|-heal|p2a: Clefable|228\/394|[from] item: Leftovers
|upkeep
|turn|18
|choice|*move 1|*
|choice|*|*move 1
|choice|move lavaplume|move moonblast
|
|move|p1a: Heatran|Lava Plume|p2a: Clefable
|-damage|p2a: Clefable|110\/394
|move|p2a: Clefable|Moonblast|p1a: Heatran
|-resisted|p1a: Heatran
|-damage|p1a: Heatran|249\/385
|-unboost|p1a: Heatran|spa|1
|
|-heal|p2a: Clefable|134\/394|[from] item: Leftovers
|-end|p2a: Clefable|move: Taunt
|upkeep
|turn|19
|choice|*move 3|*
|choice|*|*switch 6
|choice|move taunt|switch 6
|
|switch|p2a: Greninja|Greninja, M|251\/286
|-damage|p2a: Greninja|216\/286|[from] Stealth Rock
|move|p1a: Heatran|Taunt|p2a: Greninja
|-start|p2a: Greninja|move: Taunt
|
|upkeep
|turn|20
|choice|*|*switch 2
|choice|*switch 4|*
|choice|*|*switch 4
|choice|switch 4|switch 4
|
|switch|p2a: Medicham|Medicham, F|262\/262
|-damage|p2a: Medicham|246\/262|[from] Stealth Rock
|switch|p1a: Tapu Fini|Tapu Fini|258\/335
|-fieldstart|move: Misty Terrain|[from] ability: Misty Surge|[of] p1a: Tapu Fini
|
|-heal|p1a: Tapu Fini|278\/335|[from] item: Leftovers
|upkeep
|turn|21
|choice|*|*move 3 mega
|choice|*switch 6|*
|choice|*|*move 3 mega
|choice|switch 6|move zenheadbutt mega
|
|switch|p1a: Landorus|Landorus-Therian, M|252\/319
|-ability|p1a: Landorus|Intimidate|boost
|-unboost|p2a: Medicham|atk|1
|-mega|p2a: Medicham|Medicham|Medichamite
|detailschange|p2a: Medicham|Medicham-Mega, F
|move|p2a: Medicham|Zen Headbutt|p1a: Landorus
|-damage|p1a: Landorus|71\/319
|
|upkeep
|turn|22
|choice|*move 1|*
|choice|*|*move 1
|choice|move uturn|move highjumpkick
|
|move|p1a: Landorus|U-turn|p2a: Medicham
|-damage|p2a: Medicham|139\/262
|choice|*switch 6|*
|choice|switch 6|
|
|switch|p1a: Tapu Fini|Tapu Fini|278\/335|[from]move: U-turn
|move|p2a: Medicham|High Jump Kick|p1a: Tapu Fini|[miss]
|-miss|p2a: Medicham|p1a: Tapu Fini
|-damage|p2a: Medicham|8\/262|[from] highjumpkick
|
|-heal|p1a: Tapu Fini|298\/335|[from] item: Leftovers
|upkeep
|turn|23
|choice|*move 1|*
|choice|*|*switch 5
|choice|move moonblast|switch 5
|
|switch|p2a: Magearna|Magearna|258\/363
|-damage|p2a: Magearna|236\/363|[from] Stealth Rock
|move|p1a: Tapu Fini|Moonblast|p2a: Magearna
|-resisted|p2a: Magearna
|-damage|p2a: Magearna|210\/363
|
|-heal|p1a: Tapu Fini|318\/335|[from] item: Leftovers
|upkeep
|turn|24
|choice|*|*move 3
|choice|*switch 6|*
|choice|switch 6|move hiddenpower
|
|switch|p1a: Landorus|Landorus-Therian, M|71\/319
|-ability|p1a: Landorus|Intimidate|boost
|-unboost|p2a: Magearna|atk|1
|move|p2a: Magearna|Hidden Power|p1a: Landorus
|-damage|p1a: Landorus|0 fnt
|faint|p1a: Landorus
|-ability|p2a: Magearna|Soul-Heart|boost
|-boost|p2a: Magearna|spa|1
|
|-fieldend|Misty Terrain
|upkeep
|choice|*switch 4|*
|choice|switch 4|
|
|switch|p1a: Heatran|Heatran, F|249\/385
|turn|25
|choice|*move 1|*
|choice|*|*move 4
|choice|move lavaplume|move voltswitch
|
|move|p1a: Heatran|Lava Plume|p2a: Magearna
|-supereffective|p2a: Magearna
|-damage|p2a: Magearna|112\/363
|-status|p2a: Magearna|brn
|move|p2a: Magearna|Volt Switch|p1a: Heatran
|-damage|p1a: Heatran|176\/385
|choice|*|*switch 2
|choice||switch 2
|
|switch|p2a: Kartana|Kartana|88\/259|[from]move: Volt Switch
|-damage|p2a: Kartana|72\/259|[from] Stealth Rock
|
|upkeep
|turn|26
|choice|*|*move 3
|choice|*switch 5|*
|choice|switch 5|move sacredsword
|
|switch|p1a: Scizor|Scizor, M|343\/343
|move|p2a: Kartana|Sacred Sword|p1a: Scizor
|-damage|p1a: Scizor|223\/343
|
|upkeep
|turn|27
|choice|*move 1 mega|*
|choice|*|*move 4
|choice|move swordsdance mega|move swordsdance
|
|-mega|p1a: Scizor|Scizor|Scizorite
|detailschange|p1a: Scizor|Scizor-Mega, M
|move|p2a: Kartana|Swords Dance|p2a: Kartana
|-boost|p2a: Kartana|atk|2
|move|p1a: Scizor|Swords Dance|p1a: Scizor
|-boost|p1a: Scizor|atk|2
|
|upkeep
|turn|28
|choice|*move 2|*
|choice|*|*move 3
|choice|move bulletpunch|move sacredsword
|
|move|p1a: Scizor|Bullet Punch|p2a: Kartana
|-resisted|p2a: Kartana
|-damage|p2a: Kartana|0 fnt
|faint|p2a: Kartana
|
|upkeep
|choice|*|*switch 4
|choice||switch 4
|
|switch|p2a: Greninja|Greninja, M|216\/286
|-damage|p2a: Greninja|181\/286|[from] Stealth Rock
|turn|29
|choice|*switch 6|*
|choice|*|*move 2
|choice|switch 6|move hydropump
|
|switch|p1a: Tapu Fini|Tapu Fini|318\/335
|-fieldstart|move: Misty Terrain|[from] ability: Misty Surge|[of] p1a: Tapu Fini
|move|p2a: Greninja|Hydro Pump|p1a: Tapu Fini
|-resisted|p1a: Tapu Fini
|-damage|p1a: Tapu Fini|224\/335
|
|-heal|p1a: Tapu Fini|244\/335|[from] item: Leftovers
|upkeep
|turn|30
|choice|*switch 3|*
|c|☆Makesuit|Sad
|c|☆Makesuit|Hoy tampoco tengo suerte parece
|-message|Makesuit se rindió.
|
|win|Jit El Sicario
</script>
</div>
<div class="battle-log battle-log-inline"><div class="inner"><div class="battle-options"></div><div class="inner"><div class=""><small>Format:</small> <br><strong>OU</strong></div><div class=""><small><em>Cláusula-Mod de Dormir:</em> solo puedes dormir a uno de tus oponentes a la vez.</small></div><div class=""><small><em>Cláusula de Especie:</em> Hasta un Pokémon de cada especie</small></div><div class=""><small><em>Cláusula de Golpe Fulminante:</em> los movimientos fulminantes (OHKO) estan prohibidos</small></div><div class=""><small><em>Cláusula de Veleta:</em> la habilidad Veleta está prohibida</small></div><div class=""><small><em>Cláusula de Movimientos Evasivos:</em> los movimientos de Evasión están prohibidos.</small></div><div class=""><small><em>Cláusula de Batallas Eternas:</em> forzar batallas eternas está prohibido</small></div><div class="chat battle-history"><strong>Jit El Sicario's team:</strong> <em style="color:#445566;display:block;">Greninja / Kartana / Heatran / Tapu Fini / Scizor / Landorus-Therian</em></div><div class="chat battle-history"><strong>Makesuit's team:</strong> <em style="color:#445566;display:block;">Medicham / Greninja / Kartana / Clefable / Magearna / Landorus-Therian</em></div><div class="spacer battle-history"><br></div><div class="battle-history">Battle started between Jit El Sicario and Makesuit!<br></div><div class="spacer battle-history"><br></div><div class="battle-history">Go! Landorus (<strong>Landorus-Therian</strong>)!<br></div><div class="spacer battle-history"><br></div><div class="battle-history">Makesuit sent out <strong>Clefable</strong>!<br></div><div class="battle-history"><small>[Landorus's Intimidate]</small><br></div><div class="battle-history"><small>The opposing Clefable's Attack fell!</small><br></div><div class="spacer battle-history"><br></div><h2 class="battle-history">Turn 1</h2><div class="spacer battle-history"><br></div><div class="battle-history">Landorus used <strong>U-turn</strong>!<br></div><div class="battle-history"><small>It's not very effective...</small><br></div><div class="battle-history"><small>(The opposing Clefable lost <abbr title="−42/394">10.7%</abbr> of its health!)</small><br></div><div class="spacer battle-history"><br></div><div class="battle-history">Landorus went back to Jit El Sicario!<br></div><div class="battle-history">Go! <strong>Heatran</strong>!<br></div><div class="spacer battle-history"><br></div><div class="battle-history">The opposing Clefable used <strong>Stealth Rock</strong>!<br></div><div class="battle-history"><small>Pointed stones float in the air around your team!</small><br></div><div class="spacer battle-history"><br></div><div class="battle-history"><small>The opposing Clefable restored a little HP using its Leftovers!</small><br></div><div class="spacer battle-history"><br></div><h2 class="battle-history">Turn 2</h2><div class="spacer battle-history"><br></div><div class="battle-history">Makesuit withdrew Clefable!<br></div><div class="battle-history">Makesuit sent out Landorus (<strong>Landorus-Therian</strong>)!<br></div><div class="battle-history"><small>[The opposing Landorus's Intimidate]</small><br></div><div class="battle-history"><small>Heatran's Attack fell!</small><br></div><div class="spacer battle-history"><br></div><div class="battle-history">Heatran used <strong>Lava Plume</strong>!<br></div><div class="battle-history"><small>(The opposing Landorus lost <abbr title="−168/339">49.6%</abbr> of its health!)</small><br></div><div class="spacer battle-history"><br></div><h2 class="battle-history">Turn 3</h2><div class="spacer battle-history"><br></div><div class="battle-history">Heatran, come back!<br></div><div class="battle-history">Go! Landorus (<strong>Landorus-Therian</strong>)!<br></div><div class="battle-history"><small>Pointed stones dug into Landorus!</small><br></div><div class="battle-history"><small>[Landorus's Intimidate]</small><br></div><div class="battle-history"><small>The opposing Landorus's Attack fell!</small><br></div><div class="spacer battle-history"><br></div><div class="battle-history">The opposing Landorus used <strong>U-turn</strong>!<br></div><div class="battle-history"><small>It's not very effective...</small><br></div><div class="battle-history"><small>(Landorus lost <abbr title="−28/319">8.8%</abbr> of its health!)</small><br></div><div class="spacer battle-history"><br></div><div class="battle-history">The opposing Landorus went back to Makesuit!<br></div><div class="battle-history">Makesuit sent out <strong>Kartana</strong>!<br></div><div class="spacer battle-history"><br></div><h2 class="battle-history">Turn 4</h2><div class="spacer battle-history"><br></div><div class="battle-history">Landorus used <strong>U-turn</strong>!<br></div><div class="battle-history"><small>(The opposing Kartana lost <abbr title="−67/259">25.9%</abbr> of its health!)</small><br></div><div class="spacer battle-history"><br></div><div class="battle-history">Landorus went back to Jit El Sicario!<br></div><div class="battle-history">Go! <strong>Greninja</strong>!<br></div><div class="battle-history"><small>Pointed stones dug into Greninja!</small><br></div><div class="spacer battle-history"><br></div><div class="battle-history">The opposing Kartana used <strong>Swords Dance</strong>!<br></div><div class="battle-history"><small>The opposing Kartana's Attack rose sharply!</small><br></div><div class="spacer battle-history"><br></div><h2 class="battle-history">Turn 5</h2><div class="spacer battle-history"><br></div><div class="battle-history">Makesuit withdrew Kartana!<br></div><div class="battle-history">Makesuit sent out <strong>Magearna</strong>!<br></div><div class="spacer battle-history"><br></div><div class="battle-history">Greninja used <strong>Ice Beam</strong>!<br></div><div class="spacer battle-history"><br></div><div class="battle-history"><small>[Greninja's Protean]</small><br><small>Greninja transformed into the Ice type!</small><br></div><div class="battle-history"><small>It's not very effective...</small><br></div><div class="battle-history"><small>(The opposing Magearna lost <abbr title="−30/363">8.3%</abbr> of its health!)</small><br></div><div class="spacer battle-history"><br></div><h2 class="battle-history">Turn 6</h2><div class="spacer battle-history"><br></div><div class="battle-history">Makesuit withdrew Magearna!<br></div><div class="battle-history">Makesuit sent out <strong>Greninja</strong>!<br></div><div class="spacer battle-history"><br></div><div class="battle-history">Greninja used <strong>Spikes</strong>!<br></div><div class="spacer battle-history"><br></div><div class="battle-history"><small>[Greninja's Protean]</small><br><small>Greninja transformed into the Ground type!</small><br></div><div class="battle-history"><small>Spikes were scattered on the ground all around the opposing team!</small><br></div><div class="spacer battle-history"><br></div><h2 class="battle-history">Turn 7</h2><div class="spacer battle-history"><br></div><div class="battle-history">Makesuit withdrew Greninja!<br></div><div class="battle-history">Makesuit sent out <strong>Kartana</strong>!<br></div><div class="battle-history"><small>The opposing Kartana is hurt by the spikes!</small><br></div><div class="spacer battle-history"><br></div><div class="battle-history">Greninja used <strong>Low Kick</strong>!<br></div><div class="spacer battle-history"><br></div><div class="battle-history"><small>[Greninja's Protean]</small><br><small>Greninja transformed into the Fighting type!</small><br></div><div class="battle-history"><small>It's super effective!</small><br></div><div class="battle-history"><small>A critical hit!</small><br></div><div class="battle-history"><small>(The opposing Kartana lost <abbr title="−72/259">27.8%</abbr> of its health!)</small><br></div><div class="spacer battle-history"><br></div><h2 class="battle-history">Turn 8</h2><div class="spacer battle-history"><br></div><div class="battle-history">Makesuit withdrew Kartana!<br></div><div class="battle-history">Makesuit sent out <strong>Magearna</strong>!<br></div><div class="battle-history"><small>The opposing Magearna is hurt by the spikes!</small><br></div><div class="spacer battle-history"><br></div><div class="battle-history">Greninja used <strong>Ice Beam</strong>!<br></div><div class="spacer battle-history"><br></div><div class="battle-history"><small>[Greninja's Protean]</small><br><small>Greninja transformed into the Ice type!</small><br></div><div class="battle-history"><small>It's not very effective...</small><br></div><div class="battle-history"><small>(The opposing Magearna lost <abbr title="−30/363">8.3%</abbr> of its health!)</small><br></div><div class="spacer battle-history"><br></div><h2 class="battle-history">Turn 9</h2><div class="spacer battle-history"><br></div><div class="battle-history">Greninja, come back!<br></div><div class="battle-history">Go! <strong>Heatran</strong>!<br></div><div class="battle-history"><small>Pointed stones dug into Heatran!</small><br></div><div class="spacer battle-history"><br></div><div class="battle-history">The opposing Magearna used <strong>Fleur Cannon</strong>!<br></div><div class="battle-history"><small>It's not very effective...</small><br></div><div class="battle-history"><small>(Heatran lost <abbr title="−31/385">8.1%</abbr> of its health!)</small><br></div><div class="battle-history"><small>The opposing Magearna's Special Attack fell harshly!</small><br></div><div class="spacer battle-history"><br></div><div class="battle-history"><small>Heatran restored a little HP using its Leftovers!</small><br></div><div class="spacer battle-history"><br></div><h2 class="battle-history">Turn 10</h2><div class="spacer battle-history"><br></div><div class="battle-history">Makesuit withdrew Magearna!<br></div><div class="battle-history">Makesuit sent out <strong>Greninja</strong>!<br></div><div class="battle-history"><small>The opposing Greninja is hurt by the spikes!</small><br></div><div class="spacer battle-history"><br></div><div class="battle-history">Heatran used <strong>Stealth Rock</strong>!<br></div><div class="battle-history"><small>Pointed stones float in the air around the opposing team!</small><br></div><div class="spacer battle-history"><br></div><div class="battle-history"><small>Heatran restored a little HP using its Leftovers!</small><br></div><div class="spacer battle-history"><br></div><h2 class="battle-history">Turn 11</h2><div class="spacer battle-history"><br></div><div class="battle-history">Heatran, come back!<br></div><div class="battle-history">Go! <strong>Tapu Fini</strong>!<br></div><div class="battle-history"><small>Pointed stones dug into Tapu Fini!</small><br></div><div class="battle-history"><small>[Tapu Fini's Misty Surge]</small><br><small>Mist swirls around the battlefield!</small><br></div><div class="spacer battle-history"><br></div><div class="battle-history">The opposing Greninja used <strong>Hydro Pump</strong>!<br></div><div class="battle-history"><small>It's not very effective...</small><br></div><div class="battle-history"><small>(Tapu Fini lost <abbr title="−96/335">28.7%</abbr> of its health!)</small><br></div><div class="spacer battle-history"><br></div><div class="battle-history"><small>Tapu Fini restored a little HP using its Leftovers!</small><br></div><div class="spacer battle-history"><br></div><h2 class="battle-history">Turn 12</h2><div class="spacer battle-history"><br></div><div class="battle-history">Makesuit withdrew Greninja!<br></div><div class="battle-history">Makesuit sent out <strong>Clefable</strong>!<br></div><div class="spacer battle-history"><br></div><div class="battle-history">Tapu Fini used <strong>Defog</strong>!<br></div><div class="battle-history"><small>The opposing Clefable's evasiveness fell!</small><br></div><div class="battle-history"><small>The spikes disappeared from the ground around the opposing team!</small><br></div><div class="battle-history"><small>The pointed stones disappeared from around the opposing team!</small><br></div><div class="battle-history"><small>The pointed stones disappeared from around your team!</small><br></div><div class="spacer battle-history"><br></div><div class="battle-history"><small>Tapu Fini restored a little HP using its Leftovers!</small><br></div><div class="battle-history"><small>The opposing Clefable restored a little HP using its Leftovers!</small><br></div><div class="spacer battle-history"><br></div><h2 class="battle-history">Turn 13</h2><div class="spacer battle-history"><br></div><div class="battle-history">Tapu Fini used <strong>Taunt</strong>!<br></div><div class="battle-history"><small>The opposing Clefable fell for the taunt!</small><br></div><div class="spacer battle-history"><br></div><div class="battle-history">The opposing Clefable can't use Stealth Rock after the taunt!<br></div><div class="spacer battle-history"><br></div><div class="battle-history"><small>Tapu Fini restored a little HP using its Leftovers!</small><br></div><div class="spacer battle-history"><br></div><h2 class="battle-history">Turn 14</h2><div class="spacer battle-history"><br></div><div class="battle-history">Tapu Fini, come back!<br></div><div class="battle-history">Go! <strong>Heatran</strong>!<br></div><div class="spacer battle-history"><br></div><div class="battle-history">The opposing Clefable used <strong>Knock Off</strong>!<br></div><div class="battle-history"><small>(Heatran lost <abbr title="−46/385">11.9%</abbr> of its health!)</small><br></div><div class="battle-history"><small>The opposing Clefable knocked off Heatran's Leftovers!</small><br></div><div class="spacer battle-history"><br></div><h2 class="battle-history">Turn 15</h2><div class="spacer battle-history"><br></div><div class="battle-history">Heatran used <strong>Stealth Rock</strong>!<br></div><div class="battle-history"><small>Pointed stones float in the air around the opposing team!</small><br></div><div class="spacer battle-history"><br></div><div class="battle-history">The opposing Clefable used <strong>Moonblast</strong>!<br></div><div class="battle-history"><small>It's not very effective...</small><br></div><div class="battle-history"><small>(Heatran lost <abbr title="−17/385">4.4%</abbr> of its health!)</small><br></div><div class="spacer battle-history"><br></div><div class="battle-history"><small>The opposing Clefable's taunt wore off!</small><br></div><div class="battle-history"><small>The mist disappeared from the battlefield.</small><br></div><div class="spacer battle-history"><br></div><h2 class="battle-history">Turn 16</h2><div class="spacer battle-history"><br></div><div class="battle-history">Heatran used <strong>Taunt</strong>!<br></div><div class="battle-history"><small>The opposing Clefable fell for the taunt!</small><br></div><div class="spacer battle-history"><br></div><div class="battle-history">The opposing Clefable can't use Stealth Rock after the taunt!<br></div><div class="spacer battle-history"><br></div><h2 class="battle-history">Turn 17</h2><div class="spacer battle-history"><br></div><div class="battle-history">Heatran used <strong>Lava Plume</strong>!<br></div><div class="battle-history"><small>A critical hit!</small><br></div><div class="battle-history"><small>(The opposing Clefable lost <abbr title="−190/394">48.2%</abbr> of its health!)</small><br></div><div class="spacer battle-history"><br></div><div class="battle-history">The opposing Clefable used <strong>Moonblast</strong>!<br></div><div class="battle-history"><small>It's not very effective...</small><br></div><div class="battle-history"><small>(Heatran lost <abbr title="−21/385">5.5%</abbr> of its health!)</small><br></div><div class="spacer battle-history"><br></div><div class="battle-history"><small>The opposing Clefable restored a little HP using its Leftovers!</small><br></div><div class="spacer battle-history"><br></div><h2 class="battle-history">Turn 18</h2><div class="spacer battle-history"><br></div><div class="battle-history">Heatran used <strong>Lava Plume</strong>!<br></div><div class="battle-history"><small>(The opposing Clefable lost <abbr title="−118/394">29.9%</abbr> of its health!)</small><br></div><div class="spacer battle-history"><br></div><div class="battle-history">The opposing Clefable used <strong>Moonblast</strong>!<br></div><div class="battle-history"><small>It's not very effective...</small><br></div><div class="battle-history"><small>(Heatran lost <abbr title="−21/385">5.5%</abbr> of its health!)</small><br></div><div class="battle-history"><small>Heatran's Special Attack fell!</small><br></div><div class="spacer battle-history"><br></div><div class="battle-history"><small>The opposing Clefable restored a little HP using its Leftovers!</small><br></div><div class="battle-history"><small>The opposing Clefable's taunt wore off!</small><br></div><div class="spacer battle-history"><br></div><h2 class="battle-history">Turn 19</h2><div class="spacer battle-history"><br></div><div class="battle-history">Makesuit withdrew Clefable!<br></div><div class="battle-history">Makesuit sent out <strong>Greninja</strong>!<br></div><div class="battle-history"><small>Pointed stones dug into the opposing Greninja!</small><br></div><div class="spacer battle-history"><br></div><div class="battle-history">Heatran used <strong>Taunt</strong>!<br></div><div class="battle-history"><small>The opposing Greninja fell for the taunt!</small><br></div><div class="spacer battle-history"><br></div><h2 class="battle-history">Turn 20</h2><div class="spacer battle-history"><br></div><div class="battle-history">Makesuit withdrew Greninja!<br></div><div class="battle-history">Makesuit sent out <strong>Medicham</strong>!<br></div><div class="battle-history"><small>Pointed stones dug into the opposing Medicham!</small><br></div><div class="spacer battle-history"><br></div><div class="battle-history">Heatran, come back!<br></div><div class="battle-history">Go! <strong>Tapu Fini</strong>!<br></div><div class="battle-history"><small>[Tapu Fini's Misty Surge]</small><br><small>Mist swirls around the battlefield!</small><br></div><div class="spacer battle-history"><br></div><div class="battle-history"><small>Tapu Fini restored a little HP using its Leftovers!</small><br></div><div class="spacer battle-history"><br></div><h2 class="battle-history">Turn 21</h2><div class="spacer battle-history"><br></div><div class="battle-history">Tapu Fini, come back!<br></div><div class="battle-history">Go! Landorus (<strong>Landorus-Therian</strong>)!<br></div><div class="battle-history"><small>[Landorus's Intimidate]</small><br></div><div class="battle-history"><small>The opposing Medicham's Attack fell!</small><br></div><div class="spacer battle-history"><br></div><div class="battle-history"><small>The opposing Medicham's Medichamite is reacting to the Key Stone!</small><br>The opposing Medicham has Mega Evolved into Mega Medicham!<br></div><div class="spacer battle-history"><br></div><div class="battle-history">The opposing Medicham used <strong>Zen Headbutt</strong>!<br></div><div class="battle-history"><small>(Landorus lost <abbr title="−181/319">56.7%</abbr> of its health!)</small><br></div><div class="spacer battle-history"><br></div><h2 class="battle-history">Turn 22</h2><div class="spacer battle-history"><br></div><div class="battle-history">Landorus used <strong>U-turn</strong>!<br></div><div class="battle-history"><small>(The opposing Medicham lost <abbr title="−107/262">40.8%</abbr> of its health!)</small><br></div><div class="spacer battle-history"><br></div><div class="battle-history">Landorus went back to Jit El Sicario!<br></div><div class="battle-history">Go! <strong>Tapu Fini</strong>!<br></div><div class="spacer battle-history"><br></div><div class="battle-history">The opposing Medicham used <strong>High Jump Kick</strong>!<br></div><div class="battle-history"><small>Tapu Fini avoided the attack!</small><br></div><div class="battle-history"><small>The opposing Medicham kept going and crashed!</small><br></div><div class="spacer battle-history"><br></div><div class="battle-history"><small>Tapu Fini restored a little HP using its Leftovers!</small><br></div><div class="spacer battle-history"><br></div><h2 class="battle-history">Turn 23</h2><div class="spacer battle-history"><br></div><div class="battle-history">Makesuit withdrew Medicham!<br></div><div class="battle-history">Makesuit sent out <strong>Magearna</strong>!<br></div><div class="battle-history"><small>Pointed stones dug into the opposing Magearna!</small><br></div><div class="spacer battle-history"><br></div><div class="battle-history">Tapu Fini used <strong>Moonblast</strong>!<br></div><div class="battle-history"><small>It's not very effective...</small><br></div><div class="battle-history"><small>(The opposing Magearna lost <abbr title="−26/363">7.2%</abbr> of its health!)</small><br></div><div class="spacer battle-history"><br></div><div class="battle-history"><small>Tapu Fini restored a little HP using its Leftovers!</small><br></div><div class="spacer battle-history"><br></div><h2 class="battle-history">Turn 24</h2><div class="spacer battle-history"><br></div><div class="battle-history">Tapu Fini, come back!<br></div><div class="battle-history">Go! Landorus (<strong>Landorus-Therian</strong>)!<br></div><div class="battle-history"><small>[Landorus's Intimidate]</small><br></div><div class="battle-history"><small>The opposing Magearna's Attack fell!</small><br></div><div class="spacer battle-history"><br></div><div class="battle-history">The opposing Magearna used <strong>Hidden Power</strong>!<br></div><div class="battle-history"><small>(Landorus lost <abbr title="−71/319">22.3%</abbr> of its health!)</small><br></div><div class="spacer battle-history"><br></div><div class="battle-history">Landorus fainted!<br></div><div class="battle-history"><small>[The opposing Magearna's Soul-Heart]</small><br></div><div class="battle-history"><small>The opposing Magearna's Special Attack rose!</small><br></div><div class="spacer battle-history"><br></div><div class="battle-history"><small>The mist disappeared from the battlefield.</small><br></div><div class="spacer battle-history"><br></div><div class="battle-history">Go! <strong>Heatran</strong>!<br></div><div class="spacer battle-history"><br></div><h2 class="battle-history">Turn 25</h2><div class="spacer battle-history"><br></div><div class="battle-history">Heatran used <strong>Lava Plume</strong>!<br></div><div class="battle-history"><small>It's super effective!</small><br></div><div class="battle-history"><small>(The opposing Magearna lost <abbr title="−98/363">27.0%</abbr> of its health!)</small><br></div><div class="battle-history"><small>The opposing Magearna was burned!</small><br></div><div class="spacer battle-history"><br></div><div class="battle-history">The opposing Magearna used <strong>Volt Switch</strong>!<br></div><div class="battle-history"><small>(Heatran lost <abbr title="−73/385">19.0%</abbr> of its health!)</small><br></div><div class="spacer battle-history"><br></div><div class="battle-history">The opposing Magearna went back to Makesuit!<br></div><div class="battle-history">Makesuit sent out <strong>Kartana</strong>!<br></div><div class="battle-history"><small>Pointed stones dug into the opposing Kartana!</small><br></div><div class="spacer battle-history"><br></div><h2 class="battle-history">Turn 26</h2><div class="spacer battle-history"><br></div><div class="battle-history">Heatran, come back!<br></div><div class="battle-history">Go! <strong>Scizor</strong>!<br></div><div class="spacer battle-history"><br></div><div class="battle-history">The opposing Kartana used <strong>Sacred Sword</strong>!<br></div><div class="battle-history"><small>(Scizor lost <abbr title="−120/343">35.0%</abbr> of its health!)</small><br></div><div class="spacer battle-history"><br></div><h2 class="battle-history">Turn 27</h2><div class="spacer battle-history"><br></div><div class="battle-history"><small>Scizor's Scizorite is reacting to the Key Stone!</small><br>Scizor has Mega Evolved into Mega Scizor!<br></div><div class="spacer battle-history"><br></div><div class="battle-history">The opposing Kartana used <strong>Swords Dance</strong>!<br></div><div class="battle-history"><small>The opposing Kartana's Attack rose sharply!</small><br></div><div class="spacer battle-history"><br></div><div class="battle-history">Scizor used <strong>Swords Dance</strong>!<br></div><div class="battle-history"><small>Scizor's Attack rose sharply!</small><br></div><div class="spacer battle-history"><br></div><h2 class="battle-history">Turn 28</h2><div class="spacer battle-history"><br></div><div class="battle-history">Scizor used <strong>Bullet Punch</strong>!<br></div><div class="battle-history"><small>It's not very effective...</small><br></div><div class="battle-history"><small>(The opposing Kartana lost <abbr title="−72/259">27.8%</abbr> of its health!)</small><br></div><div class="spacer battle-history"><br></div><div class="battle-history">The opposing Kartana fainted!<br></div><div class="spacer battle-history"><br></div><div class="battle-history">Makesuit sent out <strong>Greninja</strong>!<br></div><div class="battle-history"><small>Pointed stones dug into the opposing Greninja!</small><br></div><div class="spacer battle-history"><br></div><h2 class="battle-history">Turn 29</h2><div class="spacer battle-history"><br></div><div class="battle-history">Scizor, come back!<br></div><div class="battle-history">Go! <strong>Tapu Fini</strong>!<br></div><div class="battle-history"><small>[Tapu Fini's Misty Surge]</small><br><small>Mist swirls around the battlefield!</small><br></div><div class="spacer battle-history"><br></div><div class="battle-history">The opposing Greninja used <strong>Hydro Pump</strong>!<br></div><div class="battle-history"><small>It's not very effective...</small><br></div><div class="battle-history"><small>(Tapu Fini lost <abbr title="−94/335">28.1%</abbr> of its health!)</small><br></div><div class="spacer battle-history"><br></div><div class="battle-history"><small>Tapu Fini restored a little HP using its Leftovers!</small><br></div><div class="spacer battle-history"><br></div><h2 class="battle-history">Turn 30</h2><div class="chat chatmessage-makesuit"><strong style="color:hsl(57,64%,37%)"><small>☆</small><span class="username" data-name="Makesuit">Makesuit</span>:</strong> <em>Sad</em></div><div class="chat chatmessage-makesuit"><strong style="color:hsl(57,64%,37%)"><small>☆</small><span class="username" data-name="Makesuit">Makesuit</span>:</strong> <em>Hoy tampoco tengo suerte parece</em></div><div class="spacer battle-history"><br></div><div class="battle-history"><small>Makesuit se rindió.</small><br></div><div class="spacer battle-history"><br></div><div class="battle-history"><strong>Jit El Sicario</strong> won the battle!<br></div></div><div class="inner-preempt"></div></div></div>
</div>
<script>
let daily = Math.floor(Date.now()/1000/60/60/24);document.write('<script src="https://play.pokemonshowdown.com/js/replay-embed.js?version'+daily+'"></'+'script>');
</script>
