<!DOCTYPE html>
<meta charset="utf-8" />
<!-- version 1 -->
<title>OU replay: Gеrard Way vs. drkgalaxy</title>
<style>
html,body {font-family:Verdana, sans-serif;font-size:10pt;margin:0;padding:0;}body{padding:12px 0;} .battle-log {font-family:Verdana, sans-serif;font-size:10pt;} .battle-log-inline {border:1px solid #AAAAAA;background:#EEF2F5;color:black;max-width:640px;margin:0 auto 80px;padding-bottom:5px;} .battle-log .inner {padding:4px 8px 0px 8px;} .battle-log .inner-preempt {padding:0 8px 4px 8px;} .battle-log .inner-after {margin-top:0.5em;} .battle-log h2 {margin:0.5em -8px;padding:4px 8px;border:1px solid #AAAAAA;background:#E0E7EA;border-left:0;border-right:0;font-family:Verdana, sans-serif;font-size:13pt;} .battle-log .chat {vertical-align:middle;padding:3px 0 3px 0;font-size:8pt;} .battle-log .chat strong {color:#40576A;} .battle-log .chat em {padding:1px 4px 1px 3px;color:#000000;font-style:normal;} .chat.mine {background:rgba(0,0,0,0.05);margin-left:-8px;margin-right:-8px;padding-left:8px;padding-right:8px;} .spoiler {color:#BBBBBB;background:#BBBBBB;padding:0px 3px;} .spoiler:hover, .spoiler:active, .spoiler-shown {color:#000000;background:#E2E2E2;padding:0px 3px;} .spoiler a {color:#BBBBBB;} .spoiler:hover a, .spoiler:active a, .spoiler-shown a {color:#2288CC;} .chat code, .chat .spoiler:hover code, .chat .spoiler:active code, .chat .spoiler-shown code {border:1px solid #C0C0C0;background:#EEEEEE;color:black;padding:0 2px;} .chat .spoiler code {border:1px solid #CCCCCC;background:#CCCCCC;color:#CCCCCC;} .battle-log .rated {padding:3px 4px;} .battle-log .rated strong {color:white;background:#89A;padding:1px 4px;border-radius:4px;} .spacer {margin-top:0.5em;} .message-announce {background:#6688AA;color:white;padding:1px 4px 2px;} .message-announce a, .broadcast-green a, .broadcast-blue a, .broadcast-red a {color:#DDEEFF;} .broadcast-green {background-color:#559955;color:white;padding:2px 4px;} .broadcast-blue {background-color:#6688AA;color:white;padding:2px 4px;} .infobox {border:1px solid #6688AA;padding:2px 4px;} .infobox-limited {max-height:200px;overflow:auto;overflow-x:hidden;} .broadcast-red {background-color:#AA5544;color:white;padding:2px 4px;} .message-learn-canlearn {font-weight:bold;color:#228822;text-decoration:underline;} .message-learn-cannotlearn {font-weight:bold;color:#CC2222;text-decoration:underline;} .message-effect-weak {font-weight:bold;color:#CC2222;} .message-effect-resist {font-weight:bold;color:#6688AA;} .message-effect-immune {font-weight:bold;color:#666666;} .message-learn-list {margin-top:0;margin-bottom:0;} .message-throttle-notice, .message-error {color:#992222;} .message-overflow, .chat small.message-overflow {font-size:0pt;} .message-overflow::before {font-size:9pt;content:'...';} .subtle {color:#3A4A66;}
</style>
<div class="wrapper replay-wrapper" style="max-width:1180px;margin:0 auto">
<input type="hidden" name="replayid" value="destiny-ou-515624" />
<div class="battle"></div><div class="battle-log"></div><div class="replay-controls"></div><div class="replay-controls-2"></div>
<h1 style="font-weight:normal;text-align:center"><strong>OU</strong><br /><a href="http://pokemonshowdown.com/users/grardway" class="subtle" target="_blank">Gеrard Way</a> vs. <a href="http://pokemonshowdown.com/users/drkgalaxy" class="subtle" target="_blank">drkgalaxy</a></h1>
<script type="text/plain" class="battle-log-data">|player|p1|Gеrard Way|grardway-7.gif?83834127
|teamsize|p1|6
|player|p2|drkgalaxy|drkgalaxy.gif?f8ae8920
|teamsize|p2|6
|teamsize|p1|6
|teamsize|p2|6
|gametype|singles
|gen|7
|tier|OU
|seed|9995,13487,5716,53501
|rule|Cláusula-Mod de Dormir: solo puedes dormir a uno de tus oponentes a la vez.
|rule|Cláusula de Especie: Hasta un Pokémon de cada especie
|rule|Cláusula de Golpe Fulminante: los movimientos fulminantes (OHKO) estan prohibidos
|rule|Cláusula de Veleta: la habilidad Veleta está prohibida
|rule|Cláusula de Movimientos Evasivos: los movimientos de Evasión están prohibidos.
|rule|Cláusula de Batallas Eternas: forzar batallas eternas está prohibido
|clearpoke
|poke|p1|Umbreon, M, shiny|item
|poke|p1|Mantine, M|item
|poke|p1|Heatran, F|item
|poke|p1|Audino, M|item
|poke|p1|Serperior, M|item
|poke|p1|Zygarde|item
|poke|p2|Ninetales-Alola, F|item
|poke|p2|Gyarados, M|item
|poke|p2|Terrakion|item
|poke|p2|Tapu Koko|item
|poke|p2|Hawlucha, F|item
|poke|p2|Magearna|item
|teampreview|undefined
|c|☆drkgalaxy|log sh
|choice|*team 321456|*
|choice|*|*team 123456
|choice|team 3, 2, 1, 4, 5, 6|team 1, 2, 3, 4, 5, 6
|
|start
|switch|p1a: Heatran|Heatran, F|323\/323
|switch|p2a: Ninetales|Ninetales-Alola, F|349\/349
|-weather|Hail|[from] ability: Snow Warning|[of] p2a: Ninetales
|turn|1
|choice|*|*move 1
|choice|*move 4|*
|choice|move stealthrock|move auroraveil
|
|move|p2a: Ninetales|Aurora Veil|p2a: Ninetales
|-sidestart|p2: drkgalaxy|move: Aurora Veil
|move|p1a: Heatran|Stealth Rock|p2a: Ninetales
|-sidestart|p2: drkgalaxy|move: Stealth Rock
|
|-weather|Hail|[upkeep]
|-damage|p1a: Heatran|303\/323|[from] hail
|upkeep
|turn|2
|choice|*|*move 3
|choice|*move 2|*
|choice|move lavaplume|move hypnosis
|
|move|p2a: Ninetales|Hypnosis|p1a: Heatran
|-status|p1a: Heatran|slp
|cant|p1a: Heatran|slp
|
|-weather|Hail|[upkeep]
|-damage|p1a: Heatran|283\/323 slp|[from] hail
|upkeep
|turn|3
|choice|*|*switch 2
|choice|*switch 5|*
|choice|switch 5|switch 2
|
|switch|p2a: Gyarados|Gyarados, M|331\/331
|-damage|p2a: Gyarados|249\/331|[from] Stealth Rock
|-ability|p2a: Gyarados|Intimidate|boost
|-unboost|p1a: Heatran|atk|1
|switch|p1a: Serperior|Serperior, M|305\/305
|
|-weather|Hail|[upkeep]
|-damage|p1a: Serperior|286\/305|[from] hail
|-damage|p2a: Gyarados|229\/331|[from] hail
|-heal|p1a: Serperior|305\/305|[from] item: Leftovers
|upkeep
|turn|4
|choice|*move 3|*
|choice|*move 3|*
|choice|*|*move 1
|choice|move substitute|move dragondance
|
|move|p1a: Serperior|Substitute|p1a: Serperior
|-start|p1a: Serperior|Substitute
|-damage|p1a: Serperior|229\/305
|move|p2a: Gyarados|Dragon Dance|p2a: Gyarados
|-boost|p2a: Gyarados|atk|1
|-boost|p2a: Gyarados|spe|1
|
|-weather|Hail|[upkeep]
|-damage|p2a: Gyarados|209\/331|[from] hail
|-damage|p1a: Serperior|210\/305|[from] hail
|-heal|p1a: Serperior|229\/305|[from] item: Leftovers
|upkeep
|turn|5
|choice|*move 1|*
|choice|*|*move 2
|choice|move leafstorm|move crunch
|
|move|p2a: Gyarados|Crunch|p1a: Serperior
|-end|p1a: Serperior|Substitute
|move|p1a: Serperior|Leaf Storm|p2a: Gyarados
|-damage|p2a: Gyarados|135\/331
|-boost|p1a: Serperior|spa|2
|
|-weather|none
|-heal|p1a: Serperior|248\/305|[from] item: Leftovers
|upkeep
|turn|6
|choice|*|*move 2 mega
|choice|*move 1|*
|choice|move leafstorm|move crunch mega
|
|-mega|p2a: Gyarados|Gyarados|Gyaradosite
|detailschange|p2a: Gyarados|Gyarados-Mega, M
|-ability|p2a: Gyarados|Mold Breaker
|move|p2a: Gyarados|Crunch|p1a: Serperior
|-damage|p1a: Serperior|0 fnt
|faint|p1a: Serperior
|
|upkeep
|choice|*switch 4|*
|choice|switch 4|
|
|switch|p1a: Audino|Audino, M|410\/410
|turn|7
|choice|*|*move 3
|choice|*move 2 mega|*
|choice|move protect mega|move waterfall
|
|-mega|p1a: Audino|Audino|Audinite
|detailschange|p1a: Audino|Audino-Mega, M
|move|p1a: Audino|Protect|p1a: Audino
|-singleturn|p1a: Audino|Protect
|move|p2a: Gyarados|Waterfall|p1a: Audino
|-activate|p1a: Audino|move: Protect
|
|upkeep
|turn|8
|choice|*|*move 3
|choice|*move 1|*
|choice|move wish|move waterfall
|
|move|p2a: Gyarados|Waterfall|p1a: Audino
|-damage|p1a: Audino|236\/410
|move|p1a: Audino|Wish|p1a: Audino
|
|-sideend|p2: drkgalaxy|move: Aurora Veil
|upkeep
|turn|9
|choice|*move 4|*
|choice|*|*move 1
|choice|move dazzlinggleam|move dragondance
|
|move|p2a: Gyarados|Dragon Dance|p2a: Gyarados
|-boost|p2a: Gyarados|atk|1
|-boost|p2a: Gyarados|spe|1
|move|p1a: Audino|Dazzling Gleam|p2a: Gyarados
|-supereffective|p2a: Gyarados
|-damage|p2a: Gyarados|15\/331
|
|-heal|p1a: Audino|410\/410|[from] move: Wish|[wisher] Audino
|upkeep
|turn|10
|choice|*|*move 3
|choice|*move 4|*
|choice|move dazzlinggleam|move waterfall
|
|move|p2a: Gyarados|Waterfall|p1a: Audino
|-damage|p1a: Audino|197\/410
|move|p1a: Audino|Dazzling Gleam|p2a: Gyarados
|-supereffective|p2a: Gyarados
|-damage|p2a: Gyarados|0 fnt
|faint|p2a: Gyarados
|
|upkeep
|choice|*|*switch 3
|choice||switch 3
|
|switch|p2a: Terrakion|Terrakion|324\/324
|-damage|p2a: Terrakion|304\/324|[from] Stealth Rock
|turn|11
|choice|*|*move 4
|choice|*switch 6|*
|choice|switch 6|move taunt
|
|switch|p1a: Zygarde|Zygarde|357\/357
|-ability|p1a: Zygarde|Aura Break
|move|p2a: Terrakion|Taunt|p1a: Zygarde
|-start|p1a: Zygarde|move: Taunt
|
|upkeep
|turn|12
|choice|*move 3|*
|choice|*|*move 1
|choice|move thousandarrows|move stealthrock
|
|move|p2a: Terrakion|Stealth Rock|p1a: Zygarde
|-sidestart|p1: Gеrard Way|move: Stealth Rock
|move|p1a: Zygarde|Thousand Arrows|p2a: Terrakion
|-supereffective|p2a: Terrakion
|-damage|p2a: Terrakion|10\/324
|
|upkeep
|turn|13
|choice|*|*move 3
|choice|*move 3|*
|choice|move thousandarrows|move closecombat
|
|move|p2a: Terrakion|Close Combat|p1a: Zygarde
|-damage|p1a: Zygarde|164\/357
|-unboost|p2a: Terrakion|def|1
|-unboost|p2a: Terrakion|spd|1
|move|p1a: Zygarde|Thousand Arrows|p2a: Terrakion
|-supereffective|p2a: Terrakion
|-damage|p2a: Terrakion|0 fnt
|faint|p2a: Terrakion
|
|-end|p1a: Zygarde|move: Taunt
|upkeep
|choice|*|*switch 2
|choice||switch 2
|
|switch|p2a: Ninetales|Ninetales-Alola, F|349\/349
|-damage|p2a: Ninetales|262\/349|[from] Stealth Rock
|-weather|Hail|[from] ability: Snow Warning|[of] p2a: Ninetales
|turn|14
|choice|*|*move 1
|choice|*switch 5|*
|choice|switch 5|move auroraveil
|
|switch|p1a: Heatran|Heatran, F|283\/323 slp
|-damage|p1a: Heatran|243\/323 slp|[from] Stealth Rock
|move|p2a: Ninetales|Aurora Veil|p2a: Ninetales
|-sidestart|p2: drkgalaxy|move: Aurora Veil
|
|-weather|Hail|[upkeep]
|-damage|p1a: Heatran|223\/323 slp|[from] hail
|upkeep
|turn|15
|choice|*move 2|*
|choice|*|*switch 4
|choice|move lavaplume|switch 4
|
|switch|p2a: Tapu Koko|Tapu Koko|282\/282
|-damage|p2a: Tapu Koko|247\/282|[from] Stealth Rock
|-fieldstart|move: Electric Terrain|[from] ability: Electric Surge|[of] p2a: Tapu Koko
|-curestatus|p1a: Heatran|slp|[msg]
|move|p1a: Heatran|Lava Plume|p2a: Tapu Koko
|-damage|p2a: Tapu Koko|145\/282
|
|-weather|Hail|[upkeep]
|-damage|p2a: Tapu Koko|128\/282|[from] hail
|-damage|p1a: Heatran|203\/323|[from] hail
|upkeep
|turn|16
|choice|*|*move 3
|choice|*switch 3|*
|choice|switch 3|move thunderbolt
|
|switch|p1a: Umbreon|Umbreon, M, shiny|394\/394
|-damage|p1a: Umbreon|345\/394|[from] Stealth Rock
|move|p2a: Tapu Koko|Thunderbolt|p1a: Umbreon
|-crit|p1a: Umbreon
|-damage|p1a: Umbreon|98\/394
|-damage|p2a: Tapu Koko|100\/282|[from] item: Life Orb
|
|-weather|Hail|[upkeep]
|-damage|p2a: Tapu Koko|83\/282|[from] hail
|-damage|p1a: Umbreon|74\/394|[from] hail
|-heal|p1a: Umbreon|98\/394|[from] item: Leftovers
|upkeep
|turn|17
|choice|*|*move 2
|choice|*move 2|*
|choice|move protect|move dazzlinggleam
|
|move|p1a: Umbreon|Protect|p1a: Umbreon
|-singleturn|p1a: Umbreon|Protect
|move|p2a: Tapu Koko|Dazzling Gleam|p1a: Umbreon
|-activate|p1a: Umbreon|move: Protect
|
|-weather|Hail|[upkeep]
|-damage|p2a: Tapu Koko|66\/282|[from] hail
|-damage|p1a: Umbreon|74\/394|[from] hail
|-heal|p1a: Umbreon|98\/394|[from] item: Leftovers
|upkeep
|turn|18
|choice|*|*move 2
|choice|*|*move 1
|choice|*move 1|*
|choice|move wish|move voltswitch
|
|move|p2a: Tapu Koko|Volt Switch|p1a: Umbreon
|-damage|p1a: Umbreon|0 fnt
|-damage|p2a: Tapu Koko|38\/282|[from] item: Life Orb
|faint|p1a: Umbreon
|choice|*|*switch 4
|choice||switch 4
|
|switch|p2a: Ninetales|Ninetales-Alola, F|262\/349|[from]move: Volt Switch
|-damage|p2a: Ninetales|175\/349|[from] Stealth Rock
|
|-weather|none
|upkeep
|choice|*switch 6|*
|choice|switch 6|
|
|switch|p1a: Audino|Audino-Mega, M|197\/410
|-damage|p1a: Audino|146\/410|[from] Stealth Rock
|turn|19
|choice|*move 1|*
|choice|*|*move 3
|choice|move wish|move hypnosis
|
|move|p2a: Ninetales|Hypnosis|p1a: Audino
|-activate|p1a: Audino|move: Electric Terrain
|move|p1a: Audino|Wish|p1a: Audino
|
|-fieldend|move: Electric Terrain
|upkeep
|turn|20
|choice|*move 2|*
|c|☆drkgalaxy|jajajja
|c|☆drkgalaxy|el campo
|c|☆drkgalaxy|xd
|c|☆Gеrard Way|Lmao
|c|☆Gеrard Way|jajajaja
|choice|*|*move 2
|choice|move protect|move freezedry
|
|move|p1a: Audino|Protect|p1a: Audino
|-singleturn|p1a: Audino|Protect
|move|p2a: Ninetales|Freeze-Dry|p1a: Audino
|-activate|p1a: Audino|move: Protect
|
|-heal|p1a: Audino|351\/410|[from] move: Wish|[wisher] Audino
|upkeep
|turn|21
|choice|*|*move 4
|choice|*move 1|*
|choice|move wish|move hail
|
|move|p2a: Ninetales|Hail|p2a: Ninetales
|-weather|Hail
|move|p1a: Audino|Wish|p1a: Audino
|
|-weather|Hail|[upkeep]
|-damage|p1a: Audino|326\/410|[from] hail
|-sideend|p2: drkgalaxy|move: Aurora Veil
|upkeep
|turn|22
|choice|*|*move 1
|choice|*move 3|*
|choice|move flamethrower|move auroraveil
|
|move|p2a: Ninetales|Aurora Veil|p2a: Ninetales
|-sidestart|p2: drkgalaxy|move: Aurora Veil
|move|p1a: Audino|Flamethrower|p2a: Ninetales
|-supereffective|p2a: Ninetales
|-damage|p2a: Ninetales|112\/349
|
|-weather|Hail|[upkeep]
|-damage|p1a: Audino|301\/410|[from] hail
|-heal|p1a: Audino|410\/410|[from] move: Wish|[wisher] Audino
|upkeep
|turn|23
|choice|*|*move 3
|choice|*move 1|*
|choice|move wish|move hypnosis
|
|move|p2a: Ninetales|Hypnosis|p1a: Audino
|-status|p1a: Audino|slp
|cant|p1a: Audino|slp
|
|-weather|Hail|[upkeep]
|-damage|p1a: Audino|385\/410 slp|[from] hail
|upkeep
|turn|24
|choice|*|*switch 5
|choice|*move 4|*
|choice|move dazzlinggleam|switch 5
|
|switch|p2a: Hawlucha|Hawlucha, F|323\/323
|-damage|p2a: Hawlucha|283\/323|[from] Stealth Rock
|-curestatus|p1a: Audino|slp|[msg]
|move|p1a: Audino|Dazzling Gleam|p2a: Hawlucha
|-supereffective|p2a: Hawlucha
|-damage|p2a: Hawlucha|169\/323
|
|-weather|Hail|[upkeep]
|-damage|p2a: Hawlucha|149\/323|[from] hail
|-damage|p1a: Audino|360\/410|[from] hail
|upkeep
|turn|25
|choice|*move 4|*
|c|☆drkgalaxy|deos como la cago
|choice|*|*switch 5
|choice|move dazzlinggleam|switch 5
|
|switch|p2a: Ninetales|Ninetales-Alola, F|112\/349
|-damage|p2a: Ninetales|25\/349|[from] Stealth Rock
|move|p1a: Audino|Dazzling Gleam|p2a: Ninetales
|-damage|p2a: Ninetales|0 fnt
|faint|p2a: Ninetales
|
|-weather|none
|upkeep
|choice|*|*switch 4
|choice||switch 4
|
|switch|p2a: Tapu Koko|Tapu Koko|38\/282
|-damage|p2a: Tapu Koko|3\/282|[from] Stealth Rock
|-fieldstart|move: Electric Terrain|[from] ability: Electric Surge|[of] p2a: Tapu Koko
|turn|26
|choice|*move 1|*
|choice|*|*move 3
|choice|move wish|move thunderbolt
|
|move|p2a: Tapu Koko|Thunderbolt|p1a: Audino
|-damage|p1a: Audino|136\/410
|-damage|p2a: Tapu Koko|0 fnt|[from] item: Life Orb
|faint|p2a: Tapu Koko
|move|p1a: Audino|Wish|p1a: Audino
|
|upkeep
|choice|*|*switch 5
|choice||switch 5
|
|switch|p2a: Hawlucha|Hawlucha, F|149\/323
|-enditem|p2a: Hawlucha|Electric Seed
|-boost|p2a: Hawlucha|def|1
|-damage|p2a: Hawlucha|109\/323|[from] Stealth Rock
|turn|27
|choice|*|*move 1
|choice|*move 2|*
|choice|move protect|move acrobatics
|
|move|p1a: Audino|Protect|p1a: Audino
|-singleturn|p1a: Audino|Protect
|move|p2a: Hawlucha|Acrobatics|p1a: Audino
|-activate|p1a: Audino|move: Protect
|
|-heal|p1a: Audino|341\/410|[from] move: Wish|[wisher] Audino
|upkeep
|turn|28
|choice|*move 4|*
|choice|*|*move 3
|choice|move dazzlinggleam|move highjumpkick
|
|move|p2a: Hawlucha|High Jump Kick|p1a: Audino
|-damage|p1a: Audino|208\/410
|move|p1a: Audino|Dazzling Gleam|p2a: Hawlucha
|-supereffective|p2a: Hawlucha
|-damage|p2a: Hawlucha|0 fnt
|faint|p2a: Hawlucha
|
|upkeep
|choice|*|*switch 6
|choice||switch 6
|
|switch|p2a: Magearna|Magearna|301\/301
|-damage|p2a: Magearna|283\/301|[from] Stealth Rock
|turn|29
|choice|*|*move 2
|choice|*|*move 1
|c|☆Gеrard Way|Igual ganas
|c|☆Gеrard Way|xd
|c|☆drkgalaxy|nah
|c|☆drkgalaxy|xd
|choice|*move 1|*
|choice|move wish|move shiftgear
|
|move|p2a: Magearna|Shift Gear|p2a: Magearna
|-boost|p2a: Magearna|spe|2
|-boost|p2a: Magearna|atk|1
|move|p1a: Audino|Wish|p1a: Audino
|
|-sideend|p2: drkgalaxy|move: Aurora Veil
|upkeep
|turn|30
|choice|*|*move 2
|choice|*move 2|*
|choice|move protect|move thunderbolt
|
|move|p1a: Audino|Protect|p1a: Audino
|-singleturn|p1a: Audino|Protect
|move|p2a: Magearna|Thunderbolt|p1a: Audino
|-activate|p1a: Audino|move: Protect
|
|-heal|p1a: Audino|410\/410|[from] move: Wish|[wisher] Audino
|-fieldend|move: Electric Terrain
|upkeep
|turn|31
|choice|*|*move 2
|choice|*move 3|*
|choice|move flamethrower|move thunderbolt
|
|move|p2a: Magearna|Thunderbolt|p1a: Audino
|-damage|p1a: Audino|324\/410
|move|p1a: Audino|Flamethrower|p2a: Magearna
|-supereffective|p2a: Magearna
|-damage|p2a: Magearna|175\/301
|
|upkeep
|turn|32
|c|☆Gеrard Way|Ah
|choice|*|*move 2
|c|☆Gеrard Way|Pensé que era cm
|choice|*move 1|*
|choice|move wish|move thunderbolt
|
|move|p2a: Magearna|Thunderbolt|p1a: Audino
|-damage|p1a: Audino|234\/410
|move|p1a: Audino|Wish|p1a: Audino
|
|upkeep
|turn|33
|choice|*move 3|*
|choice|*|*move 2
|choice|move flamethrower|move thunderbolt
|
|move|p2a: Magearna|Thunderbolt|p1a: Audino
|-damage|p1a: Audino|145\/410
|move|p1a: Audino|Flamethrower|p2a: Magearna
|-supereffective|p2a: Magearna
|-damage|p2a: Magearna|67\/301
|
|-heal|p1a: Audino|350\/410|[from] move: Wish|[wisher] Audino
|upkeep
|turn|34
|choice|*|*move 2
|choice|*move 1|*
|choice|move wish|move thunderbolt
|
|move|p2a: Magearna|Thunderbolt|p1a: Audino
|-damage|p1a: Audino|260\/410
|move|p1a: Audino|Wish|p1a: Audino
|
|upkeep
|turn|35
|choice|*move 3|*
|choice|*|*move 2
|choice|move flamethrower|move thunderbolt
|
|move|p2a: Magearna|Thunderbolt|p1a: Audino
|-damage|p1a: Audino|178\/410
|move|p1a: Audino|Flamethrower|p2a: Magearna
|-supereffective|p2a: Magearna
|-damage|p2a: Magearna|0 fnt
|faint|p2a: Magearna
|
|win|Gеrard Way
</script>
</div>
<div class="battle-log battle-log-inline"><div class="inner"><div class="battle-options"></div><div class="inner"><div class=""><small>Format:</small> <br><strong>OU</strong></div><div class=""><small><em>Cláusula-Mod de Dormir:</em> solo puedes dormir a uno de tus oponentes a la vez.</small></div><div class=""><small><em>Cláusula de Especie:</em> Hasta un Pokémon de cada especie</small></div><div class=""><small><em>Cláusula de Golpe Fulminante:</em> los movimientos fulminantes (OHKO) estan prohibidos</small></div><div class=""><small><em>Cláusula de Veleta:</em> la habilidad Veleta está prohibida</small></div><div class=""><small><em>Cláusula de Movimientos Evasivos:</em> los movimientos de Evasión están prohibidos.</small></div><div class=""><small><em>Cláusula de Batallas Eternas:</em> forzar batallas eternas está prohibido</small></div><div class="chat battle-history"><strong>Gеrard Way's team:</strong> <em style="color:#445566;display:block;">Umbreon / Mantine / Heatran / Audino / Serperior / Zygarde</em></div><div class="chat battle-history"><strong>drkgalaxy's team:</strong> <em style="color:#445566;display:block;">Ninetales-Alola / Gyarados / Terrakion / Tapu Koko / Hawlucha / Magearna</em></div><div class="chat chatmessage-drkgalaxy"><strong style="color:hsl(173,71%,38.666666666666664%)"><small>☆</small><span class="username" data-name="drkgalaxy">drkgalaxy</span>:</strong> <em>log sh</em></div><div class="spacer battle-history"><br></div><div class="battle-history">Battle started between Gеrard Way and drkgalaxy!<br></div><div class="spacer battle-history"><br></div><div class="battle-history">Go! <strong>Heatran</strong>!<br></div><div class="spacer battle-history"><br></div><div class="battle-history">drkgalaxy sent out Ninetales (<strong>Ninetales-Alola</strong>)!<br></div><div class="battle-history"><small>[The opposing Ninetales's Snow Warning]</small><br><small>It started to hail!</small><br></div><div class="spacer battle-history"><br></div><h2 class="battle-history">Turn 1</h2><div class="spacer battle-history"><br></div><div class="battle-history">The opposing Ninetales used <strong>Aurora Veil</strong>!<br></div><div class="battle-history"><small>Aurora Veil made the opposing team stronger against physical and special moves!</small><br></div><div class="spacer battle-history"><br></div><div class="battle-history">Heatran used <strong>Stealth Rock</strong>!<br></div><div class="battle-history"><small>Pointed stones float in the air around the opposing team!</small><br></div><div class="spacer battle-history"><br></div><div class="battle-history"><small>The hail is crashing down.</small><br></div><div class="battle-history"><small>Heatran is buffeted by the hail!</small><br></div><div class="spacer battle-history"><br></div><h2 class="battle-history">Turn 2</h2><div class="spacer battle-history"><br></div><div class="battle-history">The opposing Ninetales used <strong>Hypnosis</strong>!<br></div><div class="battle-history"><small>Heatran fell asleep!</small><br></div><div class="spacer battle-history"><br></div><div class="battle-history">Heatran is fast asleep.<br></div><div class="spacer battle-history"><br></div><div class="battle-history"><small>The hail is crashing down.</small><br></div><div class="battle-history"><small>Heatran is buffeted by the hail!</small><br></div><div class="spacer battle-history"><br></div><h2 class="battle-history">Turn 3</h2><div class="spacer battle-history"><br></div><div class="battle-history">drkgalaxy withdrew Ninetales!<br></div><div class="battle-history">drkgalaxy sent out <strong>Gyarados</strong>!<br></div><div class="battle-history"><small>Pointed stones dug into the opposing Gyarados!</small><br></div><div class="battle-history"><small>[The opposing Gyarados's Intimidate]</small><br></div><div class="battle-history"><small>Heatran's Attack fell!</small><br></div><div class="spacer battle-history"><br></div><div class="battle-history">Heatran, come back!<br></div><div class="battle-history">Go! <strong>Serperior</strong>!<br></div><div class="spacer battle-history"><br></div><div class="battle-history"><small>The hail is crashing down.</small><br></div><div class="battle-history"><small>Serperior is buffeted by the hail!</small><br></div><div class="battle-history"><small>The opposing Gyarados is buffeted by the hail!</small><br></div><div class="battle-history"><small>Serperior restored a little HP using its Leftovers!</small><br></div><div class="spacer battle-history"><br></div><h2 class="battle-history">Turn 4</h2><div class="spacer battle-history"><br></div><div class="battle-history">Serperior used <strong>Substitute</strong>!<br></div><div class="battle-history"><small>Serperior put in a substitute!</small><br></div><div class="battle-history"><small>(Serperior lost <abbr title="−76/305">24.9%</abbr> of its health!)</small><br></div><div class="spacer battle-history"><br></div><div class="battle-history">The opposing Gyarados used <strong>Dragon Dance</strong>!<br></div><div class="battle-history"><small>The opposing Gyarados's Attack rose!</small><br></div><div class="battle-history"><small>The opposing Gyarados's Speed rose!</small><br></div><div class="spacer battle-history"><br></div><div class="battle-history"><small>The hail is crashing down.</small><br></div><div class="battle-history"><small>The opposing Gyarados is buffeted by the hail!</small><br></div><div class="battle-history"><small>Serperior is buffeted by the hail!</small><br></div><div class="battle-history"><small>Serperior restored a little HP using its Leftovers!</small><br></div><div class="spacer battle-history"><br></div><h2 class="battle-history">Turn 5</h2><div class="spacer battle-history"><br></div><div class="battle-history">The opposing Gyarados used <strong>Crunch</strong>!<br></div><div class="battle-history"><small>Serperior's substitute faded!</small><br></div><div class="spacer battle-history"><br></div><div class="battle-history">Serperior used <strong>Leaf Storm</strong>!<br></div><div class="battle-history"><small>(The opposing Gyarados lost <abbr title="−74/331">22.4%</abbr> of its health!)</small><br></div><div class="battle-history"><small>Serperior's Special Attack rose sharply!</small><br></div><div class="spacer battle-history"><br></div><div class="battle-history"><small>The hail stopped.</small><br></div><div class="battle-history"><small>Serperior restored a little HP using its Leftovers!</small><br></div><div class="spacer battle-history"><br></div><h2 class="battle-history">Turn 6</h2><div class="spacer battle-history"><br></div><div class="battle-history"><small>The opposing Gyarados's Gyaradosite is reacting to the Key Stone!</small><br>The opposing Gyarados has Mega Evolved into Mega Gyarados!<br></div><div class="battle-history"><small>[The opposing Gyarados's Mold Breaker]</small><br><small>The opposing Gyarados breaks the mold!</small><br></div><div class="spacer battle-history"><br></div><div class="battle-history">The opposing Gyarados used <strong>Crunch</strong>!<br></div><div class="battle-history"><small>(Serperior lost <abbr title="−248/305">81.3%</abbr> of its health!)</small><br></div><div class="spacer battle-history"><br></div><div class="battle-history">Serperior fainted!<br></div><div class="spacer battle-history"><br></div><div class="battle-history">Go! <strong>Audino</strong>!<br></div><div class="spacer battle-history"><br></div><h2 class="battle-history">Turn 7</h2><div class="spacer battle-history"><br></div><div class="battle-history"><small>Audino's Audinite is reacting to the Key Stone!</small><br>Audino has Mega Evolved into Mega Audino!<br></div><div class="spacer battle-history"><br></div><div class="battle-history">Audino used <strong>Protect</strong>!<br></div><div class="battle-history"><small>Audino protected itself!</small><br></div><div class="spacer battle-history"><br></div><div class="battle-history">The opposing Gyarados used <strong>Waterfall</strong>!<br></div><div class="battle-history"><small>Audino protected itself!</small><br></div><div class="spacer battle-history"><br></div><h2 class="battle-history">Turn 8</h2><div class="spacer battle-history"><br></div><div class="battle-history">The opposing Gyarados used <strong>Waterfall</strong>!<br></div><div class="battle-history"><small>(Audino lost <abbr title="−174/410">42.4%</abbr> of its health!)</small><br></div><div class="spacer battle-history"><br></div><div class="battle-history">Audino used <strong>Wish</strong>!<br></div><div class="spacer battle-history"><br></div><div class="battle-history"><small>The opposing team's Aurora Veil wore off!</small><br></div><div class="spacer battle-history"><br></div><h2 class="battle-history">Turn 9</h2><div class="spacer battle-history"><br></div><div class="battle-history">The opposing Gyarados used <strong>Dragon Dance</strong>!<br></div><div class="battle-history"><small>The opposing Gyarados's Attack rose!</small><br></div><div class="battle-history"><small>The opposing Gyarados's Speed rose!</small><br></div><div class="spacer battle-history"><br></div><div class="battle-history">Audino used <strong>Dazzling Gleam</strong>!<br></div><div class="battle-history"><small>It's super effective!</small><br></div><div class="battle-history"><small>(The opposing Gyarados lost <abbr title="−120/331">36.3%</abbr> of its health!)</small><br></div><div class="spacer battle-history"><br></div><div class="battle-history"><small>Audino's wish came true!</small><br></div><div class="spacer battle-history"><br></div><h2 class="battle-history">Turn 10</h2><div class="spacer battle-history"><br></div><div class="battle-history">The opposing Gyarados used <strong>Waterfall</strong>!<br></div><div class="battle-history"><small>(Audino lost <abbr title="−213/410">52.0%</abbr> of its health!)</small><br></div><div class="spacer battle-history"><br></div><div class="battle-history">Audino used <strong>Dazzling Gleam</strong>!<br></div><div class="battle-history"><small>It's super effective!</small><br></div><div class="battle-history"><small>(The opposing Gyarados lost <abbr title="−15/331">4.5%</abbr> of its health!)</small><br></div><div class="spacer battle-history"><br></div><div class="battle-history">The opposing Gyarados fainted!<br></div><div class="spacer battle-history"><br></div><div class="battle-history">drkgalaxy sent out <strong>Terrakion</strong>!<br></div><div class="battle-history"><small>Pointed stones dug into the opposing Terrakion!</small><br></div><div class="spacer battle-history"><br></div><h2 class="battle-history">Turn 11</h2><div class="spacer battle-history"><br></div><div class="battle-history">Audino, come back!<br></div><div class="battle-history">Go! <strong>Zygarde</strong>!<br></div><div class="battle-history"><small>[Zygarde's Aura Break]</small><br><small>Zygarde reversed all other Pokémon's auras!</small><br></div><div class="spacer battle-history"><br></div><div class="battle-history">The opposing Terrakion used <strong>Taunt</strong>!<br></div><div class="battle-history"><small>Zygarde fell for the taunt!</small><br></div><div class="spacer battle-history"><br></div><h2 class="battle-history">Turn 12</h2><div class="spacer battle-history"><br></div><div class="battle-history">The opposing Terrakion used <strong>Stealth Rock</strong>!<br></div><div class="battle-history"><small>Pointed stones float in the air around your team!</small><br></div><div class="spacer battle-history"><br></div><div class="battle-history">Zygarde used <strong>Thousand Arrows</strong>!<br></div><div class="battle-history"><small>It's super effective!</small><br></div><div class="battle-history"><small>(The opposing Terrakion lost <abbr title="−294/324">90.7%</abbr> of its health!)</small><br></div><div class="spacer battle-history"><br></div><h2 class="battle-history">Turn 13</h2><div class="spacer battle-history"><br></div><div class="battle-history">The opposing Terrakion used <strong>Close Combat</strong>!<br></div><div class="battle-history"><small>(Zygarde lost <abbr title="−193/357">54.1%</abbr> of its health!)</small><br></div><div class="battle-history"><small>The opposing Terrakion's Defense fell!</small><br></div><div class="battle-history"><small>The opposing Terrakion's Special Defense fell!</small><br></div><div class="spacer battle-history"><br></div><div class="battle-history">Zygarde used <strong>Thousand Arrows</strong>!<br></div><div class="battle-history"><small>It's super effective!</small><br></div><div class="battle-history"><small>(The opposing Terrakion lost <abbr title="−10/324">3.1%</abbr> of its health!)</small><br></div><div class="spacer battle-history"><br></div><div class="battle-history">The opposing Terrakion fainted!<br></div><div class="spacer battle-history"><br></div><div class="battle-history"><small>Zygarde's taunt wore off!</small><br></div><div class="spacer battle-history"><br></div><div class="battle-history">drkgalaxy sent out Ninetales (<strong>Ninetales-Alola</strong>)!<br></div><div class="battle-history"><small>Pointed stones dug into the opposing Ninetales!</small><br></div><div class="battle-history"><small>[The opposing Ninetales's Snow Warning]</small><br><small>It started to hail!</small><br></div><div class="spacer battle-history"><br></div><h2 class="battle-history">Turn 14</h2><div class="spacer battle-history"><br></div><div class="battle-history">Zygarde, come back!<br></div><div class="battle-history">Go! <strong>Heatran</strong>!<br></div><div class="battle-history"><small>Pointed stones dug into Heatran!</small><br></div><div class="spacer battle-history"><br></div><div class="battle-history">The opposing Ninetales used <strong>Aurora Veil</strong>!<br></div><div class="battle-history"><small>Aurora Veil made the opposing team stronger against physical and special moves!</small><br></div><div class="spacer battle-history"><br></div><div class="battle-history"><small>The hail is crashing down.</small><br></div><div class="battle-history"><small>Heatran is buffeted by the hail!</small><br></div><div class="spacer battle-history"><br></div><h2 class="battle-history">Turn 15</h2><div class="spacer battle-history"><br></div><div class="battle-history">drkgalaxy withdrew Ninetales!<br></div><div class="battle-history">drkgalaxy sent out <strong>Tapu Koko</strong>!<br></div><div class="battle-history"><small>Pointed stones dug into the opposing Tapu Koko!</small><br></div><div class="battle-history"><small>[The opposing Tapu Koko's Electric Surge]</small><br><small>An electric current runs across the battlefield!</small><br></div><div class="battle-history"><small>Heatran woke up!</small><br></div><div class="spacer battle-history"><br></div><div class="battle-history">Heatran used <strong>Lava Plume</strong>!<br></div><div class="battle-history"><small>(The opposing Tapu Koko lost <abbr title="−102/282">36.2%</abbr> of its health!)</small><br></div><div class="spacer battle-history"><br></div><div class="battle-history"><small>The hail is crashing down.</small><br></div><div class="battle-history"><small>The opposing Tapu Koko is buffeted by the hail!</small><br></div><div class="battle-history"><small>Heatran is buffeted by the hail!</small><br></div><div class="spacer battle-history"><br></div><h2 class="battle-history">Turn 16</h2><div class="spacer battle-history"><br></div><div class="battle-history">Heatran, come back!<br></div><div class="battle-history">Go! <strong>Umbreon</strong>!<br></div><div class="battle-history"><small>Pointed stones dug into Umbreon!</small><br></div><div class="spacer battle-history"><br></div><div class="battle-history">The opposing Tapu Koko used <strong>Thunderbolt</strong>!<br></div><div class="battle-history"><small>A critical hit!</small><br></div><div class="battle-history"><small>(Umbreon lost <abbr title="−247/394">62.7%</abbr> of its health!)</small><br></div><div class="battle-history"><small>The opposing Tapu Koko lost some of its HP!</small><br></div><div class="spacer battle-history"><br></div><div class="battle-history"><small>The hail is crashing down.</small><br></div><div class="battle-history"><small>The opposing Tapu Koko is buffeted by the hail!</small><br></div><div class="battle-history"><small>Umbreon is buffeted by the hail!</small><br></div><div class="battle-history"><small>Umbreon restored a little HP using its Leftovers!</small><br></div><div class="spacer battle-history"><br></div><h2 class="battle-history">Turn 17</h2><div class="spacer battle-history"><br></div><div class="battle-history">Umbreon used <strong>Protect</strong>!<br></div><div class="battle-history"><small>Umbreon protected itself!</small><br></div><div class="spacer battle-history"><br></div><div class="battle-history">The opposing Tapu Koko used <strong>Dazzling Gleam</strong>!<br></div><div class="battle-history"><small>Umbreon protected itself!</small><br></div><div class="spacer battle-history"><br></div><div class="battle-history"><small>The hail is crashing down.</small><br></div><div class="battle-history"><small>The opposing Tapu Koko is buffeted by the hail!</small><br></div><div class="battle-history"><small>Umbreon is buffeted by the hail!</small><br></div><div class="battle-history"><small>Umbreon restored a little HP using its Leftovers!</small><br></div><div class="spacer battle-history"><br></div><h2 class="battle-history">Turn 18</h2><div class="spacer battle-history"><br></div><div class="battle-history">The opposing Tapu Koko used <strong>Volt Switch</strong>!<br></div><div class="battle-history"><small>(Umbreon lost <abbr title="−98/394">24.9%</abbr> of its health!)</small><br></div><div class="battle-history"><small>The opposing Tapu Koko lost some of its HP!</small><br></div><div class="spacer battle-history"><br></div><div class="battle-history">Umbreon fainted!<br></div><div class="spacer battle-history"><br></div><div class="battle-history">The opposing Tapu Koko went back to drkgalaxy!<br></div><div class="battle-history">drkgalaxy sent out Ninetales (<strong>Ninetales-Alola</strong>)!<br></div><div class="battle-history"><small>Pointed stones dug into the opposing Ninetales!</small><br></div><div class="spacer battle-history"><br></div><div class="battle-history"><small>The hail stopped.</small><br></div><div class="spacer battle-history"><br></div><div class="battle-history">Go! Audino (<strong>Audino-Mega</strong>)!<br></div><div class="battle-history"><small>Pointed stones dug into Audino!</small><br></div><div class="spacer battle-history"><br></div><h2 class="battle-history">Turn 19</h2><div class="spacer battle-history"><br></div><div class="battle-history">The opposing Ninetales used <strong>Hypnosis</strong>!<br></div><div class="battle-history"><small>Audino surrounds itself with electrified terrain!</small><br></div><div class="spacer battle-history"><br></div><div class="battle-history">Audino used <strong>Wish</strong>!<br></div><div class="spacer battle-history"><br></div><div class="battle-history"><small>The electricity disappeared from the battlefield.</small><br></div><div class="spacer battle-history"><br></div><h2 class="battle-history">Turn 20</h2><div class="chat chatmessage-drkgalaxy"><strong style="color:hsl(173,71%,38.666666666666664%)"><small>☆</small><span class="username" data-name="drkgalaxy">drkgalaxy</span>:</strong> <em>jajajja</em></div><div class="chat chatmessage-drkgalaxy"><strong style="color:hsl(173,71%,38.666666666666664%)"><small>☆</small><span class="username" data-name="drkgalaxy">drkgalaxy</span>:</strong> <em>el campo</em></div><div class="chat chatmessage-drkgalaxy"><strong style="color:hsl(173,71%,38.666666666666664%)"><small>☆</small><span class="username" data-name="drkgalaxy">drkgalaxy</span>:</strong> <em>xd</em></div><div class="chat chatmessage-grardway"><strong style="color:hsl(23,56%,44%)"><small>☆</small><span class="username" data-name="Gеrard Way">Gеrard Way</span>:</strong> <em>Lmao</em></div><div class="chat chatmessage-grardway"><strong style="color:hsl(23,56%,44%)"><small>☆</small><span class="username" data-name="Gеrard Way">Gеrard Way</span>:</strong> <em>jajajaja</em></div><div class="spacer battle-history"><br></div><div class="battle-history">Audino used <strong>Protect</strong>!<br></div><div class="battle-history"><small>Audino protected itself!</small><br></div><div class="spacer battle-history"><br></div><div class="battle-history">The opposing Ninetales used <strong>Freeze-Dry</strong>!<br></div><div class="battle-history"><small>Audino protected itself!</small><br></div><div class="spacer battle-history"><br></div><div class="battle-history"><small>Audino's wish came true!</small><br></div><div class="spacer battle-history"><br></div><h2 class="battle-history">Turn 21</h2><div class="spacer battle-history"><br></div><div class="battle-history">The opposing Ninetales used <strong>Hail</strong>!<br></div><div class="battle-history"><small>It started to hail!</small><br></div><div class="spacer battle-history"><br></div><div class="battle-history">Audino used <strong>Wish</strong>!<br></div><div class="spacer battle-history"><br></div><div class="battle-history"><small>The hail is crashing down.</small><br></div><div class="battle-history"><small>Audino is buffeted by the hail!</small><br></div><div class="battle-history"><small>The opposing team's Aurora Veil wore off!</small><br></div><div class="spacer battle-history"><br></div><h2 class="battle-history">Turn 22</h2><div class="spacer battle-history"><br></div><div class="battle-history">The opposing Ninetales used <strong>Aurora Veil</strong>!<br></div><div class="battle-history"><small>Aurora Veil made the opposing team stronger against physical and special moves!</small><br></div><div class="spacer battle-history"><br></div><div class="battle-history">Audino used <strong>Flamethrower</strong>!<br></div><div class="battle-history"><small>It's super effective!</small><br></div><div class="battle-history"><small>(The opposing Ninetales lost <abbr title="−63/349">18.1%</abbr> of its health!)</small><br></div><div class="spacer battle-history"><br></div><div class="battle-history"><small>The hail is crashing down.</small><br></div><div class="battle-history"><small>Audino is buffeted by the hail!</small><br></div><div class="battle-history"><small>Audino's wish came true!</small><br></div><div class="spacer battle-history"><br></div><h2 class="battle-history">Turn 23</h2><div class="spacer battle-history"><br></div><div class="battle-history">The opposing Ninetales used <strong>Hypnosis</strong>!<br></div><div class="battle-history"><small>Audino fell asleep!</small><br></div><div class="spacer battle-history"><br></div><div class="battle-history">Audino is fast asleep.<br></div><div class="spacer battle-history"><br></div><div class="battle-history"><small>The hail is crashing down.</small><br></div><div class="battle-history"><small>Audino is buffeted by the hail!</small><br></div><div class="spacer battle-history"><br></div><h2 class="battle-history">Turn 24</h2><div class="spacer battle-history"><br></div><div class="battle-history">drkgalaxy withdrew Ninetales!<br></div><div class="battle-history">drkgalaxy sent out <strong>Hawlucha</strong>!<br></div><div class="battle-history"><small>Pointed stones dug into the opposing Hawlucha!</small><br></div><div class="battle-history"><small>Audino woke up!</small><br></div><div class="spacer battle-history"><br></div><div class="battle-history">Audino used <strong>Dazzling Gleam</strong>!<br></div><div class="battle-history"><small>It's super effective!</small><br></div><div class="battle-history"><small>(The opposing Hawlucha lost <abbr title="−114/323">35.3%</abbr> of its health!)</small><br></div><div class="spacer battle-history"><br></div><div class="battle-history"><small>The hail is crashing down.</small><br></div><div class="battle-history"><small>The opposing Hawlucha is buffeted by the hail!</small><br></div><div class="battle-history"><small>Audino is buffeted by the hail!</small><br></div><div class="spacer battle-history"><br></div><h2 class="battle-history">Turn 25</h2><div class="chat chatmessage-drkgalaxy"><strong style="color:hsl(173,71%,38.666666666666664%)"><small>☆</small><span class="username" data-name="drkgalaxy">drkgalaxy</span>:</strong> <em>deos como la cago</em></div><div class="spacer battle-history"><br></div><div class="battle-history">drkgalaxy withdrew Hawlucha!<br></div><div class="battle-history">drkgalaxy sent out Ninetales (<strong>Ninetales-Alola</strong>)!<br></div><div class="battle-history"><small>Pointed stones dug into the opposing Ninetales!</small><br></div><div class="spacer battle-history"><br></div><div class="battle-history">Audino used <strong>Dazzling Gleam</strong>!<br></div><div class="battle-history"><small>(The opposing Ninetales lost <abbr title="−25/349">7.2%</abbr> of its health!)</small><br></div><div class="spacer battle-history"><br></div><div class="battle-history">The opposing Ninetales fainted!<br></div><div class="spacer battle-history"><br></div><div class="battle-history"><small>The hail stopped.</small><br></div><div class="spacer battle-history"><br></div><div class="battle-history">drkgalaxy sent out <strong>Tapu Koko</strong>!<br></div><div class="battle-history"><small>Pointed stones dug into the opposing Tapu Koko!</small><br></div><div class="battle-history"><small>[The opposing Tapu Koko's Electric Surge]</small><br><small>An electric current runs across the battlefield!</small><br></div><div class="spacer battle-history"><br></div><h2 class="battle-history">Turn 26</h2><div class="spacer battle-history"><br></div><div class="battle-history">The opposing Tapu Koko used <strong>Thunderbolt</strong>!<br></div><div class="battle-history"><small>(Audino lost <abbr title="−224/410">54.6%</abbr> of its health!)</small><br></div><div class="battle-history"><small>The opposing Tapu Koko lost some of its HP!</small><br></div><div class="spacer battle-history"><br></div><div class="battle-history">The opposing Tapu Koko fainted!<br></div><div class="battle-history">Audino used <strong>Wish</strong>!<br></div><div class="spacer battle-history"><br></div><div class="battle-history">drkgalaxy sent out <strong>Hawlucha</strong>!<br></div><div class="battle-history"><small>(The opposing Hawlucha used its Electric Seed!)</small><br></div><div class="battle-history"><small>The opposing Hawlucha's Defense rose!</small><br></div><div class="battle-history"><small>Pointed stones dug into the opposing Hawlucha!</small><br></div><div class="spacer battle-history"><br></div><h2 class="battle-history">Turn 27</h2><div class="spacer battle-history"><br></div><div class="battle-history">Audino used <strong>Protect</strong>!<br></div><div class="battle-history"><small>Audino protected itself!</small><br></div><div class="spacer battle-history"><br></div><div class="battle-history">The opposing Hawlucha used <strong>Acrobatics</strong>!<br></div><div class="battle-history"><small>Audino protected itself!</small><br></div><div class="spacer battle-history"><br></div><div class="battle-history"><small>Audino's wish came true!</small><br></div><div class="spacer battle-history"><br></div><h2 class="battle-history">Turn 28</h2><div class="spacer battle-history"><br></div><div class="battle-history">The opposing Hawlucha used <strong>High Jump Kick</strong>!<br></div><div class="battle-history"><small>(Audino lost <abbr title="−133/410">32.4%</abbr> of its health!)</small><br></div><div class="spacer battle-history"><br></div><div class="battle-history">Audino used <strong>Dazzling Gleam</strong>!<br></div><div class="battle-history"><small>It's super effective!</small><br></div><div class="battle-history"><small>(The opposing Hawlucha lost <abbr title="−109/323">33.7%</abbr> of its health!)</small><br></div><div class="spacer battle-history"><br></div><div class="battle-history">The opposing Hawlucha fainted!<br></div><div class="spacer battle-history"><br></div><div class="battle-history">drkgalaxy sent out <strong>Magearna</strong>!<br></div><div class="battle-history"><small>Pointed stones dug into the opposing Magearna!</small><br></div><div class="spacer battle-history"><br></div><h2 class="battle-history">Turn 29</h2><div class="chat chatmessage-grardway"><strong style="color:hsl(23,56%,44%)"><small>☆</small><span class="username" data-name="Gеrard Way">Gеrard Way</span>:</strong> <em>Igual ganas</em></div><div class="chat chatmessage-grardway"><strong style="color:hsl(23,56%,44%)"><small>☆</small><span class="username" data-name="Gеrard Way">Gеrard Way</span>:</strong> <em>xd</em></div><div class="chat chatmessage-drkgalaxy"><strong style="color:hsl(173,71%,38.666666666666664%)"><small>☆</small><span class="username" data-name="drkgalaxy">drkgalaxy</span>:</strong> <em>nah</em></div><div class="chat chatmessage-drkgalaxy"><strong style="color:hsl(173,71%,38.666666666666664%)"><small>☆</small><span class="username" data-name="drkgalaxy">drkgalaxy</span>:</strong> <em>xd</em></div><div class="spacer battle-history"><br></div><div class="battle-history">The opposing Magearna used <strong>Shift Gear</strong>!<br></div><div class="battle-history"><small>The opposing Magearna's Speed rose sharply!</small><br></div><div class="battle-history"><small>The opposing Magearna's Attack rose!</small><br></div><div class="spacer battle-history"><br></div><div class="battle-history">Audino used <strong>Wish</strong>!<br></div><div class="spacer battle-history"><br></div><div class="battle-history"><small>The opposing team's Aurora Veil wore off!</small><br></div><div class="spacer battle-history"><br></div><h2 class="battle-history">Turn 30</h2><div class="spacer battle-history"><br></div><div class="battle-history">Audino used <strong>Protect</strong>!<br></div><div class="battle-history"><small>Audino protected itself!</small><br></div><div class="spacer battle-history"><br></div><div class="battle-history">The opposing Magearna used <strong>Thunderbolt</strong>!<br></div><div class="battle-history"><small>Audino protected itself!</small><br></div><div class="spacer battle-history"><br></div><div class="battle-history"><small>Audino's wish came true!</small><br></div><div class="battle-history"><small>The electricity disappeared from the battlefield.</small><br></div><div class="spacer battle-history"><br></div><h2 class="battle-history">Turn 31</h2><div class="spacer battle-history"><br></div><div class="battle-history">The opposing Magearna used <strong>Thunderbolt</strong>!<br></div><div class="battle-history"><small>(Audino lost <abbr title="−86/410">21.0%</abbr> of its health!)</small><br></div><div class="spacer battle-history"><br></div><div class="battle-history">Audino used <strong>Flamethrower</strong>!<br></div><div class="battle-history"><small>It's super effective!</small><br></div><div class="battle-history"><small>(The opposing Magearna lost <abbr title="−108/301">35.9%</abbr> of its health!)</small><br></div><div class="spacer battle-history"><br></div><h2 class="battle-history">Turn 32</h2><div class="chat chatmessage-grardway"><strong style="color:hsl(23,56%,44%)"><small>☆</small><span class="username" data-name="Gеrard Way">Gеrard Way</span>:</strong> <em>Ah</em></div><div class="chat chatmessage-grardway"><strong style="color:hsl(23,56%,44%)"><small>☆</small><span class="username" data-name="Gеrard Way">Gеrard Way</span>:</strong> <em>Pensé que era cm</em></div><div class="spacer battle-history"><br></div><div class="battle-history">The opposing Magearna used <strong>Thunderbolt</strong>!<br></div><div class="battle-history"><small>(Audino lost <abbr title="−90/410">22.0%</abbr> of its health!)</small><br></div><div class="spacer battle-history"><br></div><div class="battle-history">Audino used <strong>Wish</strong>!<br></div><div class="spacer battle-history"><br></div><h2 class="battle-history">Turn 33</h2><div class="spacer battle-history"><br></div><div class="battle-history">The opposing Magearna used <strong>Thunderbolt</strong>!<br></div><div class="battle-history"><small>(Audino lost <abbr title="−89/410">21.7%</abbr> of its health!)</small><br></div><div class="spacer battle-history"><br></div><div class="battle-history">Audino used <strong>Flamethrower</strong>!<br></div><div class="battle-history"><small>It's super effective!</small><br></div><div class="battle-history"><small>(The opposing Magearna lost <abbr title="−108/301">35.9%</abbr> of its health!)</small><br></div><div class="spacer battle-history"><br></div><div class="battle-history"><small>Audino's wish came true!</small><br></div><div class="spacer battle-history"><br></div><h2 class="battle-history">Turn 34</h2><div class="spacer battle-history"><br></div><div class="battle-history">The opposing Magearna used <strong>Thunderbolt</strong>!<br></div><div class="battle-history"><small>(Audino lost <abbr title="−90/410">22.0%</abbr> of its health!)</small><br></div><div class="spacer battle-history"><br></div><div class="battle-history">Audino used <strong>Wish</strong>!<br></div><div class="spacer battle-history"><br></div><h2 class="battle-history">Turn 35</h2><div class="spacer battle-history"><br></div><div class="battle-history">The opposing Magearna used <strong>Thunderbolt</strong>!<br></div><div class="battle-history"><small>(Audino lost <abbr title="−82/410">20%</abbr> of its health!)</small><br></div><div class="spacer battle-history"><br></div><div class="battle-history">Audino used <strong>Flamethrower</strong>!<br></div><div class="battle-history"><small>It's super effective!</small><br></div><div class="battle-history"><small>(The opposing Magearna lost <abbr title="−67/301">22.3%</abbr> of its health!)</small><br></div><div class="spacer battle-history"><br></div><div class="battle-history">The opposing Magearna fainted!<br></div><div class="spacer battle-history"><br></div><div class="battle-history"><strong>Gеrard Way</strong> won the battle!<br></div></div><div class="inner-preempt"></div></div></div>
</div>
<script>
let daily = Math.floor(Date.now()/1000/60/60/24);document.write('<script src="https://play.pokemonshowdown.com/js/replay-embed.js?version'+daily+'"></'+'script>');
</script>
