<!DOCTYPE html>
<meta charset="utf-8" />
<!-- version 1 -->
<title>OU replay: DraconSer vs. Cacoxd</title>
<style>
html,body {font-family:Verdana, sans-serif;font-size:10pt;margin:0;padding:0;}body{padding:12px 0;} .battle-log {font-family:Verdana, sans-serif;font-size:10pt;} .battle-log-inline {border:1px solid #AAAAAA;background:#EEF2F5;color:black;max-width:640px;margin:0 auto 80px;padding-bottom:5px;} .battle-log .inner {padding:4px 8px 0px 8px;} .battle-log .inner-preempt {padding:0 8px 4px 8px;} .battle-log .inner-after {margin-top:0.5em;} .battle-log h2 {margin:0.5em -8px;padding:4px 8px;border:1px solid #AAAAAA;background:#E0E7EA;border-left:0;border-right:0;font-family:Verdana, sans-serif;font-size:13pt;} .battle-log .chat {vertical-align:middle;padding:3px 0 3px 0;font-size:8pt;} .battle-log .chat strong {color:#40576A;} .battle-log .chat em {padding:1px 4px 1px 3px;color:#000000;font-style:normal;} .chat.mine {background:rgba(0,0,0,0.05);margin-left:-8px;margin-right:-8px;padding-left:8px;padding-right:8px;} .spoiler {color:#BBBBBB;background:#BBBBBB;padding:0px 3px;} .spoiler:hover, .spoiler:active, .spoiler-shown {color:#000000;background:#E2E2E2;padding:0px 3px;} .spoiler a {color:#BBBBBB;} .spoiler:hover a, .spoiler:active a, .spoiler-shown a {color:#2288CC;} .chat code, .chat .spoiler:hover code, .chat .spoiler:active code, .chat .spoiler-shown code {border:1px solid #C0C0C0;background:#EEEEEE;color:black;padding:0 2px;} .chat .spoiler code {border:1px solid #CCCCCC;background:#CCCCCC;color:#CCCCCC;} .battle-log .rated {padding:3px 4px;} .battle-log .rated strong {color:white;background:#89A;padding:1px 4px;border-radius:4px;} .spacer {margin-top:0.5em;} .message-announce {background:#6688AA;color:white;padding:1px 4px 2px;} .message-announce a, .broadcast-green a, .broadcast-blue a, .broadcast-red a {color:#DDEEFF;} .broadcast-green {background-color:#559955;color:white;padding:2px 4px;} .broadcast-blue {background-color:#6688AA;color:white;padding:2px 4px;} .infobox {border:1px solid #6688AA;padding:2px 4px;} .infobox-limited {max-height:200px;overflow:auto;overflow-x:hidden;} .broadcast-red {background-color:#AA5544;color:white;padding:2px 4px;} .message-learn-canlearn {font-weight:bold;color:#228822;text-decoration:underline;} .message-learn-cannotlearn {font-weight:bold;color:#CC2222;text-decoration:underline;} .message-effect-weak {font-weight:bold;color:#CC2222;} .message-effect-resist {font-weight:bold;color:#6688AA;} .message-effect-immune {font-weight:bold;color:#666666;} .message-learn-list {margin-top:0;margin-bottom:0;} .message-throttle-notice, .message-error {color:#992222;} .message-overflow, .chat small.message-overflow {font-size:0pt;} .message-overflow::before {font-size:9pt;content:'...';} .subtle {color:#3A4A66;}
</style>
<div class="wrapper replay-wrapper" style="max-width:1180px;margin:0 auto">
<input type="hidden" name="replayid" value="destiny-ou-539198" />
<div class="battle"></div><div class="battle-log"></div><div class="replay-controls"></div><div class="replay-controls-2"></div>
<h1 style="font-weight:normal;text-align:center"><strong>OU</strong><br /><a href="http://pokemonshowdown.com/users/draconser" class="subtle" target="_blank">DraconSer</a> vs. <a href="http://pokemonshowdown.com/users/cacoxd" class="subtle" target="_blank">Cacoxd</a></h1>
<script type="text/plain" class="battle-log-data">|player|p1|DraconSer|1084
|teamsize|p1|6
|player|p2|Cacoxd|1
|teamsize|p2|6
|teamsize|p1|6
|teamsize|p2|6
|gametype|singles
|gen|7
|tier|OU
|rated
|seed|2290,42919,42274,3858
|rule|Cláusula-Mod de Dormir: solo puedes dormir a uno de tus oponentes a la vez.
|rule|Cláusula de Especie: Hasta un Pokémon de cada especie
|rule|Cláusula de Golpe Fulminante: los movimientos fulminantes (OHKO) estan prohibidos
|rule|Cláusula de Veleta: la habilidad Veleta está prohibida
|rule|Cláusula de Movimientos Evasivos: los movimientos de Evasión están prohibidos.
|rule|Cláusula de Batallas Eternas: forzar batallas eternas está prohibido
|clearpoke
|poke|p1|Charizard, F, shiny|item
|poke|p1|Zangoose, F, shiny|item
|poke|p1|Crustle, M, shiny|item
|poke|p1|Crabominable, F, shiny|item
|poke|p1|Electivire, M, shiny|item
|poke|p1|Absol, M, shiny|item
|poke|p2|Pelipper, M|item
|poke|p2|Swampert, M|item
|poke|p2|Tapu Koko, shiny|item
|poke|p2|Hawlucha, M, shiny|item
|poke|p2|Ferrothorn, M|item
|poke|p2|Kingdra, F|item
|teampreview|undefined
|inactive|Reloj de batalla ENCENDIDO. El jugador inactivo será descalificado (solicitado por Cacoxd).
|choice|*|*team 123456
|choice|*team 213456|*
|choice|team 2, 1, 3, 4, 5, 6|team 1, 2, 3, 4, 5, 6
|
|start
|switch|p1a: Zangoose|Zangoose, F, shiny|287\/287
|switch|p2a: Pelipper|Pelipper, M|324\/324
|-weather|RainDance|[from] ability: Drizzle|[of] p2a: Pelipper
|turn|1
|choice|*move 4|*
|choice|*|*move 1
|choice|move protect|move scald
|
|move|p1a: Zangoose|Protect|p1a: Zangoose
|-singleturn|p1a: Zangoose|Protect
|move|p2a: Pelipper|Scald|p1a: Zangoose
|-activate|p1a: Zangoose|move: Protect
|
|-weather|RainDance|[upkeep]
|-status|p1a: Zangoose|tox|[from] item: Toxic Orb
|upkeep
|turn|2
|choice|*|*move 1
|choice|*move 2|*
|choice|move knockoff|move scald
|
|move|p1a: Zangoose|Knock Off|p2a: Pelipper
|-crit|p2a: Pelipper
|-damage|p2a: Pelipper|145\/324
|-enditem|p2a: Pelipper|Damp Rock|[from] move: Knock Off|[of] p1a: Zangoose
|move|p2a: Pelipper|Scald|p1a: Zangoose
|-damage|p1a: Zangoose|95\/287 tox
|
|-weather|RainDance|[upkeep]
|-damage|p1a: Zangoose|78\/287 tox|[from] psn
|upkeep
|turn|3
|choice|*move 3|*
|choice|*|*move 1
|choice|move shadowclaw|move scald
|
|move|p1a: Zangoose|Shadow Claw|p2a: Pelipper
|-crit|p2a: Pelipper
|-damage|p2a: Pelipper|23\/324
|move|p2a: Pelipper|Scald|p1a: Zangoose
|-damage|p1a: Zangoose|0 fnt
|faint|p1a: Zangoose
|
|-weather|RainDance|[upkeep]
|upkeep
|choice|*switch 3|*
|choice|switch 3|
|
|switch|p1a: Crustle|Crustle, M, shiny|281\/281
|turn|4
|choice|*|*move 1
|choice|*move 2|*
|choice|move xscissor|move scald
|
|move|p1a: Crustle|X-Scissor|p2a: Pelipper
|-resisted|p2a: Pelipper
|-damage|p2a: Pelipper|0 fnt
|faint|p2a: Pelipper
|
|-weather|RainDance|[upkeep]
|upkeep
|inactive|Cacoxd tiene 135 segundos restantes.
|inactive|Cacoxd tiene 120 segundos restantes.
|inactive|Cacoxd tiene 105 segundos restantes.
|inactive|Cacoxd tiene 90 segundos restantes.
|inactive|Cacoxd tiene 75 segundos restantes.
|inactive|Cacoxd tiene 60 segundos restantes.
|inactive|Cacoxd tiene 45 segundos restantes.
|inactive|Cacoxd tiene 30 segundos restantes.
|inactive|Cacoxd tiene 20 segundos restantes.
|inactive|Cacoxd tiene 15 segundos restantes.
|inactive|Cacoxd tiene 10 segundos restantes.
|inactive|Cacoxd tiene 5 segundos restantes.
|-message|Cacoxd perdió por inactividad.
|
|win|DraconSer
DraconSer ha ganado 10.5 PokeDolares.
|raw|Puntaje de DraconSer: 1070 &rarr; <strong>1116<\/strong><br \/>(+46 por ganar)
|raw|Puntaje de Cacoxd: 1144 &rarr; <strong>1121<\/strong><br \/>(-23 por perder)
</script>
</div>
<div class="battle-log battle-log-inline"><div class="inner"><div class="battle-options"></div><div class="inner"><div class=""><small>Format:</small> <br><strong>OU</strong></div><div class="rated"><strong>Rated battle</strong></div><div class=""><small><em>Cláusula-Mod de Dormir:</em> solo puedes dormir a uno de tus oponentes a la vez.</small></div><div class=""><small><em>Cláusula de Especie:</em> Hasta un Pokémon de cada especie</small></div><div class=""><small><em>Cláusula de Golpe Fulminante:</em> los movimientos fulminantes (OHKO) estan prohibidos</small></div><div class=""><small><em>Cláusula de Veleta:</em> la habilidad Veleta está prohibida</small></div><div class=""><small><em>Cláusula de Movimientos Evasivos:</em> los movimientos de Evasión están prohibidos.</small></div><div class=""><small><em>Cláusula de Batallas Eternas:</em> forzar batallas eternas está prohibido</small></div><div class="chat battle-history"><strong>DraconSer's team:</strong> <em style="color:#445566;display:block;">Charizard / Zangoose / Crustle / Crabominable / Electivire / Absol</em></div><div class="chat battle-history"><strong>Cacoxd's team:</strong> <em style="color:#445566;display:block;">Pelipper / Swampert / Tapu Koko / Hawlucha / Ferrothorn / Kingdra</em></div><div class="chat message-error">Reloj de batalla ENCENDIDO. El jugador inactivo será descalificado (solicitado por Cacoxd).</div><div class="spacer battle-history"><br></div><div class="battle-history">Battle started between DraconSer and Cacoxd!<br></div><div class="spacer battle-history"><br></div><div class="battle-history">Go! <strong>Zangoose</strong>!<br></div><div class="spacer battle-history"><br></div><div class="battle-history">Cacoxd sent out <strong>Pelipper</strong>!<br></div><div class="battle-history"><small>[The opposing Pelipper's Drizzle]</small><br><small>It started to rain!</small><br></div><div class="spacer battle-history"><br></div><h2 class="battle-history">Turn 1</h2><div class="spacer battle-history"><br></div><div class="battle-history">Zangoose used <strong>Protect</strong>!<br></div><div class="battle-history"><small>Zangoose protected itself!</small><br></div><div class="spacer battle-history"><br></div><div class="battle-history">The opposing Pelipper used <strong>Scald</strong>!<br></div><div class="battle-history"><small>Zangoose protected itself!</small><br></div><div class="spacer battle-history"><br></div><div class="battle-history"><small>(Rain continues to fall!)</small><br></div><div class="battle-history"><small>Zangoose was badly poisoned!</small><br></div><div class="spacer battle-history"><br></div><h2 class="battle-history">Turn 2</h2><div class="spacer battle-history"><br></div><div class="battle-history">Zangoose used <strong>Knock Off</strong>!<br></div><div class="battle-history"><small>A critical hit!</small><br></div><div class="battle-history"><small>(The opposing Pelipper lost <abbr title="−179/324">55.2%</abbr> of its health!)</small><br></div><div class="battle-history"><small>Zangoose knocked off the opposing Pelipper's Damp Rock!</small><br></div><div class="spacer battle-history"><br></div><div class="battle-history">The opposing Pelipper used <strong>Scald</strong>!<br></div><div class="battle-history"><small>(Zangoose lost <abbr title="−192/287">66.9%</abbr> of its health!)</small><br></div><div class="spacer battle-history"><br></div><div class="battle-history"><small>(Rain continues to fall!)</small><br></div><div class="battle-history"><small>Zangoose was hurt by poison!</small><br></div><div class="spacer battle-history"><br></div><h2 class="battle-history">Turn 3</h2><div class="spacer battle-history"><br></div><div class="battle-history">Zangoose used <strong>Shadow Claw</strong>!<br></div><div class="battle-history"><small>A critical hit!</small><br></div><div class="battle-history"><small>(The opposing Pelipper lost <abbr title="−122/324">37.7%</abbr> of its health!)</small><br></div><div class="spacer battle-history"><br></div><div class="battle-history">The opposing Pelipper used <strong>Scald</strong>!<br></div><div class="battle-history"><small>(Zangoose lost <abbr title="−78/287">27.2%</abbr> of its health!)</small><br></div><div class="spacer battle-history"><br></div><div class="battle-history">Zangoose fainted!<br></div><div class="spacer battle-history"><br></div><div class="battle-history"><small>(Rain continues to fall!)</small><br></div><div class="spacer battle-history"><br></div><div class="battle-history">Go! <strong>Crustle</strong>!<br></div><div class="spacer battle-history"><br></div><h2 class="battle-history">Turn 4</h2><div class="spacer battle-history"><br></div><div class="battle-history">Crustle used <strong>X-Scissor</strong>!<br></div><div class="battle-history"><small>It's not very effective...</small><br></div><div class="battle-history"><small>(The opposing Pelipper lost <abbr title="−23/324">7.1%</abbr> of its health!)</small><br></div><div class="spacer battle-history"><br></div><div class="battle-history">The opposing Pelipper fainted!<br></div><div class="spacer battle-history"><br></div><div class="battle-history"><small>(Rain continues to fall!)</small><br></div><div class="chat message-error">Cacoxd tiene 135 segundos restantes.</div><div class="chat message-error">Cacoxd tiene 120 segundos restantes.</div><div class="chat message-error">Cacoxd tiene 105 segundos restantes.</div><div class="chat message-error">Cacoxd tiene 90 segundos restantes.</div><div class="chat message-error">Cacoxd tiene 75 segundos restantes.</div><div class="chat message-error">Cacoxd tiene 60 segundos restantes.</div><div class="chat message-error">Cacoxd tiene 45 segundos restantes.</div><div class="chat message-error">Cacoxd tiene 30 segundos restantes.</div><div class="chat message-error">Cacoxd tiene 20 segundos restantes.</div><div class="chat message-error">Cacoxd tiene 15 segundos restantes.</div><div class="chat message-error">Cacoxd tiene 10 segundos restantes.</div><div class="chat message-error">Cacoxd tiene 5 segundos restantes.</div><div class="spacer battle-history"><br></div><div class="battle-history"><small>Cacoxd perdió por inactividad.</small><br></div><div class="spacer battle-history"><br></div><div class="battle-history"><strong>DraconSer</strong> won the battle!<br></div><div class="chat">DraconSer ha ganado 10.5 PokeDolares.</div><div class="chat">Puntaje de DraconSer: 1070 → <strong>1116</strong><br>(+46 por ganar)</div><div class="chat">Puntaje de Cacoxd: 1144 → <strong>1121</strong><br>(-23 por perder)</div></div><div class="inner-preempt"></div></div></div>
</div>
<script>
let daily = Math.floor(Date.now()/1000/60/60/24);document.write('<script src="https://play.pokemonshowdown.com/js/replay-embed.js?version'+daily+'"></'+'script>');
</script>
