<!DOCTYPE html>
<meta charset="utf-8" />
<!-- version 1 -->
<title>OU replay: Uzinery-SC vs. RayParK_</title>
<style>
html,body {font-family:Verdana, sans-serif;font-size:10pt;margin:0;padding:0;}body{padding:12px 0;} .battle-log {font-family:Verdana, sans-serif;font-size:10pt;} .battle-log-inline {border:1px solid #AAAAAA;background:#EEF2F5;color:black;max-width:640px;margin:0 auto 80px;padding-bottom:5px;} .battle-log .inner {padding:4px 8px 0px 8px;} .battle-log .inner-preempt {padding:0 8px 4px 8px;} .battle-log .inner-after {margin-top:0.5em;} .battle-log h2 {margin:0.5em -8px;padding:4px 8px;border:1px solid #AAAAAA;background:#E0E7EA;border-left:0;border-right:0;font-family:Verdana, sans-serif;font-size:13pt;} .battle-log .chat {vertical-align:middle;padding:3px 0 3px 0;font-size:8pt;} .battle-log .chat strong {color:#40576A;} .battle-log .chat em {padding:1px 4px 1px 3px;color:#000000;font-style:normal;} .chat.mine {background:rgba(0,0,0,0.05);margin-left:-8px;margin-right:-8px;padding-left:8px;padding-right:8px;} .spoiler {color:#BBBBBB;background:#BBBBBB;padding:0px 3px;} .spoiler:hover, .spoiler:active, .spoiler-shown {color:#000000;background:#E2E2E2;padding:0px 3px;} .spoiler a {color:#BBBBBB;} .spoiler:hover a, .spoiler:active a, .spoiler-shown a {color:#2288CC;} .chat code, .chat .spoiler:hover code, .chat .spoiler:active code, .chat .spoiler-shown code {border:1px solid #C0C0C0;background:#EEEEEE;color:black;padding:0 2px;} .chat .spoiler code {border:1px solid #CCCCCC;background:#CCCCCC;color:#CCCCCC;} .battle-log .rated {padding:3px 4px;} .battle-log .rated strong {color:white;background:#89A;padding:1px 4px;border-radius:4px;} .spacer {margin-top:0.5em;} .message-announce {background:#6688AA;color:white;padding:1px 4px 2px;} .message-announce a, .broadcast-green a, .broadcast-blue a, .broadcast-red a {color:#DDEEFF;} .broadcast-green {background-color:#559955;color:white;padding:2px 4px;} .broadcast-blue {background-color:#6688AA;color:white;padding:2px 4px;} .infobox {border:1px solid #6688AA;padding:2px 4px;} .infobox-limited {max-height:200px;overflow:auto;overflow-x:hidden;} .broadcast-red {background-color:#AA5544;color:white;padding:2px 4px;} .message-learn-canlearn {font-weight:bold;color:#228822;text-decoration:underline;} .message-learn-cannotlearn {font-weight:bold;color:#CC2222;text-decoration:underline;} .message-effect-weak {font-weight:bold;color:#CC2222;} .message-effect-resist {font-weight:bold;color:#6688AA;} .message-effect-immune {font-weight:bold;color:#666666;} .message-learn-list {margin-top:0;margin-bottom:0;} .message-throttle-notice, .message-error {color:#992222;} .message-overflow, .chat small.message-overflow {font-size:0pt;} .message-overflow::before {font-size:9pt;content:'...';} .subtle {color:#3A4A66;}
</style>
<div class="wrapper replay-wrapper" style="max-width:1180px;margin:0 auto">
<input type="hidden" name="replayid" value="destiny-ou-414244" />
<div class="battle"></div><div class="battle-log"></div><div class="replay-controls"></div><div class="replay-controls-2"></div>
<h1 style="font-weight:normal;text-align:center"><strong>OU</strong><br /><a href="http://pokemonshowdown.com/users/uzinerysc" class="subtle" target="_blank">Uzinery-SC</a> vs. <a href="http://pokemonshowdown.com/users/raypark" class="subtle" target="_blank">RayParK_</a></h1>
<script type="text/plain" class="battle-log-data">|player|p1|Uzinery-SC|uzinerysc-2.gif?4e856704
|teamsize|p1|6
|player|p2|RayParK_|101
|teamsize|p2|6
|teamsize|p1|6
|teamsize|p2|6
|gametype|singles
|gen|7
|tier|OU
|rated
|seed|54320,43887,1373,3069
|rule|Cláusula-Mod de Dormir: solo puedes dormir a uno de tus oponentes a la vez.
|rule|Cláusula de Especie: Hasta un Pokémon de cada especie
|rule|Cláusula de Golpe Fulminante: los movimientos fulminantes (OHKO) estan prohibidos
|rule|Cláusula de Veleta: la habilidad Veleta está prohibida
|rule|Cláusula de Movimientos Evasivos: los movimientos de Evasión están prohibidos.
|rule|Cláusula de Batallas Eternas: forzar batallas eternas está prohibido
|clearpoke
|poke|p1|Lopunny, F|item
|poke|p1|Tyranitar, M|item
|poke|p1|Ferrothorn, F|item
|poke|p1|Landorus-Therian, M|item
|poke|p1|Toxapex, F|item
|poke|p1|Tapu Lele|item
|poke|p2|Alakazam, M, shiny|item
|poke|p2|Greninja, M|item
|poke|p2|Landorus-Therian, M|item
|poke|p2|Kartana|item
|poke|p2|Chansey, F|item
|poke|p2|Tapu Lele|item
|teampreview|undefined
|choice|*|*team 321456
|inactive|Reloj de batalla ENCENDIDO. El jugador inactivo será descalificado (solicitado por RayParK_).
|inactive|Uzinery-SC tiene 135 segundos restantes.
|inactive|Uzinery-SC tiene 120 segundos restantes.
|choice|*team 623451|*
|choice|team 6, 2, 3, 4, 5, 1|team 3, 2, 1, 4, 5, 6
|
|start
|switch|p1a: Tapu Lele|Tapu Lele|292\/292
|switch|p2a: Landorus|Landorus-Therian, M|382\/382
|-fieldstart|move: Psychic Terrain|[from] ability: Psychic Surge|[of] p1a: Tapu Lele
|-ability|p2a: Landorus|Intimidate|boost
|-unboost|p1a: Tapu Lele|atk|1
|turn|1
|choice|*switch 3|*
|choice|*|*switch 5
|choice|switch 3|switch 5
|
|switch|p1a: Ferrothorn|Ferrothorn, F|352\/352
|switch|p2a: Chansey|Chansey, F|704\/704
|
|upkeep
|turn|2
|choice|*move 3|*
|choice|*|*move 1
|choice|move stealthrock|move stealthrock
|
|move|p2a: Chansey|Stealth Rock|p1a: Ferrothorn
|-sidestart|p1: Uzinery-SC|move: Stealth Rock
|move|p1a: Ferrothorn|Stealth Rock|p2a: Chansey
|-sidestart|p2: RayParK_|move: Stealth Rock
|
|upkeep
|turn|3
|choice|*move 1|*
|choice|*|*switch 4
|choice|move spikes|switch 4
|
|switch|p2a: Kartana|Kartana|260\/260
|-damage|p2a: Kartana|244\/260|[from] Stealth Rock
|move|p1a: Ferrothorn|Spikes|p2a: Kartana
|-sidestart|p2: RayParK_|Spikes
|
|upkeep
|turn|4
|choice|*move 1|*
|choice|*|*move 1
|choice|move spikes|move swordsdance
|
|move|p2a: Kartana|Swords Dance|p2a: Kartana
|-boost|p2a: Kartana|atk|2
|move|p1a: Ferrothorn|Spikes|p2a: Kartana
|-sidestart|p2: RayParK_|Spikes
|
|upkeep
|turn|5
|choice|*|*move 4
|choice|*switch 5|*
|choice|switch 5|move leafblade
|
|switch|p1a: Toxapex|Toxapex, F|304\/304
|-damage|p1a: Toxapex|266\/304|[from] Stealth Rock
|move|p2a: Kartana|Leaf Blade|p1a: Toxapex
|-damage|p1a: Toxapex|11\/304
|
|-heal|p1a: Toxapex|30\/304|[from] item: Black Sludge
|-fieldend|move: Psychic Terrain
|upkeep
|turn|6
|choice|*move 4|*
|choice|*|*move 2
|choice|move haze|move sacredsword
|
|move|p2a: Kartana|Sacred Sword|p1a: Toxapex
|-resisted|p1a: Toxapex
|-damage|p1a: Toxapex|0 fnt
|faint|p1a: Toxapex
|-ability|p2a: Kartana|Beast Boost|boost
|-boost|p2a: Kartana|atk|1
|
|upkeep
|choice|*switch 6|*
|choice|switch 6|
|
|switch|p1a: Lopunny|Lopunny, F|271\/271
|-damage|p1a: Lopunny|238\/271|[from] Stealth Rock
|turn|7
|choice|*move 3 mega|*
|choice|*|*switch 5
|choice|move highjumpkick mega|switch 5
|
|switch|p2a: Landorus|Landorus-Therian, M|382\/382
|-damage|p2a: Landorus|335\/382|[from] Stealth Rock
|-ability|p2a: Landorus|Intimidate|boost
|-unboost|p1a: Lopunny|atk|1
|-mega|p1a: Lopunny|Lopunny|Lopunnite
|detailschange|p1a: Lopunny|Lopunny-Mega, F
|move|p1a: Lopunny|High Jump Kick|p2a: Landorus
|-resisted|p2a: Landorus
|-damage|p2a: Landorus|269\/382
|-damage|p1a: Lopunny|193\/271|[from] item: Rocky Helmet|[of] p2a: Landorus
|
|upkeep
|turn|8
|choice|*switch 5|*
|choice|*|*move 4
|choice|switch 5|move earthquake
|
|switch|p1a: Ferrothorn|Ferrothorn, F|352\/352
|-damage|p1a: Ferrothorn|330\/352|[from] Stealth Rock
|move|p2a: Landorus|Earthquake|p1a: Ferrothorn
|-damage|p1a: Ferrothorn|230\/352
|
|-heal|p1a: Ferrothorn|252\/352|[from] item: Leftovers
|upkeep
|turn|9
|choice|*move 1|*
|choice|*|*move 2
|choice|move spikes|move defog
|
|move|p2a: Landorus|Defog|p1a: Ferrothorn
|-unboost|p1a: Ferrothorn|evasion|1
|-sideend|p1: Uzinery-SC|Stealth Rock|[from] move: Defog|[of] p1a: Ferrothorn
|-sideend|p2: RayParK_|Spikes|[from] move: Defog|[of] p2a: Landorus
|-sideend|p2: RayParK_|Stealth Rock|[from] move: Defog|[of] p2a: Landorus
|move|p1a: Ferrothorn|Spikes|p2a: Landorus
|-sidestart|p2: RayParK_|Spikes
|
|-heal|p1a: Ferrothorn|274\/352|[from] item: Leftovers
|upkeep
|turn|10
|choice|*move 3|*
|choice|*|*move 2
|choice|move stealthrock|move defog
|
|move|p2a: Landorus|Defog|p1a: Ferrothorn
|-unboost|p1a: Ferrothorn|evasion|1
|-sideend|p2: RayParK_|Spikes|[from] move: Defog|[of] p2a: Landorus
|move|p1a: Ferrothorn|Stealth Rock|p2a: Landorus
|-sidestart|p2: RayParK_|move: Stealth Rock
|
|-heal|p1a: Ferrothorn|296\/352|[from] item: Leftovers
|upkeep
|turn|11
|choice|*move 1|*
|choice|*|*move 2
|choice|move spikes|move defog
|
|move|p2a: Landorus|Defog|p1a: Ferrothorn
|-unboost|p1a: Ferrothorn|evasion|1
|-sideend|p2: RayParK_|Stealth Rock|[from] move: Defog|[of] p2a: Landorus
|move|p1a: Ferrothorn|Spikes|p2a: Landorus
|-sidestart|p2: RayParK_|Spikes
|
|-heal|p1a: Ferrothorn|318\/352|[from] item: Leftovers
|upkeep
|turn|12
|choice|*move 2|*
|choice|*|*switch 5
|choice|move leechseed|switch 5
|
|switch|p2a: Kartana|Kartana|244\/260
|-damage|p2a: Kartana|212\/260|[from] Spikes
|move|p1a: Ferrothorn|Leech Seed|p2a: Kartana
|-immune|p2a: Kartana|[msg]
|
|-heal|p1a: Ferrothorn|340\/352|[from] item: Leftovers
|upkeep
|turn|13
|choice|*switch 5|*
|choice|*switch 4|*
|choice|*|*move 1
|choice|switch 4|move swordsdance
|
|switch|p1a: Landorus|Landorus-Therian, M|325\/325
|-ability|p1a: Landorus|Intimidate|boost
|-unboost|p2a: Kartana|atk|1
|move|p2a: Kartana|Swords Dance|p2a: Kartana
|-boost|p2a: Kartana|atk|2
|
|upkeep
|turn|14
|choice|*move 1|*
|choice|*move 2|*
|choice|*|*move 4
|choice|move uturn|move leafblade
|
|move|p1a: Landorus|U-turn|p2a: Kartana
|-damage|p2a: Kartana|143\/260
|choice|*switch 4|*
|choice|switch 4|
|
|switch|p1a: Ferrothorn|Ferrothorn, F|340\/352|[from]move: U-turn
|move|p2a: Kartana|Leaf Blade|p1a: Ferrothorn
|-resisted|p1a: Ferrothorn
|-crit|p1a: Ferrothorn
|-damage|p1a: Ferrothorn|263\/352
|-damage|p2a: Kartana|111\/260|[from] ability: Iron Barbs|[of] p1a: Ferrothorn
|
|-heal|p1a: Ferrothorn|285\/352|[from] item: Leftovers
|upkeep
|turn|15
|choice|*move 1|*
|choice|*move 3|*
|choice|*|*move 1
|choice|move stealthrock|move swordsdance
|
|move|p2a: Kartana|Swords Dance|p2a: Kartana
|-boost|p2a: Kartana|atk|2
|move|p1a: Ferrothorn|Stealth Rock|p2a: Kartana
|-sidestart|p2: RayParK_|move: Stealth Rock
|
|-heal|p1a: Ferrothorn|307\/352|[from] item: Leftovers
|upkeep
|turn|16
|choice|*move 1|*
|choice|*|*move 2
|choice|move spikes|move sacredsword
|
|move|p2a: Kartana|Sacred Sword|p1a: Ferrothorn
|-supereffective|p1a: Ferrothorn
|-damage|p1a: Ferrothorn|0 fnt
|-damage|p2a: Kartana|79\/260|[from] ability: Iron Barbs|[of] p1a: Ferrothorn
|faint|p1a: Ferrothorn
|-ability|p2a: Kartana|Beast Boost|boost
|-boost|p2a: Kartana|atk|1
|
|upkeep
|choice|*switch 5|*
|choice|switch 5|
|
|switch|p1a: Lopunny|Lopunny-Mega, F|193\/271
|turn|17
|choice|*move 4|*
|choice|*move 3|*
|inactive|RayParK_ tiene 135 segundos restantes.
|inactive|RayParK_ tiene 120 segundos restantes.
|choice|*|*switch 4
|choice|move highjumpkick|switch 4
|
|switch|p2a: Chansey|Chansey, F|704\/704
|-damage|p2a: Chansey|616\/704|[from] Spikes
|-damage|p2a: Chansey|528\/704|[from] Stealth Rock
|move|p1a: Lopunny|High Jump Kick|p2a: Chansey
|-supereffective|p2a: Chansey
|-damage|p2a: Chansey|0 fnt
|faint|p2a: Chansey
|
|upkeep
|choice|*|*switch 3
|choice||switch 3
|
|switch|p2a: Alakazam|Alakazam, M, shiny|251\/251
|turn|18
|choice|*switch 2|*
|choice|*|*move 3 mega
|choice|switch 2|move focusblast mega
|
|switch|p1a: Tyranitar|Tyranitar, M|353\/353
|-weather|Sandstorm|[from] ability: Sand Stream|[of] p1a: Tyranitar
|-mega|p2a: Alakazam|Alakazam|Alakazite
|detailschange|p2a: Alakazam|Alakazam-Mega, M, shiny
|-ability|p2a: Alakazam|Sand Stream|[from] ability: Trace|[of] p1a: Tyranitar
|move|p2a: Alakazam|Focus Blast|p1a: Tyranitar|[miss]
|-miss|p2a: Alakazam|p1a: Tyranitar
|
|-weather|Sandstorm|[upkeep]
|-damage|p2a: Alakazam|236\/251|[from] sandstorm
|upkeep
|turn|19
|choice|*move 1|*
|choice|*|*move 3
|choice|move crunch|move focusblast
|
|move|p2a: Alakazam|Focus Blast|p1a: Tyranitar|[miss]
|-miss|p2a: Alakazam|p1a: Tyranitar
|move|p1a: Tyranitar|Crunch|p2a: Alakazam
|-supereffective|p2a: Alakazam
|-damage|p2a: Alakazam|0 fnt
|faint|p2a: Alakazam
|
|-weather|Sandstorm|[upkeep]
|upkeep
|choice|*|*switch 4
|choice||switch 4
|
|switch|p2a: Kartana|Kartana|79\/260
|-damage|p2a: Kartana|47\/260|[from] Spikes
|-damage|p2a: Kartana|31\/260|[from] Stealth Rock
|turn|20
|choice|*move 1|*
|choice|*|*move 4
|choice|move crunch|move leafblade
|
|move|p2a: Kartana|Leaf Blade|p1a: Tyranitar
|-supereffective|p1a: Tyranitar
|-damage|p1a: Tyranitar|0 fnt
|faint|p1a: Tyranitar
|-ability|p2a: Kartana|Beast Boost|boost
|-boost|p2a: Kartana|atk|1
|
|-weather|Sandstorm|[upkeep]
|upkeep
|choice|*switch 4|*
|choice|switch 4|
|
|switch|p1a: Landorus|Landorus-Therian, M|325\/325
|-ability|p1a: Landorus|Intimidate|boost
|-unboost|p2a: Kartana|atk|1
|turn|21
|choice|*move 2|*
|choice|*|*move 4
|choice|move uturn|move leafblade
|
|move|p1a: Landorus|U-turn|p2a: Kartana
|-damage|p2a: Kartana|0 fnt
|faint|p2a: Kartana
|choice|*switch 2|*
|choice|switch 2|
|
|switch|p1a: Lopunny|Lopunny-Mega, F|193\/271|[from]move: U-turn
|
|-weather|Sandstorm|[upkeep]
|-damage|p1a: Lopunny|177\/271|[from] sandstorm
|upkeep
|choice|*|*switch 5
|choice||switch 5
|
|switch|p2a: Landorus|Landorus-Therian, M|269\/382
|-damage|p2a: Landorus|222\/382|[from] Stealth Rock
|-ability|p2a: Landorus|Intimidate|boost
|-unboost|p1a: Lopunny|atk|1
|turn|22
|choice|*|*switch 2
|inactive|Uzinery-SC tiene 135 segundos restantes.
|inactive|RayParK_ tiene 135 segundos restantes.
|choice|*|*move 3
|inactive|Uzinery-SC se desconectó y tiene un minuto para reconectarse!
|player|p1|
|choice|*|*switch 2
|inactive|Uzinery-SC tiene 20 segundos restantes!
|inactive|Uzinery-SC tiene 15 segundos restantes!
|inactive|Uzinery-SC tiene 10 segundos restantes!
|inactive|Uzinery-SC tiene 5 segundos restantes!
|-message|Uzinery-SC perdió por inactividad.
|
|win|RayParK_
RayParK_ ha ganado 9.25 PokeDolares.
|raw|Puntaje de Uzinery-SC: 1353 &rarr; <strong>1337<\/strong><br \/>(-16 por perder)
|raw|Puntaje de RayParK_: 1425 &rarr; <strong>1441<\/strong><br \/>(+16 por ganar)
</script>
</div>
<div class="battle-log battle-log-inline"><div class="inner"><div class="battle-options"></div><div class="inner"><div class=""><small>Format:</small> <br><strong>OU</strong></div><div class="rated"><strong>Rated battle</strong></div><div class=""><small><em>Cláusula-Mod de Dormir:</em> solo puedes dormir a uno de tus oponentes a la vez.</small></div><div class=""><small><em>Cláusula de Especie:</em> Hasta un Pokémon de cada especie</small></div><div class=""><small><em>Cláusula de Golpe Fulminante:</em> los movimientos fulminantes (OHKO) estan prohibidos</small></div><div class=""><small><em>Cláusula de Veleta:</em> la habilidad Veleta está prohibida</small></div><div class=""><small><em>Cláusula de Movimientos Evasivos:</em> los movimientos de Evasión están prohibidos.</small></div><div class=""><small><em>Cláusula de Batallas Eternas:</em> forzar batallas eternas está prohibido</small></div><div class="chat battle-history"><strong>Uzinery-SC's team:</strong> <em style="color:#445566;display:block;">Lopunny / Tyranitar / Ferrothorn / Landorus-Therian / Toxapex / Tapu Lele</em></div><div class="chat battle-history"><strong>RayParK_'s team:</strong> <em style="color:#445566;display:block;">Alakazam / Greninja / Landorus-Therian / Kartana / Chansey / Tapu Lele</em></div><div class="chat message-error">Reloj de batalla ENCENDIDO. El jugador inactivo será descalificado (solicitado por RayParK_).</div><div class="chat message-error">Uzinery-SC tiene 135 segundos restantes.</div><div class="chat message-error">Uzinery-SC tiene 120 segundos restantes.</div><div class="spacer battle-history"><br></div><div class="battle-history">Battle started between Uzinery-SC and RayParK_!<br></div><div class="spacer battle-history"><br></div><div class="battle-history">Go! <strong>Tapu Lele</strong>!<br></div><div class="spacer battle-history"><br></div><div class="battle-history">RayParK_ sent out Landorus (<strong>Landorus-Therian</strong>)!<br></div><div class="battle-history"><small>[Tapu Lele's Psychic Surge]</small><br><small>The battlefield got weird!</small><br></div><div class="battle-history"><small>[The opposing Landorus's Intimidate]</small><br></div><div class="battle-history"><small>Tapu Lele's Attack fell!</small><br></div><div class="spacer battle-history"><br></div><h2 class="battle-history">Turn 1</h2><div class="spacer battle-history"><br></div><div class="battle-history">Tapu Lele, come back!<br></div><div class="battle-history">Go! <strong>Ferrothorn</strong>!<br></div><div class="spacer battle-history"><br></div><div class="battle-history">RayParK_ withdrew Landorus!<br></div><div class="battle-history">RayParK_ sent out <strong>Chansey</strong>!<br></div><div class="spacer battle-history"><br></div><h2 class="battle-history">Turn 2</h2><div class="spacer battle-history"><br></div><div class="battle-history">The opposing Chansey used <strong>Stealth Rock</strong>!<br></div><div class="battle-history"><small>Pointed stones float in the air around your team!</small><br></div><div class="spacer battle-history"><br></div><div class="battle-history">Ferrothorn used <strong>Stealth Rock</strong>!<br></div><div class="battle-history"><small>Pointed stones float in the air around the opposing team!</small><br></div><div class="spacer battle-history"><br></div><h2 class="battle-history">Turn 3</h2><div class="spacer battle-history"><br></div><div class="battle-history">RayParK_ withdrew Chansey!<br></div><div class="battle-history">RayParK_ sent out <strong>Kartana</strong>!<br></div><div class="battle-history"><small>Pointed stones dug into the opposing Kartana!</small><br></div><div class="spacer battle-history"><br></div><div class="battle-history">Ferrothorn used <strong>Spikes</strong>!<br></div><div class="battle-history"><small>Spikes were scattered on the ground all around the opposing team!</small><br></div><div class="spacer battle-history"><br></div><h2 class="battle-history">Turn 4</h2><div class="spacer battle-history"><br></div><div class="battle-history">The opposing Kartana used <strong>Swords Dance</strong>!<br></div><div class="battle-history"><small>The opposing Kartana's Attack rose sharply!</small><br></div><div class="spacer battle-history"><br></div><div class="battle-history">Ferrothorn used <strong>Spikes</strong>!<br></div><div class="battle-history"><small>Spikes were scattered on the ground all around the opposing team!</small><br></div><div class="spacer battle-history"><br></div><h2 class="battle-history">Turn 5</h2><div class="spacer battle-history"><br></div><div class="battle-history">Ferrothorn, come back!<br></div><div class="battle-history">Go! <strong>Toxapex</strong>!<br></div><div class="battle-history"><small>Pointed stones dug into Toxapex!</small><br></div><div class="spacer battle-history"><br></div><div class="battle-history">The opposing Kartana used <strong>Leaf Blade</strong>!<br></div><div class="battle-history"><small>(Toxapex lost <abbr title="−255/304">83.9%</abbr> of its health!)</small><br></div><div class="spacer battle-history"><br></div><div class="battle-history"><small>Toxapex restored a little HP using its Black Sludge!</small><br></div><div class="battle-history"><small>The weirdness disappeared from the battlefield!</small><br></div><div class="spacer battle-history"><br></div><h2 class="battle-history">Turn 6</h2><div class="spacer battle-history"><br></div><div class="battle-history">The opposing Kartana used <strong>Sacred Sword</strong>!<br></div><div class="battle-history"><small>It's not very effective...</small><br></div><div class="battle-history"><small>(Toxapex lost <abbr title="−30/304">9.9%</abbr> of its health!)</small><br></div><div class="spacer battle-history"><br></div><div class="battle-history">Toxapex fainted!<br></div><div class="battle-history"><small>[The opposing Kartana's Beast Boost]</small><br></div><div class="battle-history"><small>The opposing Kartana's Attack rose!</small><br></div><div class="spacer battle-history"><br></div><div class="battle-history">Go! <strong>Lopunny</strong>!<br></div><div class="battle-history"><small>Pointed stones dug into Lopunny!</small><br></div><div class="spacer battle-history"><br></div><h2 class="battle-history">Turn 7</h2><div class="spacer battle-history"><br></div><div class="battle-history">RayParK_ withdrew Kartana!<br></div><div class="battle-history">RayParK_ sent out Landorus (<strong>Landorus-Therian</strong>)!<br></div><div class="battle-history"><small>Pointed stones dug into the opposing Landorus!</small><br></div><div class="battle-history"><small>[The opposing Landorus's Intimidate]</small><br></div><div class="battle-history"><small>Lopunny's Attack fell!</small><br></div><div class="spacer battle-history"><br></div><div class="battle-history"><small>Lopunny's Lopunnite is reacting to the Key Stone!</small><br>Lopunny has Mega Evolved into Mega Lopunny!<br></div><div class="spacer battle-history"><br></div><div class="battle-history">Lopunny used <strong>High Jump Kick</strong>!<br></div><div class="battle-history"><small>It's not very effective...</small><br></div><div class="battle-history"><small>(The opposing Landorus lost <abbr title="−66/382">17.3%</abbr> of its health!)</small><br></div><div class="battle-history"><small>Lopunny was hurt by the Rocky Helmet!</small><br></div><div class="spacer battle-history"><br></div><h2 class="battle-history">Turn 8</h2><div class="spacer battle-history"><br></div><div class="battle-history">Lopunny, come back!<br></div><div class="battle-history">Go! <strong>Ferrothorn</strong>!<br></div><div class="battle-history"><small>Pointed stones dug into Ferrothorn!</small><br></div><div class="spacer battle-history"><br></div><div class="battle-history">The opposing Landorus used <strong>Earthquake</strong>!<br></div><div class="battle-history"><small>(Ferrothorn lost <abbr title="−100/352">28.4%</abbr> of its health!)</small><br></div><div class="spacer battle-history"><br></div><div class="battle-history"><small>Ferrothorn restored a little HP using its Leftovers!</small><br></div><div class="spacer battle-history"><br></div><h2 class="battle-history">Turn 9</h2><div class="spacer battle-history"><br></div><div class="battle-history">The opposing Landorus used <strong>Defog</strong>!<br></div><div class="battle-history"><small>Ferrothorn's evasiveness fell!</small><br></div><div class="battle-history"><small>The pointed stones disappeared from around your team!</small><br></div><div class="battle-history"><small>The spikes disappeared from the ground around the opposing team!</small><br></div><div class="battle-history"><small>The pointed stones disappeared from around the opposing team!</small><br></div><div class="spacer battle-history"><br></div><div class="battle-history">Ferrothorn used <strong>Spikes</strong>!<br></div><div class="battle-history"><small>Spikes were scattered on the ground all around the opposing team!</small><br></div><div class="spacer battle-history"><br></div><div class="battle-history"><small>Ferrothorn restored a little HP using its Leftovers!</small><br></div><div class="spacer battle-history"><br></div><h2 class="battle-history">Turn 10</h2><div class="spacer battle-history"><br></div><div class="battle-history">The opposing Landorus used <strong>Defog</strong>!<br></div><div class="battle-history"><small>Ferrothorn's evasiveness fell!</small><br></div><div class="battle-history"><small>The spikes disappeared from the ground around the opposing team!</small><br></div><div class="spacer battle-history"><br></div><div class="battle-history">Ferrothorn used <strong>Stealth Rock</strong>!<br></div><div class="battle-history"><small>Pointed stones float in the air around the opposing team!</small><br></div><div class="spacer battle-history"><br></div><div class="battle-history"><small>Ferrothorn restored a little HP using its Leftovers!</small><br></div><div class="spacer battle-history"><br></div><h2 class="battle-history">Turn 11</h2><div class="spacer battle-history"><br></div><div class="battle-history">The opposing Landorus used <strong>Defog</strong>!<br></div><div class="battle-history"><small>Ferrothorn's evasiveness fell!</small><br></div><div class="battle-history"><small>The pointed stones disappeared from around the opposing team!</small><br></div><div class="spacer battle-history"><br></div><div class="battle-history">Ferrothorn used <strong>Spikes</strong>!<br></div><div class="battle-history"><small>Spikes were scattered on the ground all around the opposing team!</small><br></div><div class="spacer battle-history"><br></div><div class="battle-history"><small>Ferrothorn restored a little HP using its Leftovers!</small><br></div><div class="spacer battle-history"><br></div><h2 class="battle-history">Turn 12</h2><div class="spacer battle-history"><br></div><div class="battle-history">RayParK_ withdrew Landorus!<br></div><div class="battle-history">RayParK_ sent out <strong>Kartana</strong>!<br></div><div class="battle-history"><small>The opposing Kartana is hurt by the spikes!</small><br></div><div class="spacer battle-history"><br></div><div class="battle-history">Ferrothorn used <strong>Leech Seed</strong>!<br></div><div class="battle-history"><small>It doesn't affect the opposing Kartana...</small><br></div><div class="spacer battle-history"><br></div><div class="battle-history"><small>Ferrothorn restored a little HP using its Leftovers!</small><br></div><div class="spacer battle-history"><br></div><h2 class="battle-history">Turn 13</h2><div class="spacer battle-history"><br></div><div class="battle-history">Ferrothorn, come back!<br></div><div class="battle-history">Go! Landorus (<strong>Landorus-Therian</strong>)!<br></div><div class="battle-history"><small>[Landorus's Intimidate]</small><br></div><div class="battle-history"><small>The opposing Kartana's Attack fell!</small><br></div><div class="spacer battle-history"><br></div><div class="battle-history">The opposing Kartana used <strong>Swords Dance</strong>!<br></div><div class="battle-history"><small>The opposing Kartana's Attack rose sharply!</small><br></div><div class="spacer battle-history"><br></div><h2 class="battle-history">Turn 14</h2><div class="spacer battle-history"><br></div><div class="battle-history">Landorus used <strong>U-turn</strong>!<br></div><div class="battle-history"><small>(The opposing Kartana lost <abbr title="−69/260">26.5%</abbr> of its health!)</small><br></div><div class="spacer battle-history"><br></div><div class="battle-history">Landorus went back to Uzinery-SC!<br></div><div class="battle-history">Go! <strong>Ferrothorn</strong>!<br></div><div class="spacer battle-history"><br></div><div class="battle-history">The opposing Kartana used <strong>Leaf Blade</strong>!<br></div><div class="battle-history"><small>It's not very effective...</small><br></div><div class="battle-history"><small>A critical hit!</small><br></div><div class="battle-history"><small>(Ferrothorn lost <abbr title="−77/352">21.9%</abbr> of its health!)</small><br></div><div class="battle-history"><small>[Ferrothorn's Iron Barbs]</small><br><small>The opposing Kartana was hurt!</small><br></div><div class="spacer battle-history"><br></div><div class="battle-history"><small>Ferrothorn restored a little HP using its Leftovers!</small><br></div><div class="spacer battle-history"><br></div><h2 class="battle-history">Turn 15</h2><div class="spacer battle-history"><br></div><div class="battle-history">The opposing Kartana used <strong>Swords Dance</strong>!<br></div><div class="battle-history"><small>The opposing Kartana's Attack rose sharply!</small><br></div><div class="spacer battle-history"><br></div><div class="battle-history">Ferrothorn used <strong>Stealth Rock</strong>!<br></div><div class="battle-history"><small>Pointed stones float in the air around the opposing team!</small><br></div><div class="spacer battle-history"><br></div><div class="battle-history"><small>Ferrothorn restored a little HP using its Leftovers!</small><br></div><div class="spacer battle-history"><br></div><h2 class="battle-history">Turn 16</h2><div class="spacer battle-history"><br></div><div class="battle-history">The opposing Kartana used <strong>Sacred Sword</strong>!<br></div><div class="battle-history"><small>It's super effective!</small><br></div><div class="battle-history"><small>(Ferrothorn lost <abbr title="−307/352">87.2%</abbr> of its health!)</small><br></div><div class="battle-history"><small>[Ferrothorn's Iron Barbs]</small><br><small>The opposing Kartana was hurt!</small><br></div><div class="spacer battle-history"><br></div><div class="battle-history">Ferrothorn fainted!<br></div><div class="battle-history"><small>[The opposing Kartana's Beast Boost]</small><br></div><div class="battle-history"><small>The opposing Kartana's Attack rose!</small><br></div><div class="spacer battle-history"><br></div><div class="battle-history">Go! Lopunny (<strong>Lopunny-Mega</strong>)!<br></div><div class="spacer battle-history"><br></div><h2 class="battle-history">Turn 17</h2><div class="chat message-error">RayParK_ tiene 135 segundos restantes.</div><div class="chat message-error">RayParK_ tiene 120 segundos restantes.</div><div class="spacer battle-history"><br></div><div class="battle-history">RayParK_ withdrew Kartana!<br></div><div class="battle-history">RayParK_ sent out <strong>Chansey</strong>!<br></div><div class="battle-history"><small>The opposing Chansey is hurt by the spikes!</small><br></div><div class="battle-history"><small>Pointed stones dug into the opposing Chansey!</small><br></div><div class="spacer battle-history"><br></div><div class="battle-history">Lopunny used <strong>High Jump Kick</strong>!<br></div><div class="battle-history"><small>It's super effective!</small><br></div><div class="battle-history"><small>(The opposing Chansey lost <abbr title="−528/704">75%</abbr> of its health!)</small><br></div><div class="spacer battle-history"><br></div><div class="battle-history">The opposing Chansey fainted!<br></div><div class="spacer battle-history"><br></div><div class="battle-history">RayParK_ sent out <strong>Alakazam</strong>!<br></div><div class="spacer battle-history"><br></div><h2 class="battle-history">Turn 18</h2><div class="spacer battle-history"><br></div><div class="battle-history">Lopunny, come back!<br></div><div class="battle-history">Go! <strong>Tyranitar</strong>!<br></div><div class="battle-history"><small>[Tyranitar's Sand Stream]</small><br><small>A sandstorm kicked up!</small><br></div><div class="spacer battle-history"><br></div><div class="battle-history"><small>The opposing Alakazam's Alakazite is reacting to the Key Stone!</small><br>The opposing Alakazam has Mega Evolved into Mega Alakazam!<br></div><div class="battle-history"><small>[The opposing Alakazam's Trace]</small><br><small>[The opposing Alakazam's Sand Stream]</small><br><small>The opposing Alakazam traced Tyranitar's Sand Stream!</small><br></div><div class="spacer battle-history"><br></div><div class="battle-history">The opposing Alakazam used <strong>Focus Blast</strong>!<br></div><div class="battle-history"><small>Tyranitar avoided the attack!</small><br></div><div class="spacer battle-history"><br></div><div class="battle-history"><small>The sandstorm is raging.</small><br></div><div class="battle-history"><small>The opposing Alakazam is buffeted by the sandstorm!</small><br></div><div class="spacer battle-history"><br></div><h2 class="battle-history">Turn 19</h2><div class="spacer battle-history"><br></div><div class="battle-history">The opposing Alakazam used <strong>Focus Blast</strong>!<br></div><div class="battle-history"><small>Tyranitar avoided the attack!</small><br></div><div class="spacer battle-history"><br></div><div class="battle-history">Tyranitar used <strong>Crunch</strong>!<br></div><div class="battle-history"><small>It's super effective!</small><br></div><div class="battle-history"><small>(The opposing Alakazam lost <abbr title="−236/251">94.0%</abbr> of its health!)</small><br></div><div class="spacer battle-history"><br></div><div class="battle-history">The opposing Alakazam fainted!<br></div><div class="spacer battle-history"><br></div><div class="battle-history"><small>The sandstorm is raging.</small><br></div><div class="spacer battle-history"><br></div><div class="battle-history">RayParK_ sent out <strong>Kartana</strong>!<br></div><div class="battle-history"><small>The opposing Kartana is hurt by the spikes!</small><br></div><div class="battle-history"><small>Pointed stones dug into the opposing Kartana!</small><br></div><div class="spacer battle-history"><br></div><h2 class="battle-history">Turn 20</h2><div class="spacer battle-history"><br></div><div class="battle-history">The opposing Kartana used <strong>Leaf Blade</strong>!<br></div><div class="battle-history"><small>It's super effective!</small><br></div><div class="battle-history"><small>(Tyranitar lost <abbr title="−353/353">100%</abbr> of its health!)</small><br></div><div class="spacer battle-history"><br></div><div class="battle-history">Tyranitar fainted!<br></div><div class="battle-history"><small>[The opposing Kartana's Beast Boost]</small><br></div><div class="battle-history"><small>The opposing Kartana's Attack rose!</small><br></div><div class="spacer battle-history"><br></div><div class="battle-history"><small>The sandstorm is raging.</small><br></div><div class="spacer battle-history"><br></div><div class="battle-history">Go! Landorus (<strong>Landorus-Therian</strong>)!<br></div><div class="battle-history"><small>[Landorus's Intimidate]</small><br></div><div class="battle-history"><small>The opposing Kartana's Attack fell!</small><br></div><div class="spacer battle-history"><br></div><h2 class="battle-history">Turn 21</h2><div class="spacer battle-history"><br></div><div class="battle-history">Landorus used <strong>U-turn</strong>!<br></div><div class="battle-history"><small>(The opposing Kartana lost <abbr title="−31/260">11.9%</abbr> of its health!)</small><br></div><div class="spacer battle-history"><br></div><div class="battle-history">The opposing Kartana fainted!<br></div><div class="spacer battle-history"><br></div><div class="battle-history">Landorus went back to Uzinery-SC!<br></div><div class="battle-history">Go! Lopunny (<strong>Lopunny-Mega</strong>)!<br></div><div class="spacer battle-history"><br></div><div class="battle-history"><small>The sandstorm is raging.</small><br></div><div class="battle-history"><small>Lopunny is buffeted by the sandstorm!</small><br></div><div class="spacer battle-history"><br></div><div class="battle-history">RayParK_ sent out Landorus (<strong>Landorus-Therian</strong>)!<br></div><div class="battle-history"><small>Pointed stones dug into the opposing Landorus!</small><br></div><div class="battle-history"><small>[The opposing Landorus's Intimidate]</small><br></div><div class="battle-history"><small>Lopunny's Attack fell!</small><br></div><div class="spacer battle-history"><br></div><h2 class="battle-history">Turn 22</h2><div class="chat message-error">Uzinery-SC tiene 135 segundos restantes.</div><div class="chat message-error">RayParK_ tiene 135 segundos restantes.</div><div class="chat message-error">Uzinery-SC se desconectó y tiene un minuto para reconectarse!</div><div class="chat message-error">Uzinery-SC tiene 20 segundos restantes!</div><div class="chat message-error">Uzinery-SC tiene 15 segundos restantes!</div><div class="chat message-error">Uzinery-SC tiene 10 segundos restantes!</div><div class="chat message-error">Uzinery-SC tiene 5 segundos restantes!</div><div class="spacer battle-history"><br></div><div class="battle-history"><small>Uzinery-SC perdió por inactividad.</small><br></div><div class="spacer battle-history"><br></div><div class="battle-history"><strong>RayParK_</strong> won the battle!<br></div><div class="chat">RayParK_ ha ganado 9.25 PokeDolares.</div><div class="chat">Puntaje de Uzinery-SC: 1353 → <strong>1337</strong><br>(-16 por perder)</div><div class="chat">Puntaje de RayParK_: 1425 → <strong>1441</strong><br>(+16 por ganar)</div></div><div class="inner-preempt"></div></div></div>
</div>
<script>
let daily = Math.floor(Date.now()/1000/60/60/24);document.write('<script src="https://play.pokemonshowdown.com/js/replay-embed.js?version'+daily+'"></'+'script>');
</script>
