<!DOCTYPE html>
<meta charset="utf-8" />
<!-- version 1 -->
<title>OU replay: Camila Cruz♥ vs. You Rachel</title>
<style>
html,body {font-family:Verdana, sans-serif;font-size:10pt;margin:0;padding:0;}body{padding:12px 0;} .battle-log {font-family:Verdana, sans-serif;font-size:10pt;} .battle-log-inline {border:1px solid #AAAAAA;background:#EEF2F5;color:black;max-width:640px;margin:0 auto 80px;padding-bottom:5px;} .battle-log .inner {padding:4px 8px 0px 8px;} .battle-log .inner-preempt {padding:0 8px 4px 8px;} .battle-log .inner-after {margin-top:0.5em;} .battle-log h2 {margin:0.5em -8px;padding:4px 8px;border:1px solid #AAAAAA;background:#E0E7EA;border-left:0;border-right:0;font-family:Verdana, sans-serif;font-size:13pt;} .battle-log .chat {vertical-align:middle;padding:3px 0 3px 0;font-size:8pt;} .battle-log .chat strong {color:#40576A;} .battle-log .chat em {padding:1px 4px 1px 3px;color:#000000;font-style:normal;} .chat.mine {background:rgba(0,0,0,0.05);margin-left:-8px;margin-right:-8px;padding-left:8px;padding-right:8px;} .spoiler {color:#BBBBBB;background:#BBBBBB;padding:0px 3px;} .spoiler:hover, .spoiler:active, .spoiler-shown {color:#000000;background:#E2E2E2;padding:0px 3px;} .spoiler a {color:#BBBBBB;} .spoiler:hover a, .spoiler:active a, .spoiler-shown a {color:#2288CC;} .chat code, .chat .spoiler:hover code, .chat .spoiler:active code, .chat .spoiler-shown code {border:1px solid #C0C0C0;background:#EEEEEE;color:black;padding:0 2px;} .chat .spoiler code {border:1px solid #CCCCCC;background:#CCCCCC;color:#CCCCCC;} .battle-log .rated {padding:3px 4px;} .battle-log .rated strong {color:white;background:#89A;padding:1px 4px;border-radius:4px;} .spacer {margin-top:0.5em;} .message-announce {background:#6688AA;color:white;padding:1px 4px 2px;} .message-announce a, .broadcast-green a, .broadcast-blue a, .broadcast-red a {color:#DDEEFF;} .broadcast-green {background-color:#559955;color:white;padding:2px 4px;} .broadcast-blue {background-color:#6688AA;color:white;padding:2px 4px;} .infobox {border:1px solid #6688AA;padding:2px 4px;} .infobox-limited {max-height:200px;overflow:auto;overflow-x:hidden;} .broadcast-red {background-color:#AA5544;color:white;padding:2px 4px;} .message-learn-canlearn {font-weight:bold;color:#228822;text-decoration:underline;} .message-learn-cannotlearn {font-weight:bold;color:#CC2222;text-decoration:underline;} .message-effect-weak {font-weight:bold;color:#CC2222;} .message-effect-resist {font-weight:bold;color:#6688AA;} .message-effect-immune {font-weight:bold;color:#666666;} .message-learn-list {margin-top:0;margin-bottom:0;} .message-throttle-notice, .message-error {color:#992222;} .message-overflow, .chat small.message-overflow {font-size:0pt;} .message-overflow::before {font-size:9pt;content:'...';} .subtle {color:#3A4A66;}
</style>
<div class="wrapper replay-wrapper" style="max-width:1180px;margin:0 auto">
<input type="hidden" name="replayid" value="destiny-ou-456496" />
<div class="battle"></div><div class="battle-log"></div><div class="replay-controls"></div><div class="replay-controls-2"></div>
<h1 style="font-weight:normal;text-align:center"><strong>OU</strong><br /><a href="http://pokemonshowdown.com/users/camilacruz" class="subtle" target="_blank">Camila Cruz♥</a> vs. <a href="http://pokemonshowdown.com/users/yourachel" class="subtle" target="_blank">You Rachel</a></h1>
<script type="text/plain" class="battle-log-data">|unlink|||tour
|player|p1|Camila Cruz♥|camilacruz-21.gif?5128edd4
|teamsize|p1|6
|player|p2|You Rachel|yourachel-2.gif?fa7a217d
|teamsize|p2|6
|teamsize|p1|6
|teamsize|p2|6
|gametype|singles
|gen|7
|tier|OU
|seed|57930,27227,55668,51502
|rule|Cláusula-Mod de Dormir: solo puedes dormir a uno de tus oponentes a la vez.
|rule|Cláusula de Especie: Hasta un Pokémon de cada especie
|rule|Cláusula de Golpe Fulminante: los movimientos fulminantes (OHKO) estan prohibidos
|rule|Cláusula de Veleta: la habilidad Veleta está prohibida
|rule|Cláusula de Movimientos Evasivos: los movimientos de Evasión están prohibidos.
|rule|Cláusula de Batallas Eternas: forzar batallas eternas está prohibido
|clearpoke
|poke|p1|Greninja, M|item
|poke|p1|Mimikyu, F|item
|poke|p1|Magearna|item
|poke|p1|Landorus-Therian, M|item
|poke|p1|Latios, M|item
|poke|p1|Pinsir, M|item
|poke|p2|Shuckle, M, shiny|item
|poke|p2|Pinsir, M, shiny|item
|poke|p2|Magearna|item
|poke|p2|Zygarde, shiny|item
|poke|p2|Bisharp, M, shiny|item
|poke|p2|Mimikyu-Totem, F|item
|teampreview|undefined
|choice|*|*team 321456
|c|☆Camila Cruz♥|tremendo mimikyu
|c|☆Camila Cruz♥|
|c|☆You Rachel|que le pasa
|choice|*team 123456|*
|choice|team 1, 2, 3, 4, 5, 6|team 3, 2, 1, 4, 5, 6
|
|start
|switch|p1a: Greninja|Greninja, M|285\/285
|switch|p2a: Magearna|Magearna|364\/364
|turn|1
|choice|*|*move 1
|choice|*|*move 3
|choice|*|*move 1
|choice|*switch 3|*
|choice|switch 3|move flashcannon
|
|switch|p1a: Magearna|Magearna|351\/351
|move|p2a: Magearna|Flash Cannon|p1a: Magearna
|-damage|p1a: Magearna|279\/351
|
|upkeep
|turn|2
|choice|*|*move 1
|choice|*move 4|*
|choice|move ironhead|move flashcannon
|
|move|p2a: Magearna|Flash Cannon|p1a: Magearna
|-crit|p1a: Magearna
|-damage|p1a: Magearna|176\/351
|move|p1a: Magearna|Iron Head|p2a: Magearna
|-damage|p2a: Magearna|291\/364
|
|upkeep
|turn|3
|choice|*|*move 1
|choice|*move 4|*
|choice|move ironhead|move flashcannon
|
|move|p2a: Magearna|Flash Cannon|p1a: Magearna
|-damage|p1a: Magearna|110\/351
|move|p1a: Magearna|Iron Head|p2a: Magearna
|-damage|p2a: Magearna|206\/364
|
|upkeep
|turn|4
|choice|*|*move 1
|choice|*move 1|*
|choice|move voltswitch|move flashcannon
|
|move|p2a: Magearna|Flash Cannon|p1a: Magearna
|-damage|p1a: Magearna|46\/351
|move|p1a: Magearna|Volt Switch|p2a: Magearna
|-damage|p2a: Magearna|139\/364
|c|☆You Rachel|😂
|choice|*switch 4|*
|choice|switch 4|
|
|switch|p1a: Landorus|Landorus-Therian, M|365\/365|[from]move: Volt Switch
|-ability|p1a: Landorus|Intimidate|boost
|-unboost|p2a: Magearna|atk|1
|
|upkeep
|turn|5
|choice|*|*switch 4
|choice|*move 2|*
|choice|move earthquake|switch 4
|
|switch|p2a: Zygarde|Zygarde, shiny|357\/357
|-ability|p2a: Zygarde|Aura Break
|move|p1a: Landorus|Earthquake|p2a: Zygarde
|-damage|p2a: Zygarde|227\/357
|
|upkeep
|turn|6
|choice|*move 1|*
|choice|*|*move 1
|choice|move stealthrock|move dragondance
|
|move|p2a: Zygarde|Dragon Dance|p2a: Zygarde
|-boost|p2a: Zygarde|atk|1
|-boost|p2a: Zygarde|spe|1
|move|p1a: Landorus|Stealth Rock|p2a: Zygarde
|-sidestart|p2: You Rachel|move: Stealth Rock
|
|upkeep
|turn|7
|choice|*move 3|*
|choice|*|*move 1
|choice|move hiddenpower|move dragondance
|
|move|p2a: Zygarde|Dragon Dance|p2a: Zygarde
|-boost|p2a: Zygarde|atk|1
|-boost|p2a: Zygarde|spe|1
|move|p1a: Landorus|Hidden Power|p2a: Zygarde
|-supereffective|p2a: Zygarde
|-damage|p2a: Zygarde|39\/357
|-enditem|p2a: Zygarde|Weakness Policy
|-boost|p2a: Zygarde|atk|2
|-boost|p2a: Zygarde|spa|2
|
|upkeep
|turn|8
|choice|*|*move 4
|choice|*move 3|*
|choice|move hiddenpower|move outrage
|
|move|p2a: Zygarde|Outrage|p1a: Landorus
|-damage|p1a: Landorus|0 fnt
|-damage|p2a: Zygarde|0 fnt|[from] item: Rocky Helmet|[of] p1a: Landorus
|faint|p1a: Landorus
|faint|p2a: Zygarde
|
|upkeep
|choice|*|*switch 3
|choice|*switch 3|*
|choice|switch 3|switch 3
|
|switch|p2a: Shuckle|Shuckle, M, shiny|243\/243
|switch|p1a: Greninja|Greninja, M|285\/285
|-damage|p2a: Shuckle|183\/243|[from] Stealth Rock
|turn|9
|choice|*move 1|*
|c|☆Camila Cruz♥|a
|choice|*|*switch 2
|choice|move hydropump|switch 2
|
|switch|p2a: Pinsir|Pinsir, M, shiny|271\/271
|-damage|p2a: Pinsir|204\/271|[from] Stealth Rock
|move|p1a: Greninja|Hydro Pump|p2a: Pinsir|[miss]
|-miss|p1a: Greninja|p2a: Pinsir
|
|upkeep
|turn|10
|choice|*|*move 1 mega
|choice|*move 1|*
|choice|move hydropump|move xscissor mega
|
|-mega|p2a: Pinsir|Pinsir|Pinsirite
|detailschange|p2a: Pinsir|Pinsir-Mega, M, shiny
|move|p1a: Greninja|Hydro Pump|p2a: Pinsir
|-damage|p2a: Pinsir|8\/271
|move|p2a: Pinsir|X-Scissor|p1a: Greninja
|-supereffective|p1a: Greninja
|-damage|p1a: Greninja|0 fnt
|faint|p1a: Greninja
|
|upkeep
|c|☆You Rachel|vivan mis hax
|choice|*switch 6|*
|choice|switch 6|
|
|switch|p1a: Pinsir|Pinsir, M|271\/271
|turn|11
|choice|*|*move 3
|choice|*move 4 mega|*
|choice|move quickattack mega|move quickattack
|
|-mega|p1a: Pinsir|Pinsir|Pinsirite
|detailschange|p1a: Pinsir|Pinsir-Mega, M
|move|p1a: Pinsir|Quick Attack|p2a: Pinsir
|-supereffective|p2a: Pinsir
|-damage|p2a: Pinsir|0 fnt
|faint|p2a: Pinsir
|
|upkeep
|c|☆You Rachel|yo tambien he usado ataque rapido
|c|☆You Rachel|xd
|choice|*|*switch 4
|choice||switch 4
|
|switch|p2a: Magearna|Magearna|139\/364
|-damage|p2a: Magearna|117\/364|[from] Stealth Rock
|turn|12
|choice|*|*move 4 zmove
|c|☆Camila Cruz♥|hasta aqui llego tu hax prro
|choice|*move 2|*
|choice|move return|move fleurcannon zmove
|
|move|p1a: Pinsir|Return|p2a: Magearna
|-resisted|p2a: Magearna
|-damage|p2a: Magearna|3\/364
|-zpower|p2a: Magearna
|move|p2a: Magearna|Twinkle Tackle|p1a: Pinsir|[zeffect]
|-damage|p1a: Pinsir|0 fnt
|faint|p1a: Pinsir
|-ability|p2a: Magearna|Soul-Heart|boost
|-boost|p2a: Magearna|spa|1
|
|upkeep
|c|☆You Rachel|hax
|c|%No man's hax|no era mas coherente usar CC o eq?
|c|☆Camila Cruz♥|nel
|c|☆Camila Cruz♥|se bajaba la defensa y mria de prioridad
|choice|*switch 2|*
|choice|switch 2|
|
|switch|p1a: Mimikyu|Mimikyu, F|251\/251
|turn|13
|c|%No man's hax|ya
|choice|*|*move 1
|c|☆You Rachel|malfito mimikyu
|choice|*move 4|*
|choice|move shadowsneak|move flashcannon
|
|move|p1a: Mimikyu|Shadow Sneak|p2a: Magearna
|-damage|p2a: Magearna|0 fnt
|-damage|p1a: Mimikyu|226\/251|[from] item: Life Orb
|faint|p2a: Magearna
|
|upkeep
|c|☆You Rachel|como lo quiero
|choice|*|*switch 6
|choice||switch 6
|
|switch|p2a: Mimikyu|Mimikyu-Totem, F|251\/251
|-damage|p2a: Mimikyu|220\/251|[from] Stealth Rock
|turn|14
|choice|*|*move 3
|choice|*move 4|*
|choice|move shadowsneak|move swordsdance
|
|move|p1a: Mimikyu|Shadow Sneak|p2a: Mimikyu
|-activate|p2a: Mimikyu|ability: Disguise
|-damage|p2a: Mimikyu|220\/251
|detailschange|p2a: Mimikyu|Mimikyu-Busted-Totem, F
|-damage|p1a: Mimikyu|201\/251|[from] item: Life Orb
|move|p2a: Mimikyu|Swords Dance|p2a: Mimikyu
|-boost|p2a: Mimikyu|atk|2
|
|upkeep
|turn|15
|c|☆You Rachel|gg mimikyu
|choice|*move 4|*
|choice|*|*move 2
|choice|move shadowsneak|move shadowsneak
|
|move|p2a: Mimikyu|Shadow Sneak|p1a: Mimikyu
|-activate|p1a: Mimikyu|ability: Disguise
|-damage|p1a: Mimikyu|201\/251
|detailschange|p1a: Mimikyu|Mimikyu-Busted, F
|-damage|p2a: Mimikyu|195\/251|[from] item: Life Orb
|move|p1a: Mimikyu|Shadow Sneak|p2a: Mimikyu
|-supereffective|p2a: Mimikyu
|-damage|p2a: Mimikyu|16\/251
|-damage|p1a: Mimikyu|176\/251|[from] item: Life Orb
|
|upkeep
|turn|16
|c|%No man's hax|no pues chido
|choice|*|*move 2
|c|☆You Rachel|lol
|c|☆You Rachel|gracias %No man's hax x2
|c|%No man's hax|y el shadow claw?
|choice|*move 4|*
|choice|move shadowsneak|move shadowsneak
|
|move|p2a: Mimikyu|Shadow Sneak|p1a: Mimikyu
|-supereffective|p1a: Mimikyu
|-damage|p1a: Mimikyu|0 fnt
|-damage|p2a: Mimikyu|0 fnt|[from] item: Life Orb
|faint|p1a: Mimikyu
|faint|p2a: Mimikyu
|
|upkeep
|choice|*|*switch 2
|c|☆Camila Cruz♥|raios que hax tienes
|c|☆Camila Cruz♥|%No man's hax lo que haces con tus novios
|c|☆Camila Cruz♥|
|c|%No man's hax|insisto, no era mejor usar shadow clan o play rough?
|choice|*switch 4|*
|choice|switch 4|switch 2
|
|switch|p2a: Shuckle|Shuckle, M, shiny|183\/243
|switch|p1a: Magearna|Magearna|46\/351
|-damage|p2a: Shuckle|123\/243|[from] Stealth Rock
|turn|17
|c|%No man's hax|claw*
|c|☆You Rachel|no
|c|%No man's hax|y es por que?
|choice|*|*move 1
|c|☆Camila Cruz♥|que shadow claw
|c|☆Camila Cruz♥|soy substitute
|c|☆You Rachel|!dt shadow clawk
No se encontró "shadow clawk". Mostrando "Shadow Claw".
|c|~|\/data-move Shadow Claw
|raw|<font size="1"><font color=#585858>Prioridad:<\/font> 0&nbsp;|&ThickSpace;<font color=#585858>Gen:<\/font> 4&nbsp;|&ThickSpace;<font color=#585858><font color=black>&#10003; Contacto<\/font><\/font>&nbsp;|&ThickSpace;<font color=#585858>Poder Z:<\/font> 140&nbsp;|&ThickSpace;<font color=#585858>Objetivo:<\/font> Pokémon Adyacentes<\/font>
|c|☆Camila Cruz♥|xD
|c|☆You Rachel|%No man's hax
|c|%No man's hax|pero no matabas con sneak
|c|☆You Rachel|podia su mimicou ser mas rapido
|choice|*move 4|*
|choice|move ironhead|move stickyweb
|
|move|p1a: Magearna|Iron Head|p2a: Shuckle
|-supereffective|p2a: Shuckle
|-damage|p2a: Shuckle|33\/243
|move|p2a: Shuckle|Sticky Web|p1a: Magearna
|-sidestart|p1: Camila Cruz♥|move: Sticky Web
|
|upkeep
|turn|18
|c|%No man's hax|era mucho mas seguro el SC
|choice|*|*move 2
|choice|*move 4|*
|choice|move ironhead|move stealthrock
|
|move|p1a: Magearna|Iron Head|p2a: Shuckle
|-supereffective|p2a: Shuckle
|-damage|p2a: Shuckle|0 fnt
|faint|p2a: Shuckle
|-ability|p1a: Magearna|Soul-Heart|boost
|-boost|p1a: Magearna|spa|1
|
|upkeep
|choice|*|*switch 5
|choice||switch 5
|
|switch|p2a: Bisharp|Bisharp, M, shiny|334\/334
|-damage|p2a: Bisharp|314\/334|[from] Stealth Rock
|turn|19
|c|☆You Rachel|creo que ya vali
|choice|*move 2|*
|player|p2|
|player|p2|You Rachel|yourachel-2.gif?fa7a217d
|c|☆You Rachel|se me fue
|choice|*|*move 4
|choice|move fleurcannon|move suckerpunch
|
|move|p2a: Bisharp|Sucker Punch|p1a: Magearna
|-resisted|p1a: Magearna
|-damage|p1a: Magearna|0 fnt
|faint|p1a: Magearna
|
|upkeep
|c|☆You Rachel|haber
|c|☆You Rachel|Bisharp vs latios
|choice|*switch 5|*
|choice|switch 5|
|
|switch|p1a: Latios|Latios, M|301\/301
|turn|20
|c|☆You Rachel|combate muy reñido
|c|%No man's hax|reveal el latios band
|choice|*|*move 4
|choice|*move 4|*
|choice|move trick|move suckerpunch
|
|move|p2a: Bisharp|Sucker Punch|p1a: Latios|[still]
|-fail|p2a: Bisharp
|move|p1a: Latios|Trick|p2a: Bisharp
|-activate|p1a: Latios|move: Trick|[of] p2a: Bisharp
|-item|p2a: Bisharp|Choice Scarf|[from] move: Trick
|-item|p1a: Latios|Black Glasses|[from] move: Trick
|
|upkeep
|turn|21
|c|☆Camila Cruz♥|ufff
|c|☆Camila Cruz♥|xD
|choice|*move 3|*
|c|%No man's hax|espera
|c|☆You Rachel|espero
|choice|*move 3|*
|c|%No man's hax|no fue un tanto peligroso?
|c|☆You Rachel|el que
|c|%No man's hax|el movimiento de camila
|choice|*|*move 2
|choice|move defog|move knockoff
|
|move|p1a: Latios|Defog|p2a: Bisharp
|-unboost|p2a: Bisharp|evasion|1
|-ability|p2a: Bisharp|Defiant|boost
|-boost|p2a: Bisharp|atk|2
|-sideend|p2: You Rachel|Stealth Rock|[from] move: Defog|[of] p2a: Bisharp
|-sideend|p1: Camila Cruz♥|Sticky Web|[from] move: Defog|[of] p1a: Latios
|move|p2a: Bisharp|Knock Off|p1a: Latios
|-supereffective|p1a: Latios
|-damage|p1a: Latios|0 fnt
|-enditem|p1a: Latios|Black Glasses|[from] move: Knock Off|[of] p2a: Bisharp
|faint|p1a: Latios
|
|win|You Rachel
|c|☆You Rachel|ganee
|c|%No man's hax|a eso me referia
|c|%No man's hax|con o sin gafas tu ganabas
</script>
</div>
<div class="battle-log battle-log-inline"><div class="inner"><div class="battle-options"></div><div class="inner"><div class=""><small>Format:</small> <br><strong>OU</strong></div><div class=""><small><em>Cláusula-Mod de Dormir:</em> solo puedes dormir a uno de tus oponentes a la vez.</small></div><div class=""><small><em>Cláusula de Especie:</em> Hasta un Pokémon de cada especie</small></div><div class=""><small><em>Cláusula de Golpe Fulminante:</em> los movimientos fulminantes (OHKO) estan prohibidos</small></div><div class=""><small><em>Cláusula de Veleta:</em> la habilidad Veleta está prohibida</small></div><div class=""><small><em>Cláusula de Movimientos Evasivos:</em> los movimientos de Evasión están prohibidos.</small></div><div class=""><small><em>Cláusula de Batallas Eternas:</em> forzar batallas eternas está prohibido</small></div><div class="chat battle-history"><strong>Camila Cruz♥'s team:</strong> <em style="color:#445566;display:block;">Greninja / Mimikyu / Magearna / Landorus-Therian / Latios / Pinsir</em></div><div class="chat battle-history"><strong>You Rachel's team:</strong> <em style="color:#445566;display:block;">Shuckle / Pinsir / Magearna / Zygarde / Bisharp / Mimikyu-Totem</em></div><div class="chat chatmessage-camilacruz"><strong style="color:hsl(107,48%,44.819126939248115%)"><small>☆</small><span class="username" data-name="Camila Cruz♥">Camila Cruz♥</span>:</strong> <em>tremendo mimikyu</em></div><div class="chat chatmessage-camilacruz"><strong style="color:hsl(107,48%,44.819126939248115%)"><small>☆</small><span class="username" data-name="Camila Cruz♥">Camila Cruz♥</span>:</strong> <em></em></div><div class="chat chatmessage-yourachel"><strong style="color:hsl(285,57%,52.3248037071872%)"><small>☆</small><span class="username" data-name="You Rachel">You Rachel</span>:</strong> <em>que le pasa</em></div><div class="spacer battle-history"><br></div><div class="battle-history">Battle started between Camila Cruz♥ and You Rachel!<br></div><div class="spacer battle-history"><br></div><div class="battle-history">Go! <strong>Greninja</strong>!<br></div><div class="spacer battle-history"><br></div><div class="battle-history">You Rachel sent out <strong>Magearna</strong>!<br></div><div class="spacer battle-history"><br></div><h2 class="battle-history">Turn 1</h2><div class="spacer battle-history"><br></div><div class="battle-history">Greninja, come back!<br></div><div class="battle-history">Go! <strong>Magearna</strong>!<br></div><div class="spacer battle-history"><br></div><div class="battle-history">The opposing Magearna used <strong>Flash Cannon</strong>!<br></div><div class="battle-history"><small>(Magearna lost <abbr title="−72/351">20.5%</abbr> of its health!)</small><br></div><div class="spacer battle-history"><br></div><h2 class="battle-history">Turn 2</h2><div class="spacer battle-history"><br></div><div class="battle-history">The opposing Magearna used <strong>Flash Cannon</strong>!<br></div><div class="battle-history"><small>A critical hit!</small><br></div><div class="battle-history"><small>(Magearna lost <abbr title="−103/351">29.3%</abbr> of its health!)</small><br></div><div class="spacer battle-history"><br></div><div class="battle-history">Magearna used <strong>Iron Head</strong>!<br></div><div class="battle-history"><small>(The opposing Magearna lost <abbr title="−73/364">20.1%</abbr> of its health!)</small><br></div><div class="spacer battle-history"><br></div><h2 class="battle-history">Turn 3</h2><div class="spacer battle-history"><br></div><div class="battle-history">The opposing Magearna used <strong>Flash Cannon</strong>!<br></div><div class="battle-history"><small>(Magearna lost <abbr title="−66/351">18.8%</abbr> of its health!)</small><br></div><div class="spacer battle-history"><br></div><div class="battle-history">Magearna used <strong>Iron Head</strong>!<br></div><div class="battle-history"><small>(The opposing Magearna lost <abbr title="−85/364">23.4%</abbr> of its health!)</small><br></div><div class="spacer battle-history"><br></div><h2 class="battle-history">Turn 4</h2><div class="spacer battle-history"><br></div><div class="battle-history">The opposing Magearna used <strong>Flash Cannon</strong>!<br></div><div class="battle-history"><small>(Magearna lost <abbr title="−64/351">18.2%</abbr> of its health!)</small><br></div><div class="spacer battle-history"><br></div><div class="battle-history">Magearna used <strong>Volt Switch</strong>!<br></div><div class="battle-history"><small>(The opposing Magearna lost <abbr title="−67/364">18.4%</abbr> of its health!)</small><br></div><div class="chat chatmessage-yourachel"><strong style="color:hsl(285,57%,52.3248037071872%)"><small>☆</small><span class="username" data-name="You Rachel">You Rachel</span>:</strong> <em>😂</em></div><div class="spacer battle-history"><br></div><div class="battle-history">Magearna went back to Camila Cruz♥!<br></div><div class="battle-history">Go! Landorus (<strong>Landorus-Therian</strong>)!<br></div><div class="battle-history"><small>[Landorus's Intimidate]</small><br></div><div class="battle-history"><small>The opposing Magearna's Attack fell!</small><br></div><div class="spacer battle-history"><br></div><h2 class="battle-history">Turn 5</h2><div class="spacer battle-history"><br></div><div class="battle-history">You Rachel withdrew Magearna!<br></div><div class="battle-history">You Rachel sent out <strong>Zygarde</strong>!<br></div><div class="battle-history"><small>[The opposing Zygarde's Aura Break]</small><br><small>The opposing Zygarde reversed all other Pokémon's auras!</small><br></div><div class="spacer battle-history"><br></div><div class="battle-history">Landorus used <strong>Earthquake</strong>!<br></div><div class="battle-history"><small>(The opposing Zygarde lost <abbr title="−130/357">36.4%</abbr> of its health!)</small><br></div><div class="spacer battle-history"><br></div><h2 class="battle-history">Turn 6</h2><div class="spacer battle-history"><br></div><div class="battle-history">The opposing Zygarde used <strong>Dragon Dance</strong>!<br></div><div class="battle-history"><small>The opposing Zygarde's Attack rose!</small><br></div><div class="battle-history"><small>The opposing Zygarde's Speed rose!</small><br></div><div class="spacer battle-history"><br></div><div class="battle-history">Landorus used <strong>Stealth Rock</strong>!<br></div><div class="battle-history"><small>Pointed stones float in the air around the opposing team!</small><br></div><div class="spacer battle-history"><br></div><h2 class="battle-history">Turn 7</h2><div class="spacer battle-history"><br></div><div class="battle-history">The opposing Zygarde used <strong>Dragon Dance</strong>!<br></div><div class="battle-history"><small>The opposing Zygarde's Attack rose!</small><br></div><div class="battle-history"><small>The opposing Zygarde's Speed rose!</small><br></div><div class="spacer battle-history"><br></div><div class="battle-history">Landorus used <strong>Hidden Power</strong>!<br></div><div class="battle-history"><small>It's super effective!</small><br></div><div class="battle-history"><small>(The opposing Zygarde lost <abbr title="−188/357">52.7%</abbr> of its health!)</small><br></div><div class="battle-history"><small>(The opposing Zygarde used its Weakness Policy!)</small><br></div><div class="battle-history"><small>The opposing Zygarde's Attack rose sharply!</small><br></div><div class="battle-history"><small>The opposing Zygarde's Special Attack rose sharply!</small><br></div><div class="spacer battle-history"><br></div><h2 class="battle-history">Turn 8</h2><div class="spacer battle-history"><br></div><div class="battle-history">The opposing Zygarde used <strong>Outrage</strong>!<br></div><div class="battle-history"><small>(Landorus lost <abbr title="−365/365">100%</abbr> of its health!)</small><br></div><div class="battle-history"><small>The opposing Zygarde was hurt by the Rocky Helmet!</small><br></div><div class="spacer battle-history"><br></div><div class="battle-history">Landorus fainted!<br></div><div class="battle-history">The opposing Zygarde fainted!<br></div><div class="spacer battle-history"><br></div><div class="battle-history">You Rachel sent out <strong>Shuckle</strong>!<br></div><div class="spacer battle-history"><br></div><div class="battle-history">Go! <strong>Greninja</strong>!<br></div><div class="battle-history"><small>Pointed stones dug into the opposing Shuckle!</small><br></div><div class="spacer battle-history"><br></div><h2 class="battle-history">Turn 9</h2><div class="chat chatmessage-camilacruz"><strong style="color:hsl(107,48%,44.819126939248115%)"><small>☆</small><span class="username" data-name="Camila Cruz♥">Camila Cruz♥</span>:</strong> <em>a</em></div><div class="spacer battle-history"><br></div><div class="battle-history">You Rachel withdrew Shuckle!<br></div><div class="battle-history">You Rachel sent out <strong>Pinsir</strong>!<br></div><div class="battle-history"><small>Pointed stones dug into the opposing Pinsir!</small><br></div><div class="spacer battle-history"><br></div><div class="battle-history">Greninja used <strong>Hydro Pump</strong>!<br></div><div class="battle-history"><small>The opposing Pinsir avoided the attack!</small><br></div><div class="spacer battle-history"><br></div><h2 class="battle-history">Turn 10</h2><div class="spacer battle-history"><br></div><div class="battle-history"><small>The opposing Pinsir's Pinsirite is reacting to the Key Stone!</small><br>The opposing Pinsir has Mega Evolved into Mega Pinsir!<br></div><div class="spacer battle-history"><br></div><div class="battle-history">Greninja used <strong>Hydro Pump</strong>!<br></div><div class="battle-history"><small>(The opposing Pinsir lost <abbr title="−196/271">72.3%</abbr> of its health!)</small><br></div><div class="spacer battle-history"><br></div><div class="battle-history">The opposing Pinsir used <strong>X-Scissor</strong>!<br></div><div class="battle-history"><small>It's super effective!</small><br></div><div class="battle-history"><small>(Greninja lost <abbr title="−285/285">100%</abbr> of its health!)</small><br></div><div class="spacer battle-history"><br></div><div class="battle-history">Greninja fainted!<br></div><div class="chat chatmessage-yourachel"><strong style="color:hsl(285,57%,52.3248037071872%)"><small>☆</small><span class="username" data-name="You Rachel">You Rachel</span>:</strong> <em>vivan mis hax</em></div><div class="spacer battle-history"><br></div><div class="battle-history">Go! <strong>Pinsir</strong>!<br></div><div class="spacer battle-history"><br></div><h2 class="battle-history">Turn 11</h2><div class="spacer battle-history"><br></div><div class="battle-history"><small>Pinsir's Pinsirite is reacting to the Key Stone!</small><br>Pinsir has Mega Evolved into Mega Pinsir!<br></div><div class="spacer battle-history"><br></div><div class="battle-history">Pinsir used <strong>Quick Attack</strong>!<br></div><div class="battle-history"><small>It's super effective!</small><br></div><div class="battle-history"><small>(The opposing Pinsir lost <abbr title="−8/271">3.0%</abbr> of its health!)</small><br></div><div class="spacer battle-history"><br></div><div class="battle-history">The opposing Pinsir fainted!<br></div><div class="chat chatmessage-yourachel"><strong style="color:hsl(285,57%,52.3248037071872%)"><small>☆</small><span class="username" data-name="You Rachel">You Rachel</span>:</strong> <em>yo tambien he usado ataque rapido</em></div><div class="chat chatmessage-yourachel"><strong style="color:hsl(285,57%,52.3248037071872%)"><small>☆</small><span class="username" data-name="You Rachel">You Rachel</span>:</strong> <em>xd</em></div><div class="spacer battle-history"><br></div><div class="battle-history">You Rachel sent out <strong>Magearna</strong>!<br></div><div class="battle-history"><small>Pointed stones dug into the opposing Magearna!</small><br></div><div class="spacer battle-history"><br></div><h2 class="battle-history">Turn 12</h2><div class="chat chatmessage-camilacruz"><strong style="color:hsl(107,48%,44.819126939248115%)"><small>☆</small><span class="username" data-name="Camila Cruz♥">Camila Cruz♥</span>:</strong> <em>hasta aqui llego tu hax prro</em></div><div class="spacer battle-history"><br></div><div class="battle-history">Pinsir used <strong>Return</strong>!<br></div><div class="battle-history"><small>It's not very effective...</small><br></div><div class="battle-history"><small>(The opposing Magearna lost <abbr title="−114/364">31.3%</abbr> of its health!)</small><br></div><div class="battle-history"><small>The opposing Magearna surrounded itself with its Z-Power!</small><br></div><div class="spacer battle-history"><br></div><div class="battle-history">The opposing Magearna used <strong>Twinkle Tackle</strong>!<br></div><div class="battle-history"><small>(Pinsir lost <abbr title="−271/271">100%</abbr> of its health!)</small><br></div><div class="spacer battle-history"><br></div><div class="battle-history">Pinsir fainted!<br></div><div class="battle-history"><small>[The opposing Magearna's Soul-Heart]</small><br></div><div class="battle-history"><small>The opposing Magearna's Special Attack rose!</small><br></div><div class="chat chatmessage-yourachel"><strong style="color:hsl(285,57%,52.3248037071872%)"><small>☆</small><span class="username" data-name="You Rachel">You Rachel</span>:</strong> <em>hax</em></div><div class="chat chatmessage-nomanshax"><strong style="color:hsl(105,82%,35%)"><small>%</small><span class="username" data-name="No man's hax">No man's hax</span>:</strong> <em>no era mas coherente usar CC o eq?</em></div><div class="chat chatmessage-camilacruz"><strong style="color:hsl(107,48%,44.819126939248115%)"><small>☆</small><span class="username" data-name="Camila Cruz♥">Camila Cruz♥</span>:</strong> <em>nel</em></div><div class="chat chatmessage-camilacruz"><strong style="color:hsl(107,48%,44.819126939248115%)"><small>☆</small><span class="username" data-name="Camila Cruz♥">Camila Cruz♥</span>:</strong> <em>se bajaba la defensa y mria de prioridad</em></div><div class="spacer battle-history"><br></div><div class="battle-history">Go! <strong>Mimikyu</strong>!<br></div><div class="spacer battle-history"><br></div><h2 class="battle-history">Turn 13</h2><div class="chat chatmessage-nomanshax"><strong style="color:hsl(105,82%,35%)"><small>%</small><span class="username" data-name="No man's hax">No man's hax</span>:</strong> <em>ya</em></div><div class="chat chatmessage-yourachel"><strong style="color:hsl(285,57%,52.3248037071872%)"><small>☆</small><span class="username" data-name="You Rachel">You Rachel</span>:</strong> <em>malfito mimikyu</em></div><div class="spacer battle-history"><br></div><div class="battle-history">Mimikyu used <strong>Shadow Sneak</strong>!<br></div><div class="battle-history"><small>(The opposing Magearna lost <abbr title="−3/364">0.8%</abbr> of its health!)</small><br></div><div class="battle-history"><small>Mimikyu lost some of its HP!</small><br></div><div class="spacer battle-history"><br></div><div class="battle-history">The opposing Magearna fainted!<br></div><div class="chat chatmessage-yourachel"><strong style="color:hsl(285,57%,52.3248037071872%)"><small>☆</small><span class="username" data-name="You Rachel">You Rachel</span>:</strong> <em>como lo quiero</em></div><div class="spacer battle-history"><br></div><div class="battle-history">You Rachel sent out Mimikyu (<strong>Mimikyu-Totem</strong>)!<br></div><div class="battle-history"><small>Pointed stones dug into the opposing Mimikyu!</small><br></div><div class="spacer battle-history"><br></div><h2 class="battle-history">Turn 14</h2><div class="spacer battle-history"><br></div><div class="battle-history">Mimikyu used <strong>Shadow Sneak</strong>!<br></div><div class="battle-history"><small>[The opposing Mimikyu's Disguise]</small><br><small>Its disguise served it as a decoy!</small><br></div><div class="battle-history"><small>(The opposing Mimikyu lost <abbr title="0/251">0%</abbr> of its health!)</small><br></div><div class="battle-history"><small>Mimikyu lost some of its HP!</small><br></div><div class="spacer battle-history"><br></div><div class="battle-history">The opposing Mimikyu used <strong>Swords Dance</strong>!<br></div><div class="battle-history"><small>The opposing Mimikyu's Attack rose sharply!</small><br></div><div class="spacer battle-history"><br></div><h2 class="battle-history">Turn 15</h2><div class="chat chatmessage-yourachel"><strong style="color:hsl(285,57%,52.3248037071872%)"><small>☆</small><span class="username" data-name="You Rachel">You Rachel</span>:</strong> <em>gg mimikyu</em></div><div class="spacer battle-history"><br></div><div class="battle-history">The opposing Mimikyu used <strong>Shadow Sneak</strong>!<br></div><div class="battle-history"><small>[Mimikyu's Disguise]</small><br><small>Its disguise served it as a decoy!</small><br></div><div class="battle-history"><small>(Mimikyu lost <abbr title="0/251">0%</abbr> of its health!)</small><br></div><div class="battle-history">Mimikyu's disguise was busted!<br></div><div class="battle-history"><small>The opposing Mimikyu lost some of its HP!</small><br></div><div class="spacer battle-history"><br></div><div class="battle-history">Mimikyu used <strong>Shadow Sneak</strong>!<br></div><div class="battle-history"><small>It's super effective!</small><br></div><div class="battle-history"><small>(The opposing Mimikyu lost <abbr title="−179/251">71.3%</abbr> of its health!)</small><br></div><div class="battle-history"><small>Mimikyu lost some of its HP!</small><br></div><div class="spacer battle-history"><br></div><h2 class="battle-history">Turn 16</h2><div class="chat chatmessage-nomanshax"><strong style="color:hsl(105,82%,35%)"><small>%</small><span class="username" data-name="No man's hax">No man's hax</span>:</strong> <em>no pues chido</em></div><div class="chat chatmessage-yourachel"><strong style="color:hsl(285,57%,52.3248037071872%)"><small>☆</small><span class="username" data-name="You Rachel">You Rachel</span>:</strong> <em>lol</em></div><div class="chat chatmessage-yourachel"><strong style="color:hsl(285,57%,52.3248037071872%)"><small>☆</small><span class="username" data-name="You Rachel">You Rachel</span>:</strong> <em>gracias %No man's hax x2</em></div><div class="chat chatmessage-nomanshax"><strong style="color:hsl(105,82%,35%)"><small>%</small><span class="username" data-name="No man's hax">No man's hax</span>:</strong> <em>y el shadow claw?</em></div><div class="spacer battle-history"><br></div><div class="battle-history">The opposing Mimikyu used <strong>Shadow Sneak</strong>!<br></div><div class="battle-history"><small>It's super effective!</small><br></div><div class="battle-history"><small>(Mimikyu lost <abbr title="−176/251">70.1%</abbr> of its health!)</small><br></div><div class="battle-history"><small>The opposing Mimikyu lost some of its HP!</small><br></div><div class="spacer battle-history"><br></div><div class="battle-history">Mimikyu fainted!<br></div><div class="battle-history">The opposing Mimikyu fainted!<br></div><div class="chat chatmessage-camilacruz"><strong style="color:hsl(107,48%,44.819126939248115%)"><small>☆</small><span class="username" data-name="Camila Cruz♥">Camila Cruz♥</span>:</strong> <em>raios que hax tienes</em></div><div class="chat chatmessage-camilacruz"><strong style="color:hsl(107,48%,44.819126939248115%)"><small>☆</small><span class="username" data-name="Camila Cruz♥">Camila Cruz♥</span>:</strong> <em>%No man's hax lo que haces con tus novios</em></div><div class="chat chatmessage-camilacruz"><strong style="color:hsl(107,48%,44.819126939248115%)"><small>☆</small><span class="username" data-name="Camila Cruz♥">Camila Cruz♥</span>:</strong> <em></em></div><div class="chat chatmessage-nomanshax"><strong style="color:hsl(105,82%,35%)"><small>%</small><span class="username" data-name="No man's hax">No man's hax</span>:</strong> <em>insisto, no era mejor usar shadow clan o play rough?</em></div><div class="spacer battle-history"><br></div><div class="battle-history">You Rachel sent out <strong>Shuckle</strong>!<br></div><div class="spacer battle-history"><br></div><div class="battle-history">Go! <strong>Magearna</strong>!<br></div><div class="battle-history"><small>Pointed stones dug into the opposing Shuckle!</small><br></div><div class="spacer battle-history"><br></div><h2 class="battle-history">Turn 17</h2><div class="chat chatmessage-nomanshax"><strong style="color:hsl(105,82%,35%)"><small>%</small><span class="username" data-name="No man's hax">No man's hax</span>:</strong> <em>claw*</em></div><div class="chat chatmessage-yourachel"><strong style="color:hsl(285,57%,52.3248037071872%)"><small>☆</small><span class="username" data-name="You Rachel">You Rachel</span>:</strong> <em>no</em></div><div class="chat chatmessage-nomanshax"><strong style="color:hsl(105,82%,35%)"><small>%</small><span class="username" data-name="No man's hax">No man's hax</span>:</strong> <em>y es por que?</em></div><div class="chat chatmessage-camilacruz"><strong style="color:hsl(107,48%,44.819126939248115%)"><small>☆</small><span class="username" data-name="Camila Cruz♥">Camila Cruz♥</span>:</strong> <em>que shadow claw</em></div><div class="chat chatmessage-camilacruz"><strong style="color:hsl(107,48%,44.819126939248115%)"><small>☆</small><span class="username" data-name="Camila Cruz♥">Camila Cruz♥</span>:</strong> <em>soy substitute</em></div><div class="chat chatmessage-yourachel"><strong style="color:hsl(285,57%,52.3248037071872%)"><small>☆</small><span class="username" data-name="You Rachel">You Rachel</span>:</strong> <em>!dt shadow clawk</em></div><div class="chat">No se encontró "shadow clawk". Mostrando "Shadow Claw".</div><div class="chat message-error">[outdated code no longer supported]</div><div class="chat"><font size="1"><font color="#585858">Prioridad:</font> 0&nbsp;|  <font color="#585858">Gen:</font> 4&nbsp;|  <font color="#585858"><font color="black">✓ Contacto</font></font>&nbsp;|  <font color="#585858">Poder Z:</font> 140&nbsp;|  <font color="#585858">Objetivo:</font> Pokémon Adyacentes</font></div><div class="chat chatmessage-camilacruz"><strong style="color:hsl(107,48%,44.819126939248115%)"><small>☆</small><span class="username" data-name="Camila Cruz♥">Camila Cruz♥</span>:</strong> <em>xD</em></div><div class="chat chatmessage-yourachel"><strong style="color:hsl(285,57%,52.3248037071872%)"><small>☆</small><span class="username" data-name="You Rachel">You Rachel</span>:</strong> <em>%No man's hax</em></div><div class="chat chatmessage-nomanshax"><strong style="color:hsl(105,82%,35%)"><small>%</small><span class="username" data-name="No man's hax">No man's hax</span>:</strong> <em>pero no matabas con sneak</em></div><div class="chat chatmessage-yourachel"><strong style="color:hsl(285,57%,52.3248037071872%)"><small>☆</small><span class="username" data-name="You Rachel">You Rachel</span>:</strong> <em>podia su mimicou ser mas rapido</em></div><div class="spacer battle-history"><br></div><div class="battle-history">Magearna used <strong>Iron Head</strong>!<br></div><div class="battle-history"><small>It's super effective!</small><br></div><div class="battle-history"><small>(The opposing Shuckle lost <abbr title="−90/243">37.0%</abbr> of its health!)</small><br></div><div class="spacer battle-history"><br></div><div class="battle-history">The opposing Shuckle used <strong>Sticky Web</strong>!<br></div><div class="battle-history"><small>A sticky web spreads out on the ground around your team!</small><br></div><div class="spacer battle-history"><br></div><h2 class="battle-history">Turn 18</h2><div class="chat chatmessage-nomanshax"><strong style="color:hsl(105,82%,35%)"><small>%</small><span class="username" data-name="No man's hax">No man's hax</span>:</strong> <em>era mucho mas seguro el SC</em></div><div class="spacer battle-history"><br></div><div class="battle-history">Magearna used <strong>Iron Head</strong>!<br></div><div class="battle-history"><small>It's super effective!</small><br></div><div class="battle-history"><small>(The opposing Shuckle lost <abbr title="−33/243">13.6%</abbr> of its health!)</small><br></div><div class="spacer battle-history"><br></div><div class="battle-history">The opposing Shuckle fainted!<br></div><div class="battle-history"><small>[Magearna's Soul-Heart]</small><br></div><div class="battle-history"><small>Magearna's Special Attack rose!</small><br></div><div class="spacer battle-history"><br></div><div class="battle-history">You Rachel sent out <strong>Bisharp</strong>!<br></div><div class="battle-history"><small>Pointed stones dug into the opposing Bisharp!</small><br></div><div class="spacer battle-history"><br></div><h2 class="battle-history">Turn 19</h2><div class="chat chatmessage-yourachel"><strong style="color:hsl(285,57%,52.3248037071872%)"><small>☆</small><span class="username" data-name="You Rachel">You Rachel</span>:</strong> <em>creo que ya vali</em></div><div class="chat chatmessage-yourachel"><strong style="color:hsl(285,57%,52.3248037071872%)"><small>☆</small><span class="username" data-name="You Rachel">You Rachel</span>:</strong> <em>se me fue</em></div><div class="spacer battle-history"><br></div><div class="battle-history">The opposing Bisharp used <strong>Sucker Punch</strong>!<br></div><div class="battle-history"><small>It's not very effective...</small><br></div><div class="battle-history"><small>(Magearna lost <abbr title="−46/351">13.1%</abbr> of its health!)</small><br></div><div class="spacer battle-history"><br></div><div class="battle-history">Magearna fainted!<br></div><div class="chat chatmessage-yourachel"><strong style="color:hsl(285,57%,52.3248037071872%)"><small>☆</small><span class="username" data-name="You Rachel">You Rachel</span>:</strong> <em>haber</em></div><div class="chat chatmessage-yourachel"><strong style="color:hsl(285,57%,52.3248037071872%)"><small>☆</small><span class="username" data-name="You Rachel">You Rachel</span>:</strong> <em>Bisharp vs latios</em></div><div class="spacer battle-history"><br></div><div class="battle-history">Go! <strong>Latios</strong>!<br></div><div class="spacer battle-history"><br></div><h2 class="battle-history">Turn 20</h2><div class="chat chatmessage-yourachel"><strong style="color:hsl(285,57%,52.3248037071872%)"><small>☆</small><span class="username" data-name="You Rachel">You Rachel</span>:</strong> <em>combate muy reñido</em></div><div class="chat chatmessage-nomanshax"><strong style="color:hsl(105,82%,35%)"><small>%</small><span class="username" data-name="No man's hax">No man's hax</span>:</strong> <em>reveal el latios band</em></div><div class="spacer battle-history"><br></div><div class="battle-history">The opposing Bisharp used <strong>Sucker Punch</strong>!<br></div><div class="battle-history"><small>But it failed!</small><br></div><div class="spacer battle-history"><br></div><div class="battle-history">Latios used <strong>Trick</strong>!<br></div><div class="battle-history"><small>Latios switched items with its target!</small><br></div><div class="battle-history"><small>The opposing Bisharp obtained one Choice Scarf.</small><br></div><div class="battle-history"><small>Latios obtained one Black Glasses.</small><br></div><div class="spacer battle-history"><br></div><h2 class="battle-history">Turn 21</h2><div class="chat chatmessage-camilacruz"><strong style="color:hsl(107,48%,44.819126939248115%)"><small>☆</small><span class="username" data-name="Camila Cruz♥">Camila Cruz♥</span>:</strong> <em>ufff</em></div><div class="chat chatmessage-camilacruz"><strong style="color:hsl(107,48%,44.819126939248115%)"><small>☆</small><span class="username" data-name="Camila Cruz♥">Camila Cruz♥</span>:</strong> <em>xD</em></div><div class="chat chatmessage-nomanshax"><strong style="color:hsl(105,82%,35%)"><small>%</small><span class="username" data-name="No man's hax">No man's hax</span>:</strong> <em>espera</em></div><div class="chat chatmessage-yourachel"><strong style="color:hsl(285,57%,52.3248037071872%)"><small>☆</small><span class="username" data-name="You Rachel">You Rachel</span>:</strong> <em>espero</em></div><div class="chat chatmessage-nomanshax"><strong style="color:hsl(105,82%,35%)"><small>%</small><span class="username" data-name="No man's hax">No man's hax</span>:</strong> <em>no fue un tanto peligroso?</em></div><div class="chat chatmessage-yourachel"><strong style="color:hsl(285,57%,52.3248037071872%)"><small>☆</small><span class="username" data-name="You Rachel">You Rachel</span>:</strong> <em>el que</em></div><div class="chat chatmessage-nomanshax"><strong style="color:hsl(105,82%,35%)"><small>%</small><span class="username" data-name="No man's hax">No man's hax</span>:</strong> <em>el movimiento de camila</em></div><div class="spacer battle-history"><br></div><div class="battle-history">Latios used <strong>Defog</strong>!<br></div><div class="battle-history"><small>The opposing Bisharp's evasiveness fell!</small><br></div><div class="battle-history"><small>[The opposing Bisharp's Defiant]</small><br></div><div class="battle-history"><small>The opposing Bisharp's Attack rose sharply!</small><br></div><div class="battle-history"><small>The pointed stones disappeared from around the opposing team!</small><br></div><div class="battle-history"><small>The sticky web has disappeared from the ground around your team!</small><br></div><div class="spacer battle-history"><br></div><div class="battle-history">The opposing Bisharp used <strong>Knock Off</strong>!<br></div><div class="battle-history"><small>It's super effective!</small><br></div><div class="battle-history"><small>(Latios lost <abbr title="−301/301">100%</abbr> of its health!)</small><br></div><div class="battle-history"><small>The opposing Bisharp knocked off Latios's Black Glasses!</small><br></div><div class="spacer battle-history"><br></div><div class="battle-history">Latios fainted!<br></div><div class="spacer battle-history"><br></div><div class="battle-history"><strong>You Rachel</strong> won the battle!<br></div><div class="chat chatmessage-yourachel"><strong style="color:hsl(285,57%,52.3248037071872%)"><small>☆</small><span class="username" data-name="You Rachel">You Rachel</span>:</strong> <em>ganee</em></div><div class="chat chatmessage-nomanshax"><strong style="color:hsl(105,82%,35%)"><small>%</small><span class="username" data-name="No man's hax">No man's hax</span>:</strong> <em>a eso me referia</em></div><div class="chat chatmessage-nomanshax"><strong style="color:hsl(105,82%,35%)"><small>%</small><span class="username" data-name="No man's hax">No man's hax</span>:</strong> <em>con o sin gafas tu ganabas</em></div></div><div class="inner-preempt"></div></div></div>
</div>
<script>
let daily = Math.floor(Date.now()/1000/60/60/24);document.write('<script src="https://play.pokemonshowdown.com/js/replay-embed.js?version'+daily+'"></'+'script>');
</script>
