<!DOCTYPE html>
<meta charset="utf-8" />
<!-- version 1 -->
<title>OU replay: rambo ss vs. mi persona murio</title>
<style>
html,body {font-family:Verdana, sans-serif;font-size:10pt;margin:0;padding:0;}body{padding:12px 0;} .battle-log {font-family:Verdana, sans-serif;font-size:10pt;} .battle-log-inline {border:1px solid #AAAAAA;background:#EEF2F5;color:black;max-width:640px;margin:0 auto 80px;padding-bottom:5px;} .battle-log .inner {padding:4px 8px 0px 8px;} .battle-log .inner-preempt {padding:0 8px 4px 8px;} .battle-log .inner-after {margin-top:0.5em;} .battle-log h2 {margin:0.5em -8px;padding:4px 8px;border:1px solid #AAAAAA;background:#E0E7EA;border-left:0;border-right:0;font-family:Verdana, sans-serif;font-size:13pt;} .battle-log .chat {vertical-align:middle;padding:3px 0 3px 0;font-size:8pt;} .battle-log .chat strong {color:#40576A;} .battle-log .chat em {padding:1px 4px 1px 3px;color:#000000;font-style:normal;} .chat.mine {background:rgba(0,0,0,0.05);margin-left:-8px;margin-right:-8px;padding-left:8px;padding-right:8px;} .spoiler {color:#BBBBBB;background:#BBBBBB;padding:0px 3px;} .spoiler:hover, .spoiler:active, .spoiler-shown {color:#000000;background:#E2E2E2;padding:0px 3px;} .spoiler a {color:#BBBBBB;} .spoiler:hover a, .spoiler:active a, .spoiler-shown a {color:#2288CC;} .chat code, .chat .spoiler:hover code, .chat .spoiler:active code, .chat .spoiler-shown code {border:1px solid #C0C0C0;background:#EEEEEE;color:black;padding:0 2px;} .chat .spoiler code {border:1px solid #CCCCCC;background:#CCCCCC;color:#CCCCCC;} .battle-log .rated {padding:3px 4px;} .battle-log .rated strong {color:white;background:#89A;padding:1px 4px;border-radius:4px;} .spacer {margin-top:0.5em;} .message-announce {background:#6688AA;color:white;padding:1px 4px 2px;} .message-announce a, .broadcast-green a, .broadcast-blue a, .broadcast-red a {color:#DDEEFF;} .broadcast-green {background-color:#559955;color:white;padding:2px 4px;} .broadcast-blue {background-color:#6688AA;color:white;padding:2px 4px;} .infobox {border:1px solid #6688AA;padding:2px 4px;} .infobox-limited {max-height:200px;overflow:auto;overflow-x:hidden;} .broadcast-red {background-color:#AA5544;color:white;padding:2px 4px;} .message-learn-canlearn {font-weight:bold;color:#228822;text-decoration:underline;} .message-learn-cannotlearn {font-weight:bold;color:#CC2222;text-decoration:underline;} .message-effect-weak {font-weight:bold;color:#CC2222;} .message-effect-resist {font-weight:bold;color:#6688AA;} .message-effect-immune {font-weight:bold;color:#666666;} .message-learn-list {margin-top:0;margin-bottom:0;} .message-throttle-notice, .message-error {color:#992222;} .message-overflow, .chat small.message-overflow {font-size:0pt;} .message-overflow::before {font-size:9pt;content:'...';} .subtle {color:#3A4A66;}
</style>
<div class="wrapper replay-wrapper" style="max-width:1180px;margin:0 auto">
<input type="hidden" name="replayid" value="destiny-ou-524002" />
<div class="battle"></div><div class="battle-log"></div><div class="replay-controls"></div><div class="replay-controls-2"></div>
<h1 style="font-weight:normal;text-align:center"><strong>OU</strong><br /><a href="http://pokemonshowdown.com/users/ramboss" class="subtle" target="_blank">rambo ss</a> vs. <a href="http://pokemonshowdown.com/users/mipersonamurio" class="subtle" target="_blank">mi persona murio</a></h1>
<script type="text/plain" class="battle-log-data">|player|p1|rambo ss|ramboss.gif?1f547c17
|teamsize|p1|4
|player|p2|mi persona murio|israel77-preview.gif?0ce52bda
|teamsize|p2|6
|teamsize|p1|4
|teamsize|p2|6
|gametype|singles
|gen|7
|tier|OU
|seed|61346,65506,28355,44772
|rule|Cláusula-Mod de Dormir: solo puedes dormir a uno de tus oponentes a la vez.
|rule|Cláusula de Especie: Hasta un Pokémon de cada especie
|rule|Cláusula de Golpe Fulminante: los movimientos fulminantes (OHKO) estan prohibidos
|rule|Cláusula de Veleta: la habilidad Veleta está prohibida
|rule|Cláusula de Movimientos Evasivos: los movimientos de Evasión están prohibidos.
|rule|Cláusula de Batallas Eternas: forzar batallas eternas está prohibido
|clearpoke
|poke|p1|Clefable, M|item
|poke|p1|Hydreigon, F|item
|poke|p1|Gallade, M|item
|poke|p1|Celesteela|item
|poke|p2|Diggersby, M|item
|poke|p2|Greninja, F|item
|poke|p2|Landorus-Therian, M|item
|poke|p2|Charizard, F|item
|poke|p2|Mew|item
|poke|p2|Ferrothorn, M|item
|teampreview|undefined
|c|☆rambo ss|gl
|c|☆mi persona murio|=
|inactive|Reloj de batalla ENCENDIDO. El jugador inactivo será descalificado (solicitado por rambo ss).
|c|☆mi persona murio|ahi te va, el UTURN DE LOS MACHOS
|inactive|rambo ss tiene 285 segundos restantes.
|inactive|mi persona murio tiene 285 segundos restantes.
|c| Sr.Payasito|se paso
|choice|*team 3214|*
|c|☆mi persona murio|ah lol
|c|☆mi persona murio|son 4 pokes
|choice|*team 1234|*
|c|☆mi persona murio|ajajaja
|choice|*|*team 213456
|choice|*team 1234|*
|choice|*|*team 213456
|choice|team 1, 2, 3, 4|team 2, 1, 3, 4, 5, 6
|
|start
|switch|p1a: Clefable|Clefable, M|394\/394
|switch|p2a: Greninja|Greninja, F|285\/285
|turn|1
|choice|*|*move 4
|choice|*move 2|*
|choice|move thunderwave|move gunkshot
|
|move|p2a: Greninja|Gunk Shot|p1a: Clefable
|-start|p2a: Greninja|typechange|Poison|[from] Protean
|-supereffective|p1a: Clefable
|-damage|p1a: Clefable|134\/394
|-status|p1a: Clefable|psn
|move|p1a: Clefable|Thunder Wave|p2a: Greninja
|-status|p2a: Greninja|par
|
|-heal|p1a: Clefable|158\/394 psn|[from] item: Leftovers
|upkeep
|turn|2
|choice|*|*switch 4
|choice|*move 4|*
|choice|*|*move 4
|choice|move softboiled|move gunkshot
|
|move|p2a: Greninja|Gunk Shot|p1a: Clefable
|-supereffective|p1a: Clefable
|-damage|p1a: Clefable|0 fnt
|faint|p1a: Clefable
|
|upkeep
|c|☆rambo ss|haxed
|c|☆mi persona murio|rip
|choice|*switch 3|*
|choice|switch 3|
|
|switch|p1a: Gallade|Gallade, M|277\/277
|turn|3
|c|☆mi persona murio|haxed mis huevos
|c|☆rambo ss|para+gunk
|c|☆rambo ss|acertar 2 gunk shot
|choice|*|*move 4
|c|☆rambo ss|+el ultimo para
|c|☆rambo ss|es hax
|choice|*move 1 mega|*
|choice|move swordsdance mega|move gunkshot
|
|-mega|p1a: Gallade|Gallade|Galladite
|detailschange|p1a: Gallade|Gallade-Mega, M
|move|p1a: Gallade|Swords Dance|p1a: Gallade
|-boost|p1a: Gallade|atk|2
|cant|p2a: Greninja|par
|
|upkeep
|turn|4
|c|☆mi persona murio|JODER MACHO
|choice|*move 1|*
|choice|*|*move 4
|choice|move swordsdance|move gunkshot
|
|move|p1a: Gallade|Swords Dance|p1a: Gallade
|-boost|p1a: Gallade|atk|2
|move|p2a: Greninja|Gunk Shot|p1a: Gallade
|-damage|p1a: Gallade|141\/277
|
|upkeep
|turn|5
|choice|*|*move 4
|inactive|rambo ss tiene 285 segundos restantes.
|inactive|rambo ss tiene 270 segundos restantes.
|choice|*move 2|*
|choice|move drainpunch|move gunkshot
|
|move|p1a: Gallade|Drain Punch|p2a: Greninja
|-resisted|p2a: Greninja
|-damage|p2a: Greninja|0 fnt
|-heal|p1a: Gallade|277\/277|[from] drain|[of] p2a: Greninja
|faint|p2a: Greninja
|
|upkeep
|c|☆mi persona murio|no jodas
|c|☆mi persona murio|jajajaa
|c|☆mi persona murio|si eres knock off
|c|☆mi persona murio|doy X
|inactive|mi persona murio tiene 285 segundos restantes.
|choice|*|*switch 3
|choice||switch 3
|
|switch|p2a: Landorus|Landorus-Therian, M|319\/319
|-ability|p2a: Landorus|Intimidate|boost
|-unboost|p1a: Gallade|atk|1
|turn|6
|choice|*|*switch 6
|inactive|rambo ss tiene 285 segundos restantes.
|choice|*move 4|*
|choice|move zenheadbutt|switch 6
|
|switch|p2a: Ferrothorn|Ferrothorn, M|351\/351
|move|p1a: Gallade|Zen Headbutt|p2a: Ferrothorn
|-resisted|p2a: Ferrothorn
|-damage|p2a: Ferrothorn|189\/351
|-damage|p1a: Gallade|243\/277|[from] ability: Iron Barbs|[of] p2a: Ferrothorn
|
|-heal|p2a: Ferrothorn|210\/351|[from] item: Leftovers
|upkeep
|turn|7
|choice|*|*move 3
|choice|*move 1|*
|choice|move swordsdance|move gyroball
|
|move|p1a: Gallade|Swords Dance|p1a: Gallade
|-boost|p1a: Gallade|atk|2
|move|p2a: Ferrothorn|Gyro Ball|p1a: Gallade
|-damage|p1a: Gallade|80\/277
|
|-heal|p2a: Ferrothorn|231\/351|[from] item: Leftovers
|upkeep
|turn|8
|choice|*move 2|*
|choice|*|*switch 6
|choice|move drainpunch|switch 6
|
|switch|p2a: Landorus|Landorus-Therian, M|319\/319
|-ability|p2a: Landorus|Intimidate|boost
|-unboost|p1a: Gallade|atk|1
|move|p1a: Gallade|Drain Punch|p2a: Landorus
|-resisted|p2a: Landorus
|-damage|p2a: Landorus|54\/319
|-heal|p1a: Gallade|213\/277|[from] drain|[of] p2a: Landorus
|
|upkeep
|turn|9
|c|☆mi persona murio|joder
|c|☆mi persona murio|como pega
|c|☆mi persona murio|LOL
|choice|*move 3|*
|choice|*move 2|*
|choice|*|*switch 6
|choice|move drainpunch|switch 6
|
|switch|p2a: Ferrothorn|Ferrothorn, M|231\/351
|move|p1a: Gallade|Drain Punch|p2a: Ferrothorn
|-supereffective|p2a: Ferrothorn
|-damage|p2a: Ferrothorn|0 fnt
|-heal|p1a: Gallade|277\/277|[from] drain|[of] p2a: Ferrothorn
|-damage|p1a: Gallade|243\/277|[from] ability: Iron Barbs|[of] p2a: Ferrothorn
|faint|p2a: Ferrothorn
|
|upkeep
|choice|*|*switch 6
|choice||switch 6
|
|switch|p2a: Landorus|Landorus-Therian, M|54\/319
|-ability|p2a: Landorus|Intimidate|boost
|-unboost|p1a: Gallade|atk|1
|turn|10
|choice|*|*move 4 zmove
|inactive|rambo ss tiene 285 segundos restantes.
|choice|*move 3|*
|choice|move shadowsneak|move fly zmove
|
|move|p1a: Gallade|Shadow Sneak|p2a: Landorus
|-damage|p2a: Landorus|0 fnt
|faint|p2a: Landorus
|
|upkeep
|c|☆mi persona murio|no me vas a ganar por que sean 4 pokes
|c| Sr.Payasito|lol mi persona
|c|☆mi persona murio|me vas a ganar por que tienes unn poke que me hace 6-0
|c|☆mi persona murio|y que nadie usa
|inactive|mi persona murio tiene 285 segundos restantes.
|choice|*|*switch 5
|choice||switch 5
|
|switch|p2a: Mew|Mew|403\/403
|turn|11
|c|☆rambo ss|no te preocupes bro
|choice|*|*move 1
|c|☆rambo ss|greninja mataba a gallade
|c|☆rambo ss|pero tu ni caso
|c| Sr.Payasito|rambo jugamos una?
|inactive|rambo ss tiene 285 segundos restantes.
|c|☆rambo ss|pero igual es lo mas normal que pierdas vs mi
|c|☆mi persona murio|pero yo como iba a saber
|c|☆mi persona murio|que era tw
|c|☆rambo ss|estoy usando 4 pokes
|c|☆mi persona murio|macho
|c|☆rambo ss|no 3
|inactive|rambo ss tiene 270 segundos restantes.
|choice|*move 3|*
|choice|move shadowsneak|move willowisp
|
|move|p1a: Gallade|Shadow Sneak|p2a: Mew
|-supereffective|p2a: Mew
|-damage|p2a: Mew|161\/403
|move|p2a: Mew|Will-O-Wisp|p1a: Gallade
|-status|p1a: Gallade|brn
|
|-heal|p2a: Mew|186\/403|[from] item: Leftovers
|-damage|p1a: Gallade|226\/277 brn|[from] brn
|upkeep
|turn|12
|choice|*move 1|*
|c|☆mi persona murio|si eras clefa cosmic power y me lo tirabas igual perdia
|choice|*|*move 2
|choice|move swordsdance|move softboiled
|
|move|p1a: Gallade|Swords Dance|p1a: Gallade
|-boost|p1a: Gallade|atk|2
|move|p2a: Mew|Soft-Boiled|p2a: Mew
|-heal|p2a: Mew|388\/403
|
|-heal|p2a: Mew|403\/403|[from] item: Leftovers
|-damage|p1a: Gallade|209\/277 brn|[from] brn
|upkeep
|turn|13
|choice|*|*move 4
|choice|*move 1|*
|choice|*|*move 4
|choice|move swordsdance|move uturn
|
|move|p1a: Gallade|Swords Dance|p1a: Gallade
|-boost|p1a: Gallade|atk|1
|move|p2a: Mew|U-turn|p1a: Gallade
|-damage|p1a: Gallade|163\/277 brn
|choice|*|*switch 2
|choice||switch 2
|
|switch|p2a: Diggersby|Diggersby, M|311\/311|[from]move: U-turn
|
|-damage|p1a: Gallade|146\/277 brn|[from] brn
|upkeep
|turn|14
|choice|*|*switch 2
|inactive|rambo ss tiene 285 segundos restantes.
|inactive|mi persona murio tiene 285 segundos restantes.
|choice|*move 2|*
|choice|*|*move 3
|choice|move drainpunch|move quickattack
|
|move|p2a: Diggersby|Quick Attack|p1a: Gallade
|-damage|p1a: Gallade|10\/277 brn
|move|p1a: Gallade|Drain Punch|p2a: Diggersby
|-supereffective|p2a: Diggersby
|-damage|p2a: Diggersby|0 fnt
|-heal|p1a: Gallade|166\/277 brn|[from] drain|[of] p2a: Diggersby
|faint|p2a: Diggersby
|
|-damage|p1a: Gallade|149\/277 brn|[from] brn
|upkeep
|c|☆mi persona murio|di min
|c|☆mi persona murio|que lamentable
|c|☆rambo ss|tengo evs
|c|☆rambo ss|no es min
|c|☆mi persona murio|ah pues nada
|inactive|mi persona murio tiene 285 segundos restantes.
|choice|*|*switch 4
|choice||switch 4
|
|switch|p2a: Charizard|Charizard, F|297\/297
|turn|15
|choice|*|*move 1 mega
|choice|*move 4|*
|choice|move zenheadbutt|move flamethrower mega
|
|-mega|p2a: Charizard|Charizard|Charizardite Y
|detailschange|p2a: Charizard|Charizard-Mega-Y, F
|-weather|SunnyDay|[from] ability: Drought|[of] p2a: Charizard
|move|p1a: Gallade|Zen Headbutt|p2a: Charizard
|-damage|p2a: Charizard|0 fnt
|faint|p2a: Charizard
|
|-weather|SunnyDay|[upkeep]
|-damage|p1a: Gallade|132\/277 brn|[from] brn
|upkeep
|c|☆mi persona murio|hahaha que puto asco tu gallade
|-message|mi persona murio se rindió.
|
|win|rambo ss
</script>
</div>
<div class="battle-log battle-log-inline"><div class="inner"><div class="battle-options"></div><div class="inner"><div class=""><small>Format:</small> <br><strong>OU</strong></div><div class=""><small><em>Cláusula-Mod de Dormir:</em> solo puedes dormir a uno de tus oponentes a la vez.</small></div><div class=""><small><em>Cláusula de Especie:</em> Hasta un Pokémon de cada especie</small></div><div class=""><small><em>Cláusula de Golpe Fulminante:</em> los movimientos fulminantes (OHKO) estan prohibidos</small></div><div class=""><small><em>Cláusula de Veleta:</em> la habilidad Veleta está prohibida</small></div><div class=""><small><em>Cláusula de Movimientos Evasivos:</em> los movimientos de Evasión están prohibidos.</small></div><div class=""><small><em>Cláusula de Batallas Eternas:</em> forzar batallas eternas está prohibido</small></div><div class="chat battle-history"><strong>rambo ss's team:</strong> <em style="color:#445566;display:block;">Clefable / Hydreigon / Gallade / Celesteela</em></div><div class="chat battle-history"><strong>mi persona murio's team:</strong> <em style="color:#445566;display:block;">Diggersby / Greninja / Landorus-Therian / Charizard / Mew / Ferrothorn</em></div><div class="chat chatmessage-ramboss"><strong style="color:hsl(11,75%,48%)"><small>☆</small><span class="username" data-name="rambo ss">rambo ss</span>:</strong> <em>gl</em></div><div class="chat chatmessage-mipersonamurio"><strong style="color:hsl(316,53%,47.29341622733849%)"><small>☆</small><span class="username" data-name="mi persona murio">mi persona murio</span>:</strong> <em>=</em></div><div class="chat message-error">Reloj de batalla ENCENDIDO. El jugador inactivo será descalificado (solicitado por rambo ss).</div><div class="chat chatmessage-mipersonamurio"><strong style="color:hsl(316,53%,47.29341622733849%)"><small>☆</small><span class="username" data-name="mi persona murio">mi persona murio</span>:</strong> <em>ahi te va, el UTURN DE LOS MACHOS</em></div><div class="chat message-error">rambo ss tiene 285 segundos restantes.</div><div class="chat message-error">mi persona murio tiene 285 segundos restantes.</div><div class="chat chatmessage-srpayasito"><strong style="color:hsl(64,73%,35.19967866628852%)"><small> </small><span class="username" data-name="Sr.Payasito">Sr.Payasito</span>:</strong> <em>se paso</em></div><div class="chat chatmessage-mipersonamurio"><strong style="color:hsl(316,53%,47.29341622733849%)"><small>☆</small><span class="username" data-name="mi persona murio">mi persona murio</span>:</strong> <em>ah lol</em></div><div class="chat chatmessage-mipersonamurio"><strong style="color:hsl(316,53%,47.29341622733849%)"><small>☆</small><span class="username" data-name="mi persona murio">mi persona murio</span>:</strong> <em>son 4 pokes</em></div><div class="chat chatmessage-mipersonamurio"><strong style="color:hsl(316,53%,47.29341622733849%)"><small>☆</small><span class="username" data-name="mi persona murio">mi persona murio</span>:</strong> <em>ajajaja</em></div><div class="spacer battle-history"><br></div><div class="battle-history">Battle started between rambo ss and mi persona murio!<br></div><div class="spacer battle-history"><br></div><div class="battle-history">Go! <strong>Clefable</strong>!<br></div><div class="spacer battle-history"><br></div><div class="battle-history">mi persona murio sent out <strong>Greninja</strong>!<br></div><div class="spacer battle-history"><br></div><h2 class="battle-history">Turn 1</h2><div class="spacer battle-history"><br></div><div class="battle-history">The opposing Greninja used <strong>Gunk Shot</strong>!<br></div><div class="spacer battle-history"><br></div><div class="battle-history"><small>[The opposing Greninja's Protean]</small><br><small>The opposing Greninja transformed into the Poison type!</small><br></div><div class="battle-history"><small>It's super effective!</small><br></div><div class="battle-history"><small>(Clefable lost <abbr title="−260/394">66.0%</abbr> of its health!)</small><br></div><div class="battle-history"><small>Clefable was poisoned!</small><br></div><div class="spacer battle-history"><br></div><div class="battle-history">Clefable used <strong>Thunder Wave</strong>!<br></div><div class="battle-history"><small>The opposing Greninja is paralyzed! It may be unable to move!</small><br></div><div class="spacer battle-history"><br></div><div class="battle-history"><small>Clefable restored a little HP using its Leftovers!</small><br></div><div class="spacer battle-history"><br></div><h2 class="battle-history">Turn 2</h2><div class="spacer battle-history"><br></div><div class="battle-history">The opposing Greninja used <strong>Gunk Shot</strong>!<br></div><div class="battle-history"><small>It's super effective!</small><br></div><div class="battle-history"><small>(Clefable lost <abbr title="−158/394">40.1%</abbr> of its health!)</small><br></div><div class="spacer battle-history"><br></div><div class="battle-history">Clefable fainted!<br></div><div class="chat chatmessage-ramboss"><strong style="color:hsl(11,75%,48%)"><small>☆</small><span class="username" data-name="rambo ss">rambo ss</span>:</strong> <em>haxed</em></div><div class="chat chatmessage-mipersonamurio"><strong style="color:hsl(316,53%,47.29341622733849%)"><small>☆</small><span class="username" data-name="mi persona murio">mi persona murio</span>:</strong> <em>rip</em></div><div class="spacer battle-history"><br></div><div class="battle-history">Go! <strong>Gallade</strong>!<br></div><div class="spacer battle-history"><br></div><h2 class="battle-history">Turn 3</h2><div class="chat chatmessage-mipersonamurio"><strong style="color:hsl(316,53%,47.29341622733849%)"><small>☆</small><span class="username" data-name="mi persona murio">mi persona murio</span>:</strong> <em>haxed mis huevos</em></div><div class="chat chatmessage-ramboss"><strong style="color:hsl(11,75%,48%)"><small>☆</small><span class="username" data-name="rambo ss">rambo ss</span>:</strong> <em>para+gunk</em></div><div class="chat chatmessage-ramboss"><strong style="color:hsl(11,75%,48%)"><small>☆</small><span class="username" data-name="rambo ss">rambo ss</span>:</strong> <em>acertar 2 gunk shot</em></div><div class="chat chatmessage-ramboss"><strong style="color:hsl(11,75%,48%)"><small>☆</small><span class="username" data-name="rambo ss">rambo ss</span>:</strong> <em>+el ultimo para</em></div><div class="chat chatmessage-ramboss"><strong style="color:hsl(11,75%,48%)"><small>☆</small><span class="username" data-name="rambo ss">rambo ss</span>:</strong> <em>es hax</em></div><div class="spacer battle-history"><br></div><div class="battle-history"><small>Gallade's Galladite is reacting to the Key Stone!</small><br>Gallade has Mega Evolved into Mega Gallade!<br></div><div class="spacer battle-history"><br></div><div class="battle-history">Gallade used <strong>Swords Dance</strong>!<br></div><div class="battle-history"><small>Gallade's Attack rose sharply!</small><br></div><div class="spacer battle-history"><br></div><div class="battle-history">The opposing Greninja is paralyzed! It can't move!<br></div><div class="spacer battle-history"><br></div><h2 class="battle-history">Turn 4</h2><div class="chat chatmessage-mipersonamurio"><strong style="color:hsl(316,53%,47.29341622733849%)"><small>☆</small><span class="username" data-name="mi persona murio">mi persona murio</span>:</strong> <em>JODER MACHO</em></div><div class="spacer battle-history"><br></div><div class="battle-history">Gallade used <strong>Swords Dance</strong>!<br></div><div class="battle-history"><small>Gallade's Attack rose sharply!</small><br></div><div class="spacer battle-history"><br></div><div class="battle-history">The opposing Greninja used <strong>Gunk Shot</strong>!<br></div><div class="battle-history"><small>(Gallade lost <abbr title="−136/277">49.1%</abbr> of its health!)</small><br></div><div class="spacer battle-history"><br></div><h2 class="battle-history">Turn 5</h2><div class="chat message-error">rambo ss tiene 285 segundos restantes.</div><div class="chat message-error">rambo ss tiene 270 segundos restantes.</div><div class="spacer battle-history"><br></div><div class="battle-history">Gallade used <strong>Drain Punch</strong>!<br></div><div class="battle-history"><small>It's not very effective...</small><br></div><div class="battle-history"><small>(The opposing Greninja lost <abbr title="−285/285">100%</abbr> of its health!)</small><br></div><div class="battle-history"><small>The opposing Greninja had its energy drained!</small><br></div><div class="spacer battle-history"><br></div><div class="battle-history">The opposing Greninja fainted!<br></div><div class="chat chatmessage-mipersonamurio"><strong style="color:hsl(316,53%,47.29341622733849%)"><small>☆</small><span class="username" data-name="mi persona murio">mi persona murio</span>:</strong> <em>no jodas</em></div><div class="chat chatmessage-mipersonamurio"><strong style="color:hsl(316,53%,47.29341622733849%)"><small>☆</small><span class="username" data-name="mi persona murio">mi persona murio</span>:</strong> <em>jajajaa</em></div><div class="chat chatmessage-mipersonamurio"><strong style="color:hsl(316,53%,47.29341622733849%)"><small>☆</small><span class="username" data-name="mi persona murio">mi persona murio</span>:</strong> <em>si eres knock off</em></div><div class="chat chatmessage-mipersonamurio"><strong style="color:hsl(316,53%,47.29341622733849%)"><small>☆</small><span class="username" data-name="mi persona murio">mi persona murio</span>:</strong> <em>doy X</em></div><div class="chat message-error">mi persona murio tiene 285 segundos restantes.</div><div class="spacer battle-history"><br></div><div class="battle-history">mi persona murio sent out Landorus (<strong>Landorus-Therian</strong>)!<br></div><div class="battle-history"><small>[The opposing Landorus's Intimidate]</small><br></div><div class="battle-history"><small>Gallade's Attack fell!</small><br></div><div class="spacer battle-history"><br></div><h2 class="battle-history">Turn 6</h2><div class="chat message-error">rambo ss tiene 285 segundos restantes.</div><div class="spacer battle-history"><br></div><div class="battle-history">mi persona murio withdrew Landorus!<br></div><div class="battle-history">mi persona murio sent out <strong>Ferrothorn</strong>!<br></div><div class="spacer battle-history"><br></div><div class="battle-history">Gallade used <strong>Zen Headbutt</strong>!<br></div><div class="battle-history"><small>It's not very effective...</small><br></div><div class="battle-history"><small>(The opposing Ferrothorn lost <abbr title="−162/351">46.2%</abbr> of its health!)</small><br></div><div class="battle-history"><small>[The opposing Ferrothorn's Iron Barbs]</small><br><small>Gallade was hurt!</small><br></div><div class="spacer battle-history"><br></div><div class="battle-history"><small>The opposing Ferrothorn restored a little HP using its Leftovers!</small><br></div><div class="spacer battle-history"><br></div><h2 class="battle-history">Turn 7</h2><div class="spacer battle-history"><br></div><div class="battle-history">Gallade used <strong>Swords Dance</strong>!<br></div><div class="battle-history"><small>Gallade's Attack rose sharply!</small><br></div><div class="spacer battle-history"><br></div><div class="battle-history">The opposing Ferrothorn used <strong>Gyro Ball</strong>!<br></div><div class="battle-history"><small>(Gallade lost <abbr title="−163/277">58.8%</abbr> of its health!)</small><br></div><div class="spacer battle-history"><br></div><div class="battle-history"><small>The opposing Ferrothorn restored a little HP using its Leftovers!</small><br></div><div class="spacer battle-history"><br></div><h2 class="battle-history">Turn 8</h2><div class="spacer battle-history"><br></div><div class="battle-history">mi persona murio withdrew Ferrothorn!<br></div><div class="battle-history">mi persona murio sent out Landorus (<strong>Landorus-Therian</strong>)!<br></div><div class="battle-history"><small>[The opposing Landorus's Intimidate]</small><br></div><div class="battle-history"><small>Gallade's Attack fell!</small><br></div><div class="spacer battle-history"><br></div><div class="battle-history">Gallade used <strong>Drain Punch</strong>!<br></div><div class="battle-history"><small>It's not very effective...</small><br></div><div class="battle-history"><small>(The opposing Landorus lost <abbr title="−265/319">83.1%</abbr> of its health!)</small><br></div><div class="battle-history"><small>The opposing Landorus had its energy drained!</small><br></div><div class="spacer battle-history"><br></div><h2 class="battle-history">Turn 9</h2><div class="chat chatmessage-mipersonamurio"><strong style="color:hsl(316,53%,47.29341622733849%)"><small>☆</small><span class="username" data-name="mi persona murio">mi persona murio</span>:</strong> <em>joder</em></div><div class="chat chatmessage-mipersonamurio"><strong style="color:hsl(316,53%,47.29341622733849%)"><small>☆</small><span class="username" data-name="mi persona murio">mi persona murio</span>:</strong> <em>como pega</em></div><div class="chat chatmessage-mipersonamurio"><strong style="color:hsl(316,53%,47.29341622733849%)"><small>☆</small><span class="username" data-name="mi persona murio">mi persona murio</span>:</strong> <em>LOL</em></div><div class="spacer battle-history"><br></div><div class="battle-history">mi persona murio withdrew Landorus!<br></div><div class="battle-history">mi persona murio sent out <strong>Ferrothorn</strong>!<br></div><div class="spacer battle-history"><br></div><div class="battle-history">Gallade used <strong>Drain Punch</strong>!<br></div><div class="battle-history"><small>It's super effective!</small><br></div><div class="battle-history"><small>(The opposing Ferrothorn lost <abbr title="−231/351">65.8%</abbr> of its health!)</small><br></div><div class="battle-history"><small>The opposing Ferrothorn had its energy drained!</small><br></div><div class="battle-history"><small>[The opposing Ferrothorn's Iron Barbs]</small><br><small>Gallade was hurt!</small><br></div><div class="spacer battle-history"><br></div><div class="battle-history">The opposing Ferrothorn fainted!<br></div><div class="spacer battle-history"><br></div><div class="battle-history">mi persona murio sent out Landorus (<strong>Landorus-Therian</strong>)!<br></div><div class="battle-history"><small>[The opposing Landorus's Intimidate]</small><br></div><div class="battle-history"><small>Gallade's Attack fell!</small><br></div><div class="spacer battle-history"><br></div><h2 class="battle-history">Turn 10</h2><div class="chat message-error">rambo ss tiene 285 segundos restantes.</div><div class="spacer battle-history"><br></div><div class="battle-history">Gallade used <strong>Shadow Sneak</strong>!<br></div><div class="battle-history"><small>(The opposing Landorus lost <abbr title="−54/319">16.9%</abbr> of its health!)</small><br></div><div class="spacer battle-history"><br></div><div class="battle-history">The opposing Landorus fainted!<br></div><div class="chat chatmessage-mipersonamurio"><strong style="color:hsl(316,53%,47.29341622733849%)"><small>☆</small><span class="username" data-name="mi persona murio">mi persona murio</span>:</strong> <em>no me vas a ganar por que sean 4 pokes</em></div><div class="chat chatmessage-srpayasito"><strong style="color:hsl(64,73%,35.19967866628852%)"><small> </small><span class="username" data-name="Sr.Payasito">Sr.Payasito</span>:</strong> <em>lol mi persona</em></div><div class="chat chatmessage-mipersonamurio"><strong style="color:hsl(316,53%,47.29341622733849%)"><small>☆</small><span class="username" data-name="mi persona murio">mi persona murio</span>:</strong> <em>me vas a ganar por que tienes unn poke que me hace 6-0</em></div><div class="chat chatmessage-mipersonamurio"><strong style="color:hsl(316,53%,47.29341622733849%)"><small>☆</small><span class="username" data-name="mi persona murio">mi persona murio</span>:</strong> <em>y que nadie usa</em></div><div class="chat message-error">mi persona murio tiene 285 segundos restantes.</div><div class="spacer battle-history"><br></div><div class="battle-history">mi persona murio sent out <strong>Mew</strong>!<br></div><div class="spacer battle-history"><br></div><h2 class="battle-history">Turn 11</h2><div class="chat chatmessage-ramboss"><strong style="color:hsl(11,75%,48%)"><small>☆</small><span class="username" data-name="rambo ss">rambo ss</span>:</strong> <em>no te preocupes bro</em></div><div class="chat chatmessage-ramboss"><strong style="color:hsl(11,75%,48%)"><small>☆</small><span class="username" data-name="rambo ss">rambo ss</span>:</strong> <em>greninja mataba a gallade</em></div><div class="chat chatmessage-ramboss"><strong style="color:hsl(11,75%,48%)"><small>☆</small><span class="username" data-name="rambo ss">rambo ss</span>:</strong> <em>pero tu ni caso</em></div><div class="chat chatmessage-srpayasito"><strong style="color:hsl(64,73%,35.19967866628852%)"><small> </small><span class="username" data-name="Sr.Payasito">Sr.Payasito</span>:</strong> <em>rambo jugamos una?</em></div><div class="chat message-error">rambo ss tiene 285 segundos restantes.</div><div class="chat chatmessage-ramboss"><strong style="color:hsl(11,75%,48%)"><small>☆</small><span class="username" data-name="rambo ss">rambo ss</span>:</strong> <em>pero igual es lo mas normal que pierdas vs mi</em></div><div class="chat chatmessage-mipersonamurio"><strong style="color:hsl(316,53%,47.29341622733849%)"><small>☆</small><span class="username" data-name="mi persona murio">mi persona murio</span>:</strong> <em>pero yo como iba a saber</em></div><div class="chat chatmessage-mipersonamurio"><strong style="color:hsl(316,53%,47.29341622733849%)"><small>☆</small><span class="username" data-name="mi persona murio">mi persona murio</span>:</strong> <em>que era tw</em></div><div class="chat chatmessage-ramboss"><strong style="color:hsl(11,75%,48%)"><small>☆</small><span class="username" data-name="rambo ss">rambo ss</span>:</strong> <em>estoy usando 4 pokes</em></div><div class="chat chatmessage-mipersonamurio"><strong style="color:hsl(316,53%,47.29341622733849%)"><small>☆</small><span class="username" data-name="mi persona murio">mi persona murio</span>:</strong> <em>macho</em></div><div class="chat chatmessage-ramboss"><strong style="color:hsl(11,75%,48%)"><small>☆</small><span class="username" data-name="rambo ss">rambo ss</span>:</strong> <em>no 3</em></div><div class="chat message-error">rambo ss tiene 270 segundos restantes.</div><div class="spacer battle-history"><br></div><div class="battle-history">Gallade used <strong>Shadow Sneak</strong>!<br></div><div class="battle-history"><small>It's super effective!</small><br></div><div class="battle-history"><small>(The opposing Mew lost <abbr title="−242/403">60.0%</abbr> of its health!)</small><br></div><div class="spacer battle-history"><br></div><div class="battle-history">The opposing Mew used <strong>Will-O-Wisp</strong>!<br></div><div class="battle-history"><small>Gallade was burned!</small><br></div><div class="spacer battle-history"><br></div><div class="battle-history"><small>The opposing Mew restored a little HP using its Leftovers!</small><br></div><div class="battle-history"><small>Gallade was hurt by its burn!</small><br></div><div class="spacer battle-history"><br></div><h2 class="battle-history">Turn 12</h2><div class="chat chatmessage-mipersonamurio"><strong style="color:hsl(316,53%,47.29341622733849%)"><small>☆</small><span class="username" data-name="mi persona murio">mi persona murio</span>:</strong> <em>si eras clefa cosmic power y me lo tirabas igual perdia</em></div><div class="spacer battle-history"><br></div><div class="battle-history">Gallade used <strong>Swords Dance</strong>!<br></div><div class="battle-history"><small>Gallade's Attack rose sharply!</small><br></div><div class="spacer battle-history"><br></div><div class="battle-history">The opposing Mew used <strong>Soft-Boiled</strong>!<br></div><div class="battle-history"><small>The opposing Mew restored its HP.</small><br></div><div class="spacer battle-history"><br></div><div class="battle-history"><small>The opposing Mew restored a little HP using its Leftovers!</small><br></div><div class="battle-history"><small>Gallade was hurt by its burn!</small><br></div><div class="spacer battle-history"><br></div><h2 class="battle-history">Turn 13</h2><div class="spacer battle-history"><br></div><div class="battle-history">Gallade used <strong>Swords Dance</strong>!<br></div><div class="battle-history"><small>Gallade's Attack rose!</small><br></div><div class="spacer battle-history"><br></div><div class="battle-history">The opposing Mew used <strong>U-turn</strong>!<br></div><div class="battle-history"><small>(Gallade lost <abbr title="−46/277">16.6%</abbr> of its health!)</small><br></div><div class="spacer battle-history"><br></div><div class="battle-history">The opposing Mew went back to mi persona murio!<br></div><div class="battle-history">mi persona murio sent out <strong>Diggersby</strong>!<br></div><div class="spacer battle-history"><br></div><div class="battle-history"><small>Gallade was hurt by its burn!</small><br></div><div class="spacer battle-history"><br></div><h2 class="battle-history">Turn 14</h2><div class="chat message-error">rambo ss tiene 285 segundos restantes.</div><div class="chat message-error">mi persona murio tiene 285 segundos restantes.</div><div class="spacer battle-history"><br></div><div class="battle-history">The opposing Diggersby used <strong>Quick Attack</strong>!<br></div><div class="battle-history"><small>(Gallade lost <abbr title="−136/277">49.1%</abbr> of its health!)</small><br></div><div class="spacer battle-history"><br></div><div class="battle-history">Gallade used <strong>Drain Punch</strong>!<br></div><div class="battle-history"><small>It's super effective!</small><br></div><div class="battle-history"><small>(The opposing Diggersby lost <abbr title="−311/311">100%</abbr> of its health!)</small><br></div><div class="battle-history"><small>The opposing Diggersby had its energy drained!</small><br></div><div class="spacer battle-history"><br></div><div class="battle-history">The opposing Diggersby fainted!<br></div><div class="spacer battle-history"><br></div><div class="battle-history"><small>Gallade was hurt by its burn!</small><br></div><div class="chat chatmessage-mipersonamurio"><strong style="color:hsl(316,53%,47.29341622733849%)"><small>☆</small><span class="username" data-name="mi persona murio">mi persona murio</span>:</strong> <em>di min</em></div><div class="chat chatmessage-mipersonamurio"><strong style="color:hsl(316,53%,47.29341622733849%)"><small>☆</small><span class="username" data-name="mi persona murio">mi persona murio</span>:</strong> <em>que lamentable</em></div><div class="chat chatmessage-ramboss"><strong style="color:hsl(11,75%,48%)"><small>☆</small><span class="username" data-name="rambo ss">rambo ss</span>:</strong> <em>tengo evs</em></div><div class="chat chatmessage-ramboss"><strong style="color:hsl(11,75%,48%)"><small>☆</small><span class="username" data-name="rambo ss">rambo ss</span>:</strong> <em>no es min</em></div><div class="chat chatmessage-mipersonamurio"><strong style="color:hsl(316,53%,47.29341622733849%)"><small>☆</small><span class="username" data-name="mi persona murio">mi persona murio</span>:</strong> <em>ah pues nada</em></div><div class="chat message-error">mi persona murio tiene 285 segundos restantes.</div><div class="spacer battle-history"><br></div><div class="battle-history">mi persona murio sent out <strong>Charizard</strong>!<br></div><div class="spacer battle-history"><br></div><h2 class="battle-history">Turn 15</h2><div class="spacer battle-history"><br></div><div class="battle-history"><small>The opposing Charizard's Charizardite Y is reacting to the Key Stone!</small><br>The opposing Charizard has Mega Evolved into Mega Charizard!<br></div><div class="battle-history"><small>[The opposing Charizard's Drought]</small><br><small>The sunlight turned harsh!</small><br></div><div class="spacer battle-history"><br></div><div class="battle-history">Gallade used <strong>Zen Headbutt</strong>!<br></div><div class="battle-history"><small>(The opposing Charizard lost <abbr title="−297/297">100%</abbr> of its health!)</small><br></div><div class="spacer battle-history"><br></div><div class="battle-history">The opposing Charizard fainted!<br></div><div class="spacer battle-history"><br></div><div class="battle-history"><small>(The sunlight is strong!)</small><br></div><div class="battle-history"><small>Gallade was hurt by its burn!</small><br></div><div class="chat chatmessage-mipersonamurio"><strong style="color:hsl(316,53%,47.29341622733849%)"><small>☆</small><span class="username" data-name="mi persona murio">mi persona murio</span>:</strong> <em>hahaha que puto asco tu gallade</em></div><div class="spacer battle-history"><br></div><div class="battle-history"><small>mi persona murio se rindió.</small><br></div><div class="spacer battle-history"><br></div><div class="battle-history"><strong>rambo ss</strong> won the battle!<br></div></div><div class="inner-preempt"></div></div></div>
</div>
<script>
let daily = Math.floor(Date.now()/1000/60/60/24);document.write('<script src="https://play.pokemonshowdown.com/js/replay-embed.js?version'+daily+'"></'+'script>');
</script>
