<!DOCTYPE html>
<meta charset="utf-8" />
<!-- version 1 -->
<title>OU replay: donpirolo vs. SDN_NeaL</title>
<style>
html,body {font-family:Verdana, sans-serif;font-size:10pt;margin:0;padding:0;}body{padding:12px 0;} .battle-log {font-family:Verdana, sans-serif;font-size:10pt;} .battle-log-inline {border:1px solid #AAAAAA;background:#EEF2F5;color:black;max-width:640px;margin:0 auto 80px;padding-bottom:5px;} .battle-log .inner {padding:4px 8px 0px 8px;} .battle-log .inner-preempt {padding:0 8px 4px 8px;} .battle-log .inner-after {margin-top:0.5em;} .battle-log h2 {margin:0.5em -8px;padding:4px 8px;border:1px solid #AAAAAA;background:#E0E7EA;border-left:0;border-right:0;font-family:Verdana, sans-serif;font-size:13pt;} .battle-log .chat {vertical-align:middle;padding:3px 0 3px 0;font-size:8pt;} .battle-log .chat strong {color:#40576A;} .battle-log .chat em {padding:1px 4px 1px 3px;color:#000000;font-style:normal;} .chat.mine {background:rgba(0,0,0,0.05);margin-left:-8px;margin-right:-8px;padding-left:8px;padding-right:8px;} .spoiler {color:#BBBBBB;background:#BBBBBB;padding:0px 3px;} .spoiler:hover, .spoiler:active, .spoiler-shown {color:#000000;background:#E2E2E2;padding:0px 3px;} .spoiler a {color:#BBBBBB;} .spoiler:hover a, .spoiler:active a, .spoiler-shown a {color:#2288CC;} .chat code, .chat .spoiler:hover code, .chat .spoiler:active code, .chat .spoiler-shown code {border:1px solid #C0C0C0;background:#EEEEEE;color:black;padding:0 2px;} .chat .spoiler code {border:1px solid #CCCCCC;background:#CCCCCC;color:#CCCCCC;} .battle-log .rated {padding:3px 4px;} .battle-log .rated strong {color:white;background:#89A;padding:1px 4px;border-radius:4px;} .spacer {margin-top:0.5em;} .message-announce {background:#6688AA;color:white;padding:1px 4px 2px;} .message-announce a, .broadcast-green a, .broadcast-blue a, .broadcast-red a {color:#DDEEFF;} .broadcast-green {background-color:#559955;color:white;padding:2px 4px;} .broadcast-blue {background-color:#6688AA;color:white;padding:2px 4px;} .infobox {border:1px solid #6688AA;padding:2px 4px;} .infobox-limited {max-height:200px;overflow:auto;overflow-x:hidden;} .broadcast-red {background-color:#AA5544;color:white;padding:2px 4px;} .message-learn-canlearn {font-weight:bold;color:#228822;text-decoration:underline;} .message-learn-cannotlearn {font-weight:bold;color:#CC2222;text-decoration:underline;} .message-effect-weak {font-weight:bold;color:#CC2222;} .message-effect-resist {font-weight:bold;color:#6688AA;} .message-effect-immune {font-weight:bold;color:#666666;} .message-learn-list {margin-top:0;margin-bottom:0;} .message-throttle-notice, .message-error {color:#992222;} .message-overflow, .chat small.message-overflow {font-size:0pt;} .message-overflow::before {font-size:9pt;content:'...';} .subtle {color:#3A4A66;}
</style>
<div class="wrapper replay-wrapper" style="max-width:1180px;margin:0 auto">
<input type="hidden" name="replayid" value="destiny-ou-452283" />
<div class="battle"></div><div class="battle-log"></div><div class="replay-controls"></div><div class="replay-controls-2"></div>
<h1 style="font-weight:normal;text-align:center"><strong>OU</strong><br /><a href="http://pokemonshowdown.com/users/donpirolo" class="subtle" target="_blank">donpirolo</a> vs. <a href="http://pokemonshowdown.com/users/sdnneal" class="subtle" target="_blank">SDN_NeaL</a></h1>
<script type="text/plain" class="battle-log-data">|player|p1|donpirolo|102
|teamsize|p1|6
|player|p2|SDN_NeaL|201
|teamsize|p2|6
|teamsize|p1|6
|teamsize|p2|6
|gametype|singles
|gen|7
|tier|OU
|rated
|seed|19965,41377,47676,25525
|rule|Cláusula-Mod de Dormir: solo puedes dormir a uno de tus oponentes a la vez.
|rule|Cláusula de Especie: Hasta un Pokémon de cada especie
|rule|Cláusula de Golpe Fulminante: los movimientos fulminantes (OHKO) estan prohibidos
|rule|Cláusula de Veleta: la habilidad Veleta está prohibida
|rule|Cláusula de Movimientos Evasivos: los movimientos de Evasión están prohibidos.
|rule|Cláusula de Batallas Eternas: forzar batallas eternas está prohibido
|clearpoke
|poke|p1|Gliscor, M|item
|poke|p1|Toxapex, M|item
|poke|p1|Landorus-Therian, M|item
|poke|p1|Scizor, F|item
|poke|p1|Zapdos|item
|poke|p1|Weavile, M|item
|poke|p2|Gliscor, M|item
|poke|p2|Tapu Lele|item
|poke|p2|Buzzwole|item
|poke|p2|Gyarados, M|item
|poke|p2|Magearna|item
|poke|p2|Chansey, F|item
|teampreview|undefined
|choice|*|*team 523416
|choice|*|*team 523416
|inactive|Reloj de batalla ENCENDIDO. El jugador inactivo será descalificado (solicitado por SDN_NeaL).
|choice|*team 321456|*
|choice|team 3, 2, 1, 4, 5, 6|team 5, 2, 3, 4, 1, 6
|
|start
|switch|p1a: Landorus|Landorus-Therian, M|382\/382
|switch|p2a: Magearna|Magearna|363\/363
|-ability|p1a: Landorus|Intimidate|boost
|-unboost|p2a: Magearna|atk|1
|turn|1
|choice|*|*switch 5
|inactive|donpirolo tiene 135 segundos restantes.
|choice|*move 4 zmove|*
|choice|move explosion zmove|switch 5
|
|switch|p2a: Gliscor|Gliscor, M|353\/353
|-zpower|p1a: Landorus
|move|p1a: Landorus|Breakneck Blitz|p2a: Gliscor|[zeffect]
|-damage|p2a: Gliscor|188\/353
|
|-status|p2a: Gliscor|tox|[from] item: Toxic Orb
|upkeep
|turn|2
|choice|*|*move 1
|choice|*move 3|*
|choice|move hiddenpower|move toxic
|
|move|p1a: Landorus|Hidden Power|p2a: Gliscor
|-supereffective|p2a: Gliscor
|-damage|p2a: Gliscor|0 fnt
|faint|p2a: Gliscor
|
|upkeep
|choice|*|*switch 4
|choice||switch 4
|
|switch|p2a: Gyarados|Gyarados, M|331\/331
|-ability|p2a: Gyarados|Intimidate|boost
|-unboost|p1a: Landorus|atk|1
|turn|3
|choice|*|*move 1
|choice|*switch 5|*
|choice|switch 5|move dragondance
|
|switch|p1a: Zapdos|Zapdos|321\/321
|move|p2a: Gyarados|Dragon Dance|p2a: Gyarados
|-boost|p2a: Gyarados|atk|1
|-boost|p2a: Gyarados|spe|1
|
|upkeep
|turn|4
|choice|*move 2|*
|choice|*|*move 2 mega
|choice|move thunderbolt|move crunch mega
|
|-mega|p2a: Gyarados|Gyarados|Gyaradosite
|detailschange|p2a: Gyarados|Gyarados-Mega, M
|-ability|p2a: Gyarados|Mold Breaker
|move|p2a: Gyarados|Crunch|p1a: Zapdos
|-damage|p1a: Zapdos|51\/321
|move|p1a: Zapdos|Thunderbolt|p2a: Gyarados
|-supereffective|p2a: Gyarados
|-damage|p2a: Gyarados|91\/331
|
|-heal|p1a: Zapdos|71\/321|[from] item: Leftovers
|upkeep
|turn|5
|choice|*|*move 2
|inactive|donpirolo tiene 135 segundos restantes.
|choice|*switch 4|*
|choice|switch 4|move crunch
|
|switch|p1a: Scizor|Scizor, F|320\/320
|move|p2a: Gyarados|Crunch|p1a: Scizor
|-damage|p1a: Scizor|109\/320
|
|upkeep
|turn|6
|choice|*|*move 2
|choice|*move 3 mega|*
|choice|move bulletpunch mega|move crunch
|
|-mega|p1a: Scizor|Scizor|Scizorite
|detailschange|p1a: Scizor|Scizor-Mega, F
|move|p1a: Scizor|Bullet Punch|p2a: Gyarados
|-resisted|p2a: Gyarados
|-damage|p2a: Gyarados|28\/331
|move|p2a: Gyarados|Crunch|p1a: Scizor
|-damage|p1a: Scizor|0 fnt
|faint|p1a: Scizor
|
|upkeep
|choice|*switch 2|*
|choice|switch 2|
|
|switch|p1a: Toxapex|Toxapex, M|276\/276
|turn|7
|choice|*|*move 2
|choice|*move 3|*
|choice|move venoshock|move crunch
|
|move|p2a: Gyarados|Crunch|p1a: Toxapex
|-damage|p1a: Toxapex|99\/276
|move|p1a: Toxapex|Venoshock|p2a: Gyarados
|-damage|p2a: Gyarados|0 fnt
|faint|p2a: Gyarados
|
|-heal|p1a: Toxapex|116\/276|[from] item: Black Sludge
|upkeep
|choice|*|*switch 2
|choice||switch 2
|
|switch|p2a: Tapu Lele|Tapu Lele|343\/343
|-fieldstart|move: Psychic Terrain|[from] ability: Psychic Surge|[of] p2a: Tapu Lele
|turn|8
|choice|*|*move 4
|choice|*move 1|*
|choice|move banefulbunker|move calmmind
|
|move|p1a: Toxapex|Baneful Bunker|p1a: Toxapex
|-singleturn|p1a: Toxapex|move: Protect
|move|p2a: Tapu Lele|Calm Mind|p2a: Tapu Lele
|-boost|p2a: Tapu Lele|spa|1
|-boost|p2a: Tapu Lele|spd|1
|
|-heal|p1a: Toxapex|133\/276|[from] item: Black Sludge
|upkeep
|turn|9
|choice|*|*move 2
|choice|*|*move 1
|choice|*move 2|*
|choice|move haze|move psyshock
|
|move|p2a: Tapu Lele|Psyshock|p1a: Toxapex
|-supereffective|p1a: Toxapex
|-damage|p1a: Toxapex|0 fnt
|faint|p1a: Toxapex
|
|upkeep
|choice|*switch 6|*
|choice|switch 6|
|
|switch|p1a: Weavile|Weavile, M|281\/281
|-ability|p1a: Weavile|Pressure
|turn|10
|choice|*|*switch 5
|choice|*move 3|*
|choice|move xscissor|switch 5
|
|switch|p2a: Magearna|Magearna|363\/363
|move|p1a: Weavile|X-Scissor|p2a: Magearna
|-resisted|p2a: Magearna
|-damage|p2a: Magearna|345\/363
|
|upkeep
|turn|11
|choice|*|*move 3
|-message|donpirolo se rindió.
|
|win|SDN_NeaL
SDN_NeaL ha ganado 6.75 PokeDolares.
|raw|Puntaje de donpirolo: 1204 &rarr; <strong>1178<\/strong><br \/>(-26 por perder)
|raw|Puntaje de SDN_NeaL: 1198 &rarr; <strong>1224<\/strong><br \/>(+26 por ganar)
</script>
</div>
<div class="battle-log battle-log-inline"><div class="inner"><div class="battle-options"></div><div class="inner"><div class=""><small>Format:</small> <br><strong>OU</strong></div><div class="rated"><strong>Rated battle</strong></div><div class=""><small><em>Cláusula-Mod de Dormir:</em> solo puedes dormir a uno de tus oponentes a la vez.</small></div><div class=""><small><em>Cláusula de Especie:</em> Hasta un Pokémon de cada especie</small></div><div class=""><small><em>Cláusula de Golpe Fulminante:</em> los movimientos fulminantes (OHKO) estan prohibidos</small></div><div class=""><small><em>Cláusula de Veleta:</em> la habilidad Veleta está prohibida</small></div><div class=""><small><em>Cláusula de Movimientos Evasivos:</em> los movimientos de Evasión están prohibidos.</small></div><div class=""><small><em>Cláusula de Batallas Eternas:</em> forzar batallas eternas está prohibido</small></div><div class="chat battle-history"><strong>donpirolo's team:</strong> <em style="color:#445566;display:block;">Gliscor / Toxapex / Landorus-Therian / Scizor / Zapdos / Weavile</em></div><div class="chat battle-history"><strong>SDN_NeaL's team:</strong> <em style="color:#445566;display:block;">Gliscor / Tapu Lele / Buzzwole / Gyarados / Magearna / Chansey</em></div><div class="chat message-error">Reloj de batalla ENCENDIDO. El jugador inactivo será descalificado (solicitado por SDN_NeaL).</div><div class="spacer battle-history"><br></div><div class="battle-history">Battle started between donpirolo and SDN_NeaL!<br></div><div class="spacer battle-history"><br></div><div class="battle-history">Go! Landorus (<strong>Landorus-Therian</strong>)!<br></div><div class="spacer battle-history"><br></div><div class="battle-history">SDN_NeaL sent out <strong>Magearna</strong>!<br></div><div class="battle-history"><small>[Landorus's Intimidate]</small><br></div><div class="battle-history"><small>The opposing Magearna's Attack fell!</small><br></div><div class="spacer battle-history"><br></div><h2 class="battle-history">Turn 1</h2><div class="chat message-error">donpirolo tiene 135 segundos restantes.</div><div class="spacer battle-history"><br></div><div class="battle-history">SDN_NeaL withdrew Magearna!<br></div><div class="battle-history">SDN_NeaL sent out <strong>Gliscor</strong>!<br></div><div class="battle-history"><small>Landorus surrounded itself with its Z-Power!</small><br></div><div class="spacer battle-history"><br></div><div class="battle-history">Landorus used <strong>Breakneck Blitz</strong>!<br></div><div class="battle-history"><small>(The opposing Gliscor lost <abbr title="−165/353">46.7%</abbr> of its health!)</small><br></div><div class="spacer battle-history"><br></div><div class="battle-history"><small>The opposing Gliscor was badly poisoned!</small><br></div><div class="spacer battle-history"><br></div><h2 class="battle-history">Turn 2</h2><div class="spacer battle-history"><br></div><div class="battle-history">Landorus used <strong>Hidden Power</strong>!<br></div><div class="battle-history"><small>It's super effective!</small><br></div><div class="battle-history"><small>(The opposing Gliscor lost <abbr title="−188/353">53.3%</abbr> of its health!)</small><br></div><div class="spacer battle-history"><br></div><div class="battle-history">The opposing Gliscor fainted!<br></div><div class="spacer battle-history"><br></div><div class="battle-history">SDN_NeaL sent out <strong>Gyarados</strong>!<br></div><div class="battle-history"><small>[The opposing Gyarados's Intimidate]</small><br></div><div class="battle-history"><small>Landorus's Attack fell!</small><br></div><div class="spacer battle-history"><br></div><h2 class="battle-history">Turn 3</h2><div class="spacer battle-history"><br></div><div class="battle-history">Landorus, come back!<br></div><div class="battle-history">Go! <strong>Zapdos</strong>!<br></div><div class="spacer battle-history"><br></div><div class="battle-history">The opposing Gyarados used <strong>Dragon Dance</strong>!<br></div><div class="battle-history"><small>The opposing Gyarados's Attack rose!</small><br></div><div class="battle-history"><small>The opposing Gyarados's Speed rose!</small><br></div><div class="spacer battle-history"><br></div><h2 class="battle-history">Turn 4</h2><div class="spacer battle-history"><br></div><div class="battle-history"><small>The opposing Gyarados's Gyaradosite is reacting to the Key Stone!</small><br>The opposing Gyarados has Mega Evolved into Mega Gyarados!<br></div><div class="battle-history"><small>[The opposing Gyarados's Mold Breaker]</small><br><small>The opposing Gyarados breaks the mold!</small><br></div><div class="spacer battle-history"><br></div><div class="battle-history">The opposing Gyarados used <strong>Crunch</strong>!<br></div><div class="battle-history"><small>(Zapdos lost <abbr title="−270/321">84.1%</abbr> of its health!)</small><br></div><div class="spacer battle-history"><br></div><div class="battle-history">Zapdos used <strong>Thunderbolt</strong>!<br></div><div class="battle-history"><small>It's super effective!</small><br></div><div class="battle-history"><small>(The opposing Gyarados lost <abbr title="−240/331">72.5%</abbr> of its health!)</small><br></div><div class="spacer battle-history"><br></div><div class="battle-history"><small>Zapdos restored a little HP using its Leftovers!</small><br></div><div class="spacer battle-history"><br></div><h2 class="battle-history">Turn 5</h2><div class="chat message-error">donpirolo tiene 135 segundos restantes.</div><div class="spacer battle-history"><br></div><div class="battle-history">Zapdos, come back!<br></div><div class="battle-history">Go! <strong>Scizor</strong>!<br></div><div class="spacer battle-history"><br></div><div class="battle-history">The opposing Gyarados used <strong>Crunch</strong>!<br></div><div class="battle-history"><small>(Scizor lost <abbr title="−211/320">65.9%</abbr> of its health!)</small><br></div><div class="spacer battle-history"><br></div><h2 class="battle-history">Turn 6</h2><div class="spacer battle-history"><br></div><div class="battle-history"><small>Scizor's Scizorite is reacting to the Key Stone!</small><br>Scizor has Mega Evolved into Mega Scizor!<br></div><div class="spacer battle-history"><br></div><div class="battle-history">Scizor used <strong>Bullet Punch</strong>!<br></div><div class="battle-history"><small>It's not very effective...</small><br></div><div class="battle-history"><small>(The opposing Gyarados lost <abbr title="−63/331">19.0%</abbr> of its health!)</small><br></div><div class="spacer battle-history"><br></div><div class="battle-history">The opposing Gyarados used <strong>Crunch</strong>!<br></div><div class="battle-history"><small>(Scizor lost <abbr title="−109/320">34.1%</abbr> of its health!)</small><br></div><div class="spacer battle-history"><br></div><div class="battle-history">Scizor fainted!<br></div><div class="spacer battle-history"><br></div><div class="battle-history">Go! <strong>Toxapex</strong>!<br></div><div class="spacer battle-history"><br></div><h2 class="battle-history">Turn 7</h2><div class="spacer battle-history"><br></div><div class="battle-history">The opposing Gyarados used <strong>Crunch</strong>!<br></div><div class="battle-history"><small>(Toxapex lost <abbr title="−177/276">64.1%</abbr> of its health!)</small><br></div><div class="spacer battle-history"><br></div><div class="battle-history">Toxapex used <strong>Venoshock</strong>!<br></div><div class="battle-history"><small>(The opposing Gyarados lost <abbr title="−28/331">8.5%</abbr> of its health!)</small><br></div><div class="spacer battle-history"><br></div><div class="battle-history">The opposing Gyarados fainted!<br></div><div class="spacer battle-history"><br></div><div class="battle-history"><small>Toxapex restored a little HP using its Black Sludge!</small><br></div><div class="spacer battle-history"><br></div><div class="battle-history">SDN_NeaL sent out <strong>Tapu Lele</strong>!<br></div><div class="battle-history"><small>[The opposing Tapu Lele's Psychic Surge]</small><br><small>The battlefield got weird!</small><br></div><div class="spacer battle-history"><br></div><h2 class="battle-history">Turn 8</h2><div class="spacer battle-history"><br></div><div class="battle-history">Toxapex used <strong>Baneful Bunker</strong>!<br></div><div class="battle-history"><small>Toxapex protected itself!</small><br></div><div class="spacer battle-history"><br></div><div class="battle-history">The opposing Tapu Lele used <strong>Calm Mind</strong>!<br></div><div class="battle-history"><small>The opposing Tapu Lele's Special Attack rose!</small><br></div><div class="battle-history"><small>The opposing Tapu Lele's Special Defense rose!</small><br></div><div class="spacer battle-history"><br></div><div class="battle-history"><small>Toxapex restored a little HP using its Black Sludge!</small><br></div><div class="spacer battle-history"><br></div><h2 class="battle-history">Turn 9</h2><div class="spacer battle-history"><br></div><div class="battle-history">The opposing Tapu Lele used <strong>Psyshock</strong>!<br></div><div class="battle-history"><small>It's super effective!</small><br></div><div class="battle-history"><small>(Toxapex lost <abbr title="−133/276">48.2%</abbr> of its health!)</small><br></div><div class="spacer battle-history"><br></div><div class="battle-history">Toxapex fainted!<br></div><div class="spacer battle-history"><br></div><div class="battle-history">Go! <strong>Weavile</strong>!<br></div><div class="battle-history"><small>[Weavile's Pressure]</small><br><small>Weavile is exerting its pressure!</small><br></div><div class="spacer battle-history"><br></div><h2 class="battle-history">Turn 10</h2><div class="spacer battle-history"><br></div><div class="battle-history">SDN_NeaL withdrew Tapu Lele!<br></div><div class="battle-history">SDN_NeaL sent out <strong>Magearna</strong>!<br></div><div class="spacer battle-history"><br></div><div class="battle-history">Weavile used <strong>X-Scissor</strong>!<br></div><div class="battle-history"><small>It's not very effective...</small><br></div><div class="battle-history"><small>(The opposing Magearna lost <abbr title="−18/363">5.0%</abbr> of its health!)</small><br></div><div class="spacer battle-history"><br></div><h2 class="battle-history">Turn 11</h2><div class="spacer battle-history"><br></div><div class="battle-history"><small>donpirolo se rindió.</small><br></div><div class="spacer battle-history"><br></div><div class="battle-history"><strong>SDN_NeaL</strong> won the battle!<br></div><div class="chat">SDN_NeaL ha ganado 6.75 PokeDolares.</div><div class="chat">Puntaje de donpirolo: 1204 → <strong>1178</strong><br>(-26 por perder)</div><div class="chat">Puntaje de SDN_NeaL: 1198 → <strong>1224</strong><br>(+26 por ganar)</div></div><div class="inner-preempt"></div></div></div>
</div>
<script>
let daily = Math.floor(Date.now()/1000/60/60/24);document.write('<script src="https://play.pokemonshowdown.com/js/replay-embed.js?version'+daily+'"></'+'script>');
</script>
