<!DOCTYPE html>
<meta charset="utf-8" />
<!-- version 1 -->
<title>OU replay: yoce gamer 01 vs. El cadaver de Xed</title>
<style>
html,body {font-family:Verdana, sans-serif;font-size:10pt;margin:0;padding:0;}body{padding:12px 0;} .battle-log {font-family:Verdana, sans-serif;font-size:10pt;} .battle-log-inline {border:1px solid #AAAAAA;background:#EEF2F5;color:black;max-width:640px;margin:0 auto 80px;padding-bottom:5px;} .battle-log .inner {padding:4px 8px 0px 8px;} .battle-log .inner-preempt {padding:0 8px 4px 8px;} .battle-log .inner-after {margin-top:0.5em;} .battle-log h2 {margin:0.5em -8px;padding:4px 8px;border:1px solid #AAAAAA;background:#E0E7EA;border-left:0;border-right:0;font-family:Verdana, sans-serif;font-size:13pt;} .battle-log .chat {vertical-align:middle;padding:3px 0 3px 0;font-size:8pt;} .battle-log .chat strong {color:#40576A;} .battle-log .chat em {padding:1px 4px 1px 3px;color:#000000;font-style:normal;} .chat.mine {background:rgba(0,0,0,0.05);margin-left:-8px;margin-right:-8px;padding-left:8px;padding-right:8px;} .spoiler {color:#BBBBBB;background:#BBBBBB;padding:0px 3px;} .spoiler:hover, .spoiler:active, .spoiler-shown {color:#000000;background:#E2E2E2;padding:0px 3px;} .spoiler a {color:#BBBBBB;} .spoiler:hover a, .spoiler:active a, .spoiler-shown a {color:#2288CC;} .chat code, .chat .spoiler:hover code, .chat .spoiler:active code, .chat .spoiler-shown code {border:1px solid #C0C0C0;background:#EEEEEE;color:black;padding:0 2px;} .chat .spoiler code {border:1px solid #CCCCCC;background:#CCCCCC;color:#CCCCCC;} .battle-log .rated {padding:3px 4px;} .battle-log .rated strong {color:white;background:#89A;padding:1px 4px;border-radius:4px;} .spacer {margin-top:0.5em;} .message-announce {background:#6688AA;color:white;padding:1px 4px 2px;} .message-announce a, .broadcast-green a, .broadcast-blue a, .broadcast-red a {color:#DDEEFF;} .broadcast-green {background-color:#559955;color:white;padding:2px 4px;} .broadcast-blue {background-color:#6688AA;color:white;padding:2px 4px;} .infobox {border:1px solid #6688AA;padding:2px 4px;} .infobox-limited {max-height:200px;overflow:auto;overflow-x:hidden;} .broadcast-red {background-color:#AA5544;color:white;padding:2px 4px;} .message-learn-canlearn {font-weight:bold;color:#228822;text-decoration:underline;} .message-learn-cannotlearn {font-weight:bold;color:#CC2222;text-decoration:underline;} .message-effect-weak {font-weight:bold;color:#CC2222;} .message-effect-resist {font-weight:bold;color:#6688AA;} .message-effect-immune {font-weight:bold;color:#666666;} .message-learn-list {margin-top:0;margin-bottom:0;} .message-throttle-notice, .message-error {color:#992222;} .message-overflow, .chat small.message-overflow {font-size:0pt;} .message-overflow::before {font-size:9pt;content:'...';} .subtle {color:#3A4A66;}
</style>
<div class="wrapper replay-wrapper" style="max-width:1180px;margin:0 auto">
<input type="hidden" name="replayid" value="destiny-ou-514972" />
<div class="battle"></div><div class="battle-log"></div><div class="replay-controls"></div><div class="replay-controls-2"></div>
<h1 style="font-weight:normal;text-align:center"><strong>OU</strong><br /><a href="http://pokemonshowdown.com/users/yocegamer01" class="subtle" target="_blank">yoce gamer 01</a> vs. <a href="http://pokemonshowdown.com/users/elcadaverdexed" class="subtle" target="_blank">El cadaver de Xed</a></h1>
<script type="text/plain" class="battle-log-data">|unlink|||tour
|player|p1|yoce gamer 01|yocegamer01-4.gif?2125d2d1
|teamsize|p1|6
|player|p2|El cadaver de Xed|elcadaverdexed.gif?d169dd34
|teamsize|p2|6
|teamsize|p1|6
|teamsize|p2|6
|gametype|singles
|gen|7
|tier|OU
|seed|3033,6602,62521,50665
|rule|Cláusula-Mod de Dormir: solo puedes dormir a uno de tus oponentes a la vez.
|rule|Cláusula de Especie: Hasta un Pokémon de cada especie
|rule|Cláusula de Golpe Fulminante: los movimientos fulminantes (OHKO) estan prohibidos
|rule|Cláusula de Veleta: la habilidad Veleta está prohibida
|rule|Cláusula de Movimientos Evasivos: los movimientos de Evasión están prohibidos.
|rule|Cláusula de Batallas Eternas: forzar batallas eternas está prohibido
|clearpoke
|poke|p1|Clefable, M|item
|poke|p1|Jirachi, shiny|item
|poke|p1|Zygarde|item
|poke|p1|Lopunny, F|item
|poke|p1|Tapu Koko|item
|poke|p1|Hawlucha, F|item
|poke|p2|Mantine, F|item
|poke|p2|Ferrothorn, M|item
|poke|p2|Victini|item
|poke|p2|Beedrill, M|item
|poke|p2|Weavile, F|item
|poke|p2|Hippowdon, F|item
|teampreview|undefined
|c| EdwardEllric 🐮|Suerte Yoce
|c|☆yoce gamer 01|Gracias uwu
|choice|*|*team 423156
|c|☆yoce gamer 01|Suerte
|choice|*team 213456|*
|choice|team 2, 1, 3, 4, 5, 6|team 4, 2, 3, 1, 5, 6
|
|start
|switch|p1a: Jirachi|Jirachi, shiny|404\/404
|switch|p2a: Beedrill|Beedrill, M|271\/271
|turn|1
|c|☆El cadaver de Xed|conoces mi equipo no creo que te cueste mucho
|c|☆yoce gamer 01|Estoy probando
|c|☆El cadaver de Xed|ese avi esta mal cortado gente con epilepsia puede sufrir uwu
|choice|*|*move 1 mega
|c|☆yoce gamer 01|No es un team oficial si me puedes ganar
|choice|*move 2|*
|choice|move thunderwave|move uturn mega
|
|-mega|p2a: Beedrill|Beedrill|Beedrillite
|detailschange|p2a: Beedrill|Beedrill-Mega, M
|move|p2a: Beedrill|U-turn|p1a: Jirachi
|-damage|p1a: Jirachi|228\/404
|c|♦❣Star Yonaka|si es el avy que elejiste
|c|♦❣Star Yonaka|wtf
|c|☆El cadaver de Xed|le digo a yoce
|choice|*|*switch 3
|choice||switch 3
|
|switch|p2a: Victini|Victini|341\/341|[from]move: U-turn
|move|p1a: Jirachi|Thunder Wave|p2a: Victini|[miss]
|-miss|p1a: Jirachi|p2a: Victini
|
|upkeep
|turn|2
|choice|*|*move 2
|c|♦❣Star Yonaka|ah
|c|♦❣Star Yonaka|ta normal
|c|☆yoce gamer 01|xd
|c|☆El cadaver de Xed|no c men el loop esta mal ywy
|choice|*switch 5|*
|choice|switch 5|move searingshot
|
|switch|p1a: Tapu Koko|Tapu Koko|281\/281
|-fieldstart|move: Electric Terrain|[from] ability: Electric Surge|[of] p1a: Tapu Koko
|move|p2a: Victini|Searing Shot|p1a: Tapu Koko
|-damage|p1a: Tapu Koko|88\/281
|
|upkeep
|turn|3
|choice|*|*switch 6
|choice|*move 3|*
|choice|move voltswitch|switch 6
|
|switch|p2a: Hippowdon|Hippowdon, F|420\/420
|-weather|Sandstorm|[from] ability: Sand Stream|[of] p2a: Hippowdon
|move|p1a: Tapu Koko|Volt Switch|p2a: Hippowdon
|-immune|p2a: Hippowdon|[msg]
|
|-weather|Sandstorm|[upkeep]
|-damage|p1a: Tapu Koko|71\/281|[from] sandstorm
|upkeep
|turn|4
|choice|*|*move 2
|choice|*switch 3|*
|choice|switch 3|move toxic
|
|switch|p1a: Zygarde|Zygarde|357\/357
|-ability|p1a: Zygarde|Aura Break
|move|p2a: Hippowdon|Toxic|p1a: Zygarde
|-status|p1a: Zygarde|tox
|
|-weather|Sandstorm|[upkeep]
|-damage|p1a: Zygarde|335\/357 tox|[from] psn
|upkeep
|turn|5
|choice|*move 2|*
|choice|*|*move 1
|choice|move dragondance|move earthquake
|
|move|p1a: Zygarde|Dragon Dance|p1a: Zygarde
|-boost|p1a: Zygarde|atk|1
|-boost|p1a: Zygarde|spe|1
|move|p2a: Hippowdon|Earthquake|p1a: Zygarde
|-crit|p1a: Zygarde
|-damage|p1a: Zygarde|182\/357 tox
|
|-weather|Sandstorm|[upkeep]
|-heal|p1a: Zygarde|204\/357 tox|[from] item: Leftovers
|-damage|p1a: Zygarde|160\/357 tox|[from] psn
|upkeep
|turn|6
|choice|*|*move 4
|choice|*move 3|*
|choice|move thousandarrows|move slackoff
|
|move|p1a: Zygarde|Thousand Arrows|p2a: Hippowdon
|-damage|p2a: Hippowdon|284\/420
|move|p2a: Hippowdon|Slack Off|p2a: Hippowdon
|-heal|p2a: Hippowdon|420\/420
|
|-weather|Sandstorm|[upkeep]
|-heal|p1a: Zygarde|182\/357 tox|[from] item: Leftovers
|-damage|p1a: Zygarde|116\/357 tox|[from] psn
|-fieldend|move: Electric Terrain
|upkeep
|turn|7
|choice|*switch 6|*
|choice|*|*move 1
|choice|*move 1|*
|choice|move coil|move earthquake
|
|move|p1a: Zygarde|Coil|p1a: Zygarde
|-boost|p1a: Zygarde|atk|1
|-boost|p1a: Zygarde|def|1
|-boost|p1a: Zygarde|accuracy|1
|move|p2a: Hippowdon|Earthquake|p1a: Zygarde
|-damage|p1a: Zygarde|44\/357 tox
|
|-weather|none
|-heal|p1a: Zygarde|66\/357 tox|[from] item: Leftovers
|-damage|p1a: Zygarde|0 fnt|[from] psn
|upkeep
|faint|p1a: Zygarde
|choice|*switch 4|*
|choice|switch 4|
|
|switch|p1a: Lopunny|Lopunny, F|271\/271
|turn|8
|choice|*move 1 mega|*
|choice|*|*move 1
|choice|move fakeout mega|move earthquake
|
|-mega|p1a: Lopunny|Lopunny|Lopunnite
|detailschange|p1a: Lopunny|Lopunny-Mega, F
|move|p1a: Lopunny|Fake Out|p2a: Hippowdon
|-damage|p2a: Hippowdon|374\/420
|cant|p2a: Hippowdon|flinch
|
|-heal|p2a: Hippowdon|400\/420|[from] item: Leftovers
|upkeep
|turn|9
|choice|*|*move 1
|choice|*move 3|*
|choice|move icepunch|move earthquake
|
|move|p1a: Lopunny|Ice Punch|p2a: Hippowdon
|-supereffective|p2a: Hippowdon
|-damage|p2a: Hippowdon|288\/420
|-status|p2a: Hippowdon|frz
|cant|p2a: Hippowdon|frz
|
|-heal|p2a: Hippowdon|314\/420 frz|[from] item: Leftovers
|upkeep
|turn|10
|c|☆El cadaver de Xed|rip
|choice|*move 3|*
|choice|*|*switch 2
|choice|move icepunch|switch 2
|
|switch|p2a: Ferrothorn|Ferrothorn, M|352\/352
|move|p1a: Lopunny|Ice Punch|p2a: Ferrothorn
|-damage|p2a: Ferrothorn|292\/352
|-damage|p1a: Lopunny|238\/271|[from] ability: Iron Barbs|[of] p2a: Ferrothorn
|
|-heal|p2a: Ferrothorn|314\/352|[from] item: Leftovers
|upkeep
|turn|11
|choice|*|*move 2
|choice|*switch 3|*
|choice|switch 3|move thunderwave
|
|switch|p1a: Tapu Koko|Tapu Koko|71\/281
|-fieldstart|move: Electric Terrain|[from] ability: Electric Surge|[of] p1a: Tapu Koko
|move|p2a: Ferrothorn|Thunder Wave|p1a: Tapu Koko
|-immune|p1a: Tapu Koko|[msg]
|
|-heal|p2a: Ferrothorn|336\/352|[from] item: Leftovers
|upkeep
|turn|12
|choice|*|*move 3
|choice|*move 3|*
|choice|move voltswitch|move stealthrock
|
|move|p1a: Tapu Koko|Volt Switch|p2a: Ferrothorn
|-resisted|p2a: Ferrothorn
|-damage|p2a: Ferrothorn|234\/352
|choice|*switch 6|*
|choice|switch 6|
|
|switch|p1a: Hawlucha|Hawlucha, F|297\/297|[from]move: Volt Switch
|-enditem|p1a: Hawlucha|Electric Seed
|-boost|p1a: Hawlucha|def|1
|move|p2a: Ferrothorn|Stealth Rock|p1a: Hawlucha
|-sidestart|p1: yoce gamer 01|move: Stealth Rock
|
|-heal|p2a: Ferrothorn|256\/352|[from] item: Leftovers
|upkeep
|turn|13
|choice|*move 2|*
|choice|*|*move 2
|choice|move highjumpkick|move thunderwave
|
|move|p1a: Hawlucha|High Jump Kick|p2a: Ferrothorn
|-supereffective|p2a: Ferrothorn
|-damage|p2a: Ferrothorn|8\/352
|-damage|p1a: Hawlucha|260\/297|[from] ability: Iron Barbs|[of] p2a: Ferrothorn
|move|p2a: Ferrothorn|Thunder Wave|p1a: Hawlucha
|-status|p1a: Hawlucha|par
|
|-heal|p2a: Ferrothorn|30\/352|[from] item: Leftovers
|upkeep
|turn|14
|choice|*|*move 4
|choice|*move 1|*
|choice|move acrobatics|move leechseed
|
|cant|p1a: Hawlucha|par
|move|p2a: Ferrothorn|Leech Seed|p1a: Hawlucha
|-start|p1a: Hawlucha|move: Leech Seed
|
|-heal|p2a: Ferrothorn|52\/352|[from] item: Leftovers
|-damage|p1a: Hawlucha|223\/297 par|[from] Leech Seed|[of] p2a: Ferrothorn
|-heal|p2a: Ferrothorn|89\/352|[silent]
|upkeep
|turn|15
|choice|*move 2|*
|choice|*|*switch 2
|choice|move highjumpkick|switch 2
|
|switch|p2a: Hippowdon|Hippowdon, F|314\/420 frz
|-weather|Sandstorm|[from] ability: Sand Stream|[of] p2a: Hippowdon
|move|p1a: Hawlucha|High Jump Kick|p2a: Hippowdon
|-damage|p2a: Hippowdon|185\/420 frz
|
|-weather|Sandstorm|[upkeep]
|-damage|p1a: Hawlucha|205\/297 par|[from] sandstorm
|-heal|p2a: Hippowdon|211\/420 frz|[from] item: Leftovers
|-damage|p1a: Hawlucha|168\/297 par|[from] Leech Seed|[of] p2a: Hippowdon
|-heal|p2a: Hippowdon|248\/420 frz|[silent]
|-fieldend|move: Electric Terrain
|upkeep
|turn|16
|choice|*move 1|*
|choice|*|*move 1
|choice|move acrobatics|move earthquake
|
|move|p1a: Hawlucha|Acrobatics|p2a: Hippowdon
|-damage|p2a: Hippowdon|134\/420 frz
|-curestatus|p2a: Hippowdon|frz|[msg]
|move|p2a: Hippowdon|Earthquake|p1a: Hawlucha
|-immune|p1a: Hawlucha|[msg]
|
|-weather|Sandstorm|[upkeep]
|-damage|p1a: Hawlucha|150\/297 par|[from] sandstorm
|-heal|p2a: Hippowdon|160\/420|[from] item: Leftovers
|-damage|p1a: Hawlucha|113\/297 par|[from] Leech Seed|[of] p2a: Hippowdon
|-heal|p2a: Hippowdon|197\/420|[silent]
|upkeep
|turn|17
|choice|*|*move 4
|choice|*move 1|*
|choice|move acrobatics|move slackoff
|
|move|p1a: Hawlucha|Acrobatics|p2a: Hippowdon
|-damage|p2a: Hippowdon|92\/420
|move|p2a: Hippowdon|Slack Off|p2a: Hippowdon
|-heal|p2a: Hippowdon|302\/420
|
|-weather|Sandstorm|[upkeep]
|-damage|p1a: Hawlucha|95\/297 par|[from] sandstorm
|-heal|p2a: Hippowdon|328\/420|[from] item: Leftovers
|-damage|p1a: Hawlucha|58\/297 par|[from] Leech Seed|[of] p2a: Hippowdon
|-heal|p2a: Hippowdon|365\/420|[silent]
|upkeep
|turn|18
|choice|*move 1|*
|choice|*|*move 3
|choice|move acrobatics|move roar
|
|move|p1a: Hawlucha|Acrobatics|p2a: Hippowdon
|-damage|p2a: Hippowdon|250\/420
|move|p2a: Hippowdon|Roar|p1a: Hawlucha
|drag|p1a: Jirachi|Jirachi, shiny|228\/404
|-damage|p1a: Jirachi|203\/404|[from] Stealth Rock
|
|-weather|Sandstorm|[upkeep]
|-heal|p2a: Hippowdon|276\/420|[from] item: Leftovers
|upkeep
|turn|19
|choice|*|*switch 2
|choice|*switch 2|*
|choice|switch 2|switch 2
|
|switch|p1a: Clefable|Clefable, M|394\/394
|switch|p2a: Ferrothorn|Ferrothorn, M|89\/352
|
|-weather|none
|-heal|p2a: Ferrothorn|111\/352|[from] item: Leftovers
|upkeep
|turn|20
|choice|*|*move 4
|c|♦❣Star Yonaka|vas bien
|choice|*move 1|*
|choice|move cosmicpower|move leechseed
|
|move|p1a: Clefable|Cosmic Power|p1a: Clefable
|-boost|p1a: Clefable|def|1
|-boost|p1a: Clefable|spd|1
|move|p2a: Ferrothorn|Leech Seed|p1a: Clefable
|-start|p1a: Clefable|move: Leech Seed
|
|-heal|p2a: Ferrothorn|133\/352|[from] item: Leftovers
|upkeep
|turn|21
|choice|*move 1|*
|choice|*|*switch 2
|choice|move cosmicpower|switch 2
|
|switch|p2a: Hippowdon|Hippowdon, F|276\/420
|-weather|Sandstorm|[from] ability: Sand Stream|[of] p2a: Hippowdon
|move|p1a: Clefable|Cosmic Power|p1a: Clefable
|-boost|p1a: Clefable|def|1
|-boost|p1a: Clefable|spd|1
|
|-weather|Sandstorm|[upkeep]
|-heal|p2a: Hippowdon|302\/420|[from] item: Leftovers
|upkeep
|turn|22
|choice|*|*move 2
|choice|*|*move 3
|choice|*move 1|*
|choice|move cosmicpower|move roar
|
|move|p1a: Clefable|Cosmic Power|p1a: Clefable
|-boost|p1a: Clefable|def|1
|-boost|p1a: Clefable|spd|1
|move|p2a: Hippowdon|Roar|p1a: Clefable
|drag|p1a: Jirachi|Jirachi, shiny|203\/404
|-damage|p1a: Jirachi|178\/404|[from] Stealth Rock
|
|-weather|Sandstorm|[upkeep]
|-heal|p2a: Hippowdon|328\/420|[from] item: Leftovers
|upkeep
|turn|23
|choice|*|*move 1
|choice|*move 3|*
|choice|move wish|move earthquake
|
|move|p1a: Jirachi|Wish|p1a: Jirachi
|move|p2a: Hippowdon|Earthquake|p1a: Jirachi
|-supereffective|p1a: Jirachi
|-damage|p1a: Jirachi|0 fnt
|faint|p1a: Jirachi
|
|-weather|Sandstorm|[upkeep]
|-heal|p2a: Hippowdon|354\/420|[from] item: Leftovers
|upkeep
|c|☆yoce gamer 01|Lindo tu team
|c|☆yoce gamer 01|No me dejas hacer nada
|c|☆El cadaver de Xed|por ?
|c|☆El cadaver de Xed|pero si es el que uso siempre
|choice|*switch 6|*
|choice|switch 6|
|
|switch|p1a: Tapu Koko|Tapu Koko|71\/281
|-damage|p1a: Tapu Koko|36\/281|[from] Stealth Rock
|-fieldstart|move: Electric Terrain|[from] ability: Electric Surge|[of] p1a: Tapu Koko
|turn|24
|c|☆El cadaver de Xed|y me has ganado antes
|choice|*|*move 2
|c|☆yoce gamer 01|Lo estas usando muy bien o yo soy una mierda con este team
|choice|*move 4|*
|choice|move hiddenpower|move toxic
|
|move|p1a: Tapu Koko|Hidden Power|p2a: Hippowdon
|-supereffective|p2a: Hippowdon
|-damage|p2a: Hippowdon|140\/420
|move|p2a: Hippowdon|Toxic|p1a: Tapu Koko
|-status|p1a: Tapu Koko|tox
|
|-weather|Sandstorm|[upkeep]
|-damage|p1a: Tapu Koko|19\/281 tox|[from] sandstorm
|-heal|p1a: Tapu Koko|221\/281 tox|[from] move: Wish|[wisher] Jirachi
|-heal|p2a: Hippowdon|166\/420|[from] item: Leftovers
|-damage|p1a: Tapu Koko|204\/281 tox|[from] psn
|upkeep
|turn|25
|choice|*move 4|*
|choice|*|*switch 4
|choice|move hiddenpower|switch 4
|
|switch|p2a: Mantine|Mantine, F|374\/374
|move|p1a: Tapu Koko|Hidden Power|p2a: Mantine
|-crit|p2a: Mantine
|-damage|p2a: Mantine|304\/374
|
|-weather|none
|-heal|p2a: Mantine|327\/374|[from] item: Leftovers
|-damage|p1a: Tapu Koko|170\/281 tox|[from] psn
|upkeep
|turn|26
|c|♦❣Star Yonaka|cadaver
|c|♦❣Star Yonaka|lo bueno de usar tanto el team
|c|☆El cadaver de Xed|?
|choice|*|*switch 4
|choice|*switch 2|*
|choice|switch 2|switch 4
|
|switch|p1a: Clefable|Clefable, M|394\/394
|switch|p2a: Hippowdon|Hippowdon, F|166\/420
|-weather|Sandstorm|[from] ability: Sand Stream|[of] p2a: Hippowdon
|
|-weather|Sandstorm|[upkeep]
|-heal|p2a: Hippowdon|192\/420|[from] item: Leftovers
|upkeep
|turn|27
|c|♦❣Star Yonaka|es que ya sabes que hacer cuando te tiran algo
|choice|*|*move 2
|c|☆yoce gamer 01|Eso es verdad
|c|☆El cadaver de Xed|eso es verdad uwu
|c|☆El cadaver de Xed|de hecho antes tenia a zeraora en lugar de hippo
|choice|*move 1|*
|choice|move cosmicpower|move toxic
|
|move|p1a: Clefable|Cosmic Power|p1a: Clefable
|-boost|p1a: Clefable|def|1
|-boost|p1a: Clefable|spd|1
|move|p2a: Hippowdon|Toxic|p1a: Clefable
|-status|p1a: Clefable|tox
|
|-weather|Sandstorm|[upkeep]
|-heal|p2a: Hippowdon|218\/420|[from] item: Leftovers
|upkeep
|turn|28
|choice|*move 2|*
|c|☆El cadaver de Xed|pero clefable me sweepeaba mucho asi que puse algo con roar y toxic
|c|☆El cadaver de Xed|despues de pasar por varios me quede con hipo que toma bien los volt switch que atrae mantine
|choice|*|*move 4
|choice|move storedpower|move slackoff
|
|move|p1a: Clefable|Stored Power|p2a: Hippowdon
|-damage|p2a: Hippowdon|158\/420
|move|p2a: Hippowdon|Slack Off|p2a: Hippowdon
|-heal|p2a: Hippowdon|368\/420
|
|-weather|Sandstorm|[upkeep]
|-heal|p2a: Hippowdon|394\/420|[from] item: Leftovers
|-fieldend|move: Electric Terrain
|upkeep
|turn|29
|choice|*|*move 1
|choice|*move 1|*
|choice|move cosmicpower|move earthquake
|
|move|p1a: Clefable|Cosmic Power|p1a: Clefable
|-boost|p1a: Clefable|def|1
|-boost|p1a: Clefable|spd|1
|move|p2a: Hippowdon|Earthquake|p1a: Clefable
|-damage|p1a: Clefable|313\/394 tox
|
|-weather|Sandstorm|[upkeep]
|-heal|p2a: Hippowdon|420\/420|[from] item: Leftovers
|upkeep
|turn|30
|choice|*move 3|*
|choice|*|*move 3
|choice|move moonblast|move roar
|
|move|p1a: Clefable|Moonblast|p2a: Hippowdon
|-damage|p2a: Hippowdon|282\/420
|move|p2a: Hippowdon|Roar|p1a: Clefable
|drag|p1a: Lopunny|Lopunny-Mega, F|238\/271
|-damage|p1a: Lopunny|222\/271|[from] Stealth Rock
|
|-weather|none
|-heal|p2a: Hippowdon|308\/420|[from] item: Leftovers
|upkeep
|turn|31
|choice|*|*move 4
|c|♦❣Star Yonaka|hummilada yoce
|choice|*move 3|*
|choice|move icepunch|move slackoff
|
|move|p1a: Lopunny|Ice Punch|p2a: Hippowdon
|-supereffective|p2a: Hippowdon
|-damage|p2a: Hippowdon|196\/420
|move|p2a: Hippowdon|Slack Off|p2a: Hippowdon
|-heal|p2a: Hippowdon|406\/420
|
|-heal|p2a: Hippowdon|420\/420|[from] item: Leftovers
|upkeep
|turn|32
|choice|*|*move 1
|c|☆yoce gamer 01|xd
|choice|*move 3|*
|choice|move icepunch|move earthquake
|
|move|p1a: Lopunny|Ice Punch|p2a: Hippowdon
|-supereffective|p2a: Hippowdon
|-damage|p2a: Hippowdon|310\/420
|move|p2a: Hippowdon|Earthquake|p1a: Lopunny
|-damage|p1a: Lopunny|87\/271
|
|-heal|p2a: Hippowdon|336\/420|[from] item: Leftovers
|upkeep
|turn|33
|choice|*|*switch 2
|choice|*switch 5|*
|choice|switch 5|switch 2
|
|switch|p1a: Hawlucha|Hawlucha, F|58\/297 par
|-damage|p1a: Hawlucha|21\/297 par|[from] Stealth Rock
|switch|p2a: Ferrothorn|Ferrothorn, M|133\/352
|
|-heal|p2a: Ferrothorn|155\/352|[from] item: Leftovers
|upkeep
|turn|34
|c|♦❣Star Yonaka|parece al hippowdon de folagor
|choice|*|*move 1
|c|♦❣Star Yonaka|esa wea
|choice|*move 2|*
|choice|move highjumpkick|move powerwhip
|
|move|p1a: Hawlucha|High Jump Kick|p2a: Ferrothorn
|-supereffective|p2a: Ferrothorn
|-damage|p2a: Ferrothorn|0 fnt
|-damage|p1a: Hawlucha|0 fnt|[from] ability: Iron Barbs|[of] p2a: Ferrothorn
|faint|p2a: Ferrothorn
|faint|p1a: Hawlucha
|
|upkeep
|choice|*|*switch 6
|c|☆El cadaver de Xed|the time has come
|c|☆yoce gamer 01|Salve algo mi patria
|choice|*|*switch 3
|choice|*switch 2|*
|choice|*|*switch 3
|choice|switch 2|switch 3
|
|switch|p1a: Tapu Koko|Tapu Koko|170\/281 tox
|switch|p2a: Beedrill|Beedrill-Mega, M|271\/271
|-damage|p1a: Tapu Koko|135\/281 tox|[from] Stealth Rock
|-fieldstart|move: Electric Terrain|[from] ability: Electric Surge|[of] p1a: Tapu Koko
|turn|35
|choice|*|*move 4
|c|☆El cadaver de Xed|gg
|choice|*move 2|*
|choice|move thunderbolt|move poisonjab
|
|move|p2a: Beedrill|Poison Jab|p1a: Tapu Koko
|-supereffective|p1a: Tapu Koko
|-damage|p1a: Tapu Koko|0 fnt
|faint|p1a: Tapu Koko
|
|upkeep
|c|☆yoce gamer 01|Gg
|choice|*switch 5|*
|choice|switch 5|
|
|switch|p1a: Lopunny|Lopunny-Mega, F|87\/271
|-damage|p1a: Lopunny|71\/271|[from] Stealth Rock
|turn|36
|choice|*move 1|*
|choice|*|*move 4
|choice|move fakeout|move poisonjab
|
|move|p1a: Lopunny|Fake Out|p2a: Beedrill
|-damage|p2a: Beedrill|120\/271
|cant|p2a: Beedrill|flinch
|
|upkeep
|turn|37
|choice|*|*move 4
|choice|*move 4|*
|choice|move return|move poisonjab
|
|move|p2a: Beedrill|Poison Jab|p1a: Lopunny
|-damage|p1a: Lopunny|0 fnt
|faint|p1a: Lopunny
|
|upkeep
|choice|*switch 3|*
|choice|switch 3|
|
|switch|p1a: Clefable|Clefable, M|313\/394 tox
|turn|38
|choice|*|*move 4
|choice|*move 2|*
|choice|move storedpower|move poisonjab
|
|move|p2a: Beedrill|Poison Jab|p1a: Clefable
|-supereffective|p1a: Clefable
|-crit|p1a: Clefable
|-damage|p1a: Clefable|0 fnt
|faint|p1a: Clefable
|
|win|El cadaver de Xed
</script>
</div>
<div class="battle-log battle-log-inline"><div class="inner"><div class="battle-options"></div><div class="inner"><div class=""><small>Format:</small> <br><strong>OU</strong></div><div class=""><small><em>Cláusula-Mod de Dormir:</em> solo puedes dormir a uno de tus oponentes a la vez.</small></div><div class=""><small><em>Cláusula de Especie:</em> Hasta un Pokémon de cada especie</small></div><div class=""><small><em>Cláusula de Golpe Fulminante:</em> los movimientos fulminantes (OHKO) estan prohibidos</small></div><div class=""><small><em>Cláusula de Veleta:</em> la habilidad Veleta está prohibida</small></div><div class=""><small><em>Cláusula de Movimientos Evasivos:</em> los movimientos de Evasión están prohibidos.</small></div><div class=""><small><em>Cláusula de Batallas Eternas:</em> forzar batallas eternas está prohibido</small></div><div class="chat battle-history"><strong>yoce gamer 01's team:</strong> <em style="color:#445566;display:block;">Clefable / Jirachi / Zygarde / Lopunny / Tapu Koko / Hawlucha</em></div><div class="chat battle-history"><strong>El cadaver de Xed's team:</strong> <em style="color:#445566;display:block;">Mantine / Ferrothorn / Victini / Beedrill / Weavile / Hippowdon</em></div><div class="chat chatmessage-edwardellric"><strong style="color:hsl(55,45%,33%)"><small> </small><span class="username" data-name="EdwardEllric 🐮">EdwardEllric 🐮</span>:</strong> <em>Suerte Yoce</em></div><div class="chat chatmessage-yocegamer01"><strong style="color:hsl(322,46%,46%)"><small>☆</small><span class="username" data-name="yoce gamer 01">yoce gamer 01</span>:</strong> <em>Gracias uwu</em></div><div class="chat chatmessage-yocegamer01"><strong style="color:hsl(322,46%,46%)"><small>☆</small><span class="username" data-name="yoce gamer 01">yoce gamer 01</span>:</strong> <em>Suerte</em></div><div class="spacer battle-history"><br></div><div class="battle-history">Battle started between yoce gamer 01 and El cadaver de Xed!<br></div><div class="spacer battle-history"><br></div><div class="battle-history">Go! <strong>Jirachi</strong>!<br></div><div class="spacer battle-history"><br></div><div class="battle-history">El cadaver de Xed sent out <strong>Beedrill</strong>!<br></div><div class="spacer battle-history"><br></div><h2 class="battle-history">Turn 1</h2><div class="chat chatmessage-elcadaverdexed"><strong style="color:hsl(238,82%,62.866466042104534%)"><small>☆</small><span class="username" data-name="El cadaver de Xed">El cadaver de Xed</span>:</strong> <em>conoces mi equipo no creo que te cueste mucho</em></div><div class="chat chatmessage-yocegamer01"><strong style="color:hsl(322,46%,46%)"><small>☆</small><span class="username" data-name="yoce gamer 01">yoce gamer 01</span>:</strong> <em>Estoy probando</em></div><div class="chat chatmessage-elcadaverdexed"><strong style="color:hsl(238,82%,62.866466042104534%)"><small>☆</small><span class="username" data-name="El cadaver de Xed">El cadaver de Xed</span>:</strong> <em>ese avi esta mal cortado gente con epilepsia puede sufrir uwu</em></div><div class="chat chatmessage-yocegamer01"><strong style="color:hsl(322,46%,46%)"><small>☆</small><span class="username" data-name="yoce gamer 01">yoce gamer 01</span>:</strong> <em>No es un team oficial si me puedes ganar</em></div><div class="spacer battle-history"><br></div><div class="battle-history"><small>The opposing Beedrill's Beedrillite is reacting to the Key Stone!</small><br>The opposing Beedrill has Mega Evolved into Mega Beedrill!<br></div><div class="spacer battle-history"><br></div><div class="battle-history">The opposing Beedrill used <strong>U-turn</strong>!<br></div><div class="battle-history"><small>(Jirachi lost <abbr title="−176/404">43.6%</abbr> of its health!)</small><br></div><div class="chat chatmessage-staryonaka"><strong style="color:hsl(4,46%,51.81909226206877%)"><small>♦</small><span class="username" data-name="❣Star Yonaka">❣Star Yonaka</span>:</strong> <em>si es el avy que elejiste</em></div><div class="chat chatmessage-staryonaka"><strong style="color:hsl(4,46%,51.81909226206877%)"><small>♦</small><span class="username" data-name="❣Star Yonaka">❣Star Yonaka</span>:</strong> <em>wtf</em></div><div class="chat chatmessage-elcadaverdexed"><strong style="color:hsl(238,82%,62.866466042104534%)"><small>☆</small><span class="username" data-name="El cadaver de Xed">El cadaver de Xed</span>:</strong> <em>le digo a yoce</em></div><div class="spacer battle-history"><br></div><div class="battle-history">The opposing Beedrill went back to El cadaver de Xed!<br></div><div class="battle-history">El cadaver de Xed sent out <strong>Victini</strong>!<br></div><div class="spacer battle-history"><br></div><div class="battle-history">Jirachi used <strong>Thunder Wave</strong>!<br></div><div class="battle-history"><small>The opposing Victini avoided the attack!</small><br></div><div class="spacer battle-history"><br></div><h2 class="battle-history">Turn 2</h2><div class="chat chatmessage-staryonaka"><strong style="color:hsl(4,46%,51.81909226206877%)"><small>♦</small><span class="username" data-name="❣Star Yonaka">❣Star Yonaka</span>:</strong> <em>ah</em></div><div class="chat chatmessage-staryonaka"><strong style="color:hsl(4,46%,51.81909226206877%)"><small>♦</small><span class="username" data-name="❣Star Yonaka">❣Star Yonaka</span>:</strong> <em>ta normal</em></div><div class="chat chatmessage-yocegamer01"><strong style="color:hsl(322,46%,46%)"><small>☆</small><span class="username" data-name="yoce gamer 01">yoce gamer 01</span>:</strong> <em>xd</em></div><div class="chat chatmessage-elcadaverdexed"><strong style="color:hsl(238,82%,62.866466042104534%)"><small>☆</small><span class="username" data-name="El cadaver de Xed">El cadaver de Xed</span>:</strong> <em>no c men el loop esta mal ywy</em></div><div class="spacer battle-history"><br></div><div class="battle-history">Jirachi, come back!<br></div><div class="battle-history">Go! <strong>Tapu Koko</strong>!<br></div><div class="battle-history"><small>[Tapu Koko's Electric Surge]</small><br><small>An electric current runs across the battlefield!</small><br></div><div class="spacer battle-history"><br></div><div class="battle-history">The opposing Victini used <strong>Searing Shot</strong>!<br></div><div class="battle-history"><small>(Tapu Koko lost <abbr title="−193/281">68.7%</abbr> of its health!)</small><br></div><div class="spacer battle-history"><br></div><h2 class="battle-history">Turn 3</h2><div class="spacer battle-history"><br></div><div class="battle-history">El cadaver de Xed withdrew Victini!<br></div><div class="battle-history">El cadaver de Xed sent out <strong>Hippowdon</strong>!<br></div><div class="battle-history"><small>[The opposing Hippowdon's Sand Stream]</small><br><small>A sandstorm kicked up!</small><br></div><div class="spacer battle-history"><br></div><div class="battle-history">Tapu Koko used <strong>Volt Switch</strong>!<br></div><div class="battle-history"><small>It doesn't affect the opposing Hippowdon...</small><br></div><div class="spacer battle-history"><br></div><div class="battle-history"><small>The sandstorm is raging.</small><br></div><div class="battle-history"><small>Tapu Koko is buffeted by the sandstorm!</small><br></div><div class="spacer battle-history"><br></div><h2 class="battle-history">Turn 4</h2><div class="spacer battle-history"><br></div><div class="battle-history">Tapu Koko went back to yoce gamer 01!<br></div><div class="battle-history">Go! <strong>Zygarde</strong>!<br></div><div class="battle-history"><small>[Zygarde's Aura Break]</small><br><small>Zygarde reversed all other Pokémon's auras!</small><br></div><div class="spacer battle-history"><br></div><div class="battle-history">The opposing Hippowdon used <strong>Toxic</strong>!<br></div><div class="battle-history"><small>Zygarde was badly poisoned!</small><br></div><div class="spacer battle-history"><br></div><div class="battle-history"><small>The sandstorm is raging.</small><br></div><div class="battle-history"><small>Zygarde was hurt by poison!</small><br></div><div class="spacer battle-history"><br></div><h2 class="battle-history">Turn 5</h2><div class="spacer battle-history"><br></div><div class="battle-history">Zygarde used <strong>Dragon Dance</strong>!<br></div><div class="battle-history"><small>Zygarde's Attack rose!</small><br></div><div class="battle-history"><small>Zygarde's Speed rose!</small><br></div><div class="spacer battle-history"><br></div><div class="battle-history">The opposing Hippowdon used <strong>Earthquake</strong>!<br></div><div class="battle-history"><small>A critical hit!</small><br></div><div class="battle-history"><small>(Zygarde lost <abbr title="−153/357">42.9%</abbr> of its health!)</small><br></div><div class="spacer battle-history"><br></div><div class="battle-history"><small>The sandstorm is raging.</small><br></div><div class="battle-history"><small>Zygarde restored a little HP using its Leftovers!</small><br></div><div class="battle-history"><small>Zygarde was hurt by poison!</small><br></div><div class="spacer battle-history"><br></div><h2 class="battle-history">Turn 6</h2><div class="spacer battle-history"><br></div><div class="battle-history">Zygarde used <strong>Thousand Arrows</strong>!<br></div><div class="battle-history"><small>(The opposing Hippowdon lost <abbr title="−136/420">32.4%</abbr> of its health!)</small><br></div><div class="spacer battle-history"><br></div><div class="battle-history">The opposing Hippowdon used <strong>Slack Off</strong>!<br></div><div class="battle-history"><small>The opposing Hippowdon restored its HP.</small><br></div><div class="spacer battle-history"><br></div><div class="battle-history"><small>The sandstorm is raging.</small><br></div><div class="battle-history"><small>Zygarde restored a little HP using its Leftovers!</small><br></div><div class="battle-history"><small>Zygarde was hurt by poison!</small><br></div><div class="battle-history"><small>The electricity disappeared from the battlefield.</small><br></div><div class="spacer battle-history"><br></div><h2 class="battle-history">Turn 7</h2><div class="spacer battle-history"><br></div><div class="battle-history">Zygarde used <strong>Coil</strong>!<br></div><div class="battle-history"><small>Zygarde's Attack rose!</small><br></div><div class="battle-history"><small>Zygarde's Defense rose!</small><br></div><div class="battle-history"><small>Zygarde's accuracy rose!</small><br></div><div class="spacer battle-history"><br></div><div class="battle-history">The opposing Hippowdon used <strong>Earthquake</strong>!<br></div><div class="battle-history"><small>(Zygarde lost <abbr title="−72/357">20.2%</abbr> of its health!)</small><br></div><div class="spacer battle-history"><br></div><div class="battle-history"><small>The sandstorm subsided.</small><br></div><div class="battle-history"><small>Zygarde restored a little HP using its Leftovers!</small><br></div><div class="battle-history"><small>Zygarde was hurt by poison!</small><br></div><div class="spacer battle-history"><br></div><div class="battle-history">Zygarde fainted!<br></div><div class="spacer battle-history"><br></div><div class="battle-history">Go! <strong>Lopunny</strong>!<br></div><div class="spacer battle-history"><br></div><h2 class="battle-history">Turn 8</h2><div class="spacer battle-history"><br></div><div class="battle-history"><small>Lopunny's Lopunnite is reacting to the Key Stone!</small><br>Lopunny has Mega Evolved into Mega Lopunny!<br></div><div class="spacer battle-history"><br></div><div class="battle-history">Lopunny used <strong>Fake Out</strong>!<br></div><div class="battle-history"><small>(The opposing Hippowdon lost <abbr title="−46/420">11.0%</abbr> of its health!)</small><br></div><div class="spacer battle-history"><br></div><div class="battle-history">The opposing Hippowdon flinched and couldn't move!<br></div><div class="spacer battle-history"><br></div><div class="battle-history"><small>The opposing Hippowdon restored a little HP using its Leftovers!</small><br></div><div class="spacer battle-history"><br></div><h2 class="battle-history">Turn 9</h2><div class="spacer battle-history"><br></div><div class="battle-history">Lopunny used <strong>Ice Punch</strong>!<br></div><div class="battle-history"><small>It's super effective!</small><br></div><div class="battle-history"><small>(The opposing Hippowdon lost <abbr title="−112/420">26.7%</abbr> of its health!)</small><br></div><div class="battle-history"><small>The opposing Hippowdon was frozen solid!</small><br></div><div class="spacer battle-history"><br></div><div class="battle-history">The opposing Hippowdon is frozen solid!<br></div><div class="spacer battle-history"><br></div><div class="battle-history"><small>The opposing Hippowdon restored a little HP using its Leftovers!</small><br></div><div class="spacer battle-history"><br></div><h2 class="battle-history">Turn 10</h2><div class="chat chatmessage-elcadaverdexed"><strong style="color:hsl(238,82%,62.866466042104534%)"><small>☆</small><span class="username" data-name="El cadaver de Xed">El cadaver de Xed</span>:</strong> <em>rip</em></div><div class="spacer battle-history"><br></div><div class="battle-history">El cadaver de Xed withdrew Hippowdon!<br></div><div class="battle-history">El cadaver de Xed sent out <strong>Ferrothorn</strong>!<br></div><div class="spacer battle-history"><br></div><div class="battle-history">Lopunny used <strong>Ice Punch</strong>!<br></div><div class="battle-history"><small>(The opposing Ferrothorn lost <abbr title="−60/352">17.0%</abbr> of its health!)</small><br></div><div class="battle-history"><small>[The opposing Ferrothorn's Iron Barbs]</small><br><small>Lopunny was hurt!</small><br></div><div class="spacer battle-history"><br></div><div class="battle-history"><small>The opposing Ferrothorn restored a little HP using its Leftovers!</small><br></div><div class="spacer battle-history"><br></div><h2 class="battle-history">Turn 11</h2><div class="spacer battle-history"><br></div><div class="battle-history">Lopunny, come back!<br></div><div class="battle-history">Go! <strong>Tapu Koko</strong>!<br></div><div class="battle-history"><small>[Tapu Koko's Electric Surge]</small><br><small>An electric current runs across the battlefield!</small><br></div><div class="spacer battle-history"><br></div><div class="battle-history">The opposing Ferrothorn used <strong>Thunder Wave</strong>!<br></div><div class="battle-history"><small>It doesn't affect Tapu Koko...</small><br></div><div class="spacer battle-history"><br></div><div class="battle-history"><small>The opposing Ferrothorn restored a little HP using its Leftovers!</small><br></div><div class="spacer battle-history"><br></div><h2 class="battle-history">Turn 12</h2><div class="spacer battle-history"><br></div><div class="battle-history">Tapu Koko used <strong>Volt Switch</strong>!<br></div><div class="battle-history"><small>It's not very effective...</small><br></div><div class="battle-history"><small>(The opposing Ferrothorn lost <abbr title="−102/352">29.0%</abbr> of its health!)</small><br></div><div class="spacer battle-history"><br></div><div class="battle-history">Tapu Koko went back to yoce gamer 01!<br></div><div class="battle-history">Go! <strong>Hawlucha</strong>!<br></div><div class="battle-history"><small>(Hawlucha used its Electric Seed!)</small><br></div><div class="battle-history"><small>Hawlucha's Defense rose!</small><br></div><div class="spacer battle-history"><br></div><div class="battle-history">The opposing Ferrothorn used <strong>Stealth Rock</strong>!<br></div><div class="battle-history"><small>Pointed stones float in the air around your team!</small><br></div><div class="spacer battle-history"><br></div><div class="battle-history"><small>The opposing Ferrothorn restored a little HP using its Leftovers!</small><br></div><div class="spacer battle-history"><br></div><h2 class="battle-history">Turn 13</h2><div class="spacer battle-history"><br></div><div class="battle-history">Hawlucha used <strong>High Jump Kick</strong>!<br></div><div class="battle-history"><small>It's super effective!</small><br></div><div class="battle-history"><small>(The opposing Ferrothorn lost <abbr title="−248/352">70.5%</abbr> of its health!)</small><br></div><div class="battle-history"><small>[The opposing Ferrothorn's Iron Barbs]</small><br><small>Hawlucha was hurt!</small><br></div><div class="spacer battle-history"><br></div><div class="battle-history">The opposing Ferrothorn used <strong>Thunder Wave</strong>!<br></div><div class="battle-history"><small>Hawlucha is paralyzed! It may be unable to move!</small><br></div><div class="spacer battle-history"><br></div><div class="battle-history"><small>The opposing Ferrothorn restored a little HP using its Leftovers!</small><br></div><div class="spacer battle-history"><br></div><h2 class="battle-history">Turn 14</h2><div class="spacer battle-history"><br></div><div class="battle-history">Hawlucha is paralyzed! It can't move!<br></div><div class="spacer battle-history"><br></div><div class="battle-history">The opposing Ferrothorn used <strong>Leech Seed</strong>!<br></div><div class="battle-history"><small>Hawlucha was seeded!</small><br></div><div class="spacer battle-history"><br></div><div class="battle-history"><small>The opposing Ferrothorn restored a little HP using its Leftovers!</small><br></div><div class="battle-history"><small>Hawlucha's health is sapped by Leech Seed!</small><br></div><div class="spacer battle-history"><br></div><h2 class="battle-history">Turn 15</h2><div class="spacer battle-history"><br></div><div class="battle-history">El cadaver de Xed withdrew Ferrothorn!<br></div><div class="battle-history">El cadaver de Xed sent out <strong>Hippowdon</strong>!<br></div><div class="battle-history"><small>[The opposing Hippowdon's Sand Stream]</small><br><small>A sandstorm kicked up!</small><br></div><div class="spacer battle-history"><br></div><div class="battle-history">Hawlucha used <strong>High Jump Kick</strong>!<br></div><div class="battle-history"><small>(The opposing Hippowdon lost <abbr title="−129/420">30.7%</abbr> of its health!)</small><br></div><div class="spacer battle-history"><br></div><div class="battle-history"><small>The sandstorm is raging.</small><br></div><div class="battle-history"><small>Hawlucha is buffeted by the sandstorm!</small><br></div><div class="battle-history"><small>The opposing Hippowdon restored a little HP using its Leftovers!</small><br></div><div class="battle-history"><small>Hawlucha's health is sapped by Leech Seed!</small><br></div><div class="battle-history"><small>The electricity disappeared from the battlefield.</small><br></div><div class="spacer battle-history"><br></div><h2 class="battle-history">Turn 16</h2><div class="spacer battle-history"><br></div><div class="battle-history">Hawlucha used <strong>Acrobatics</strong>!<br></div><div class="battle-history"><small>(The opposing Hippowdon lost <abbr title="−114/420">27.1%</abbr> of its health!)</small><br></div><div class="battle-history"><small>The opposing Hippowdon thawed out!</small><br></div><div class="spacer battle-history"><br></div><div class="battle-history">The opposing Hippowdon used <strong>Earthquake</strong>!<br></div><div class="battle-history"><small>It doesn't affect Hawlucha...</small><br></div><div class="spacer battle-history"><br></div><div class="battle-history"><small>The sandstorm is raging.</small><br></div><div class="battle-history"><small>Hawlucha is buffeted by the sandstorm!</small><br></div><div class="battle-history"><small>The opposing Hippowdon restored a little HP using its Leftovers!</small><br></div><div class="battle-history"><small>Hawlucha's health is sapped by Leech Seed!</small><br></div><div class="spacer battle-history"><br></div><h2 class="battle-history">Turn 17</h2><div class="spacer battle-history"><br></div><div class="battle-history">Hawlucha used <strong>Acrobatics</strong>!<br></div><div class="battle-history"><small>(The opposing Hippowdon lost <abbr title="−105/420">25%</abbr> of its health!)</small><br></div><div class="spacer battle-history"><br></div><div class="battle-history">The opposing Hippowdon used <strong>Slack Off</strong>!<br></div><div class="battle-history"><small>The opposing Hippowdon restored its HP.</small><br></div><div class="spacer battle-history"><br></div><div class="battle-history"><small>The sandstorm is raging.</small><br></div><div class="battle-history"><small>Hawlucha is buffeted by the sandstorm!</small><br></div><div class="battle-history"><small>The opposing Hippowdon restored a little HP using its Leftovers!</small><br></div><div class="battle-history"><small>Hawlucha's health is sapped by Leech Seed!</small><br></div><div class="spacer battle-history"><br></div><h2 class="battle-history">Turn 18</h2><div class="spacer battle-history"><br></div><div class="battle-history">Hawlucha used <strong>Acrobatics</strong>!<br></div><div class="battle-history"><small>(The opposing Hippowdon lost <abbr title="−115/420">27.4%</abbr> of its health!)</small><br></div><div class="spacer battle-history"><br></div><div class="battle-history">The opposing Hippowdon used <strong>Roar</strong>!<br></div><div class="spacer battle-history"><br></div><div class="battle-history"><strong>Jirachi</strong> was dragged out!<br></div><div class="battle-history"><small>Pointed stones dug into Jirachi!</small><br></div><div class="spacer battle-history"><br></div><div class="battle-history"><small>The sandstorm is raging.</small><br></div><div class="battle-history"><small>The opposing Hippowdon restored a little HP using its Leftovers!</small><br></div><div class="spacer battle-history"><br></div><h2 class="battle-history">Turn 19</h2><div class="spacer battle-history"><br></div><div class="battle-history">Jirachi, come back!<br></div><div class="battle-history">Go! <strong>Clefable</strong>!<br></div><div class="spacer battle-history"><br></div><div class="battle-history">El cadaver de Xed withdrew Hippowdon!<br></div><div class="battle-history">El cadaver de Xed sent out <strong>Ferrothorn</strong>!<br></div><div class="spacer battle-history"><br></div><div class="battle-history"><small>The sandstorm subsided.</small><br></div><div class="battle-history"><small>The opposing Ferrothorn restored a little HP using its Leftovers!</small><br></div><div class="spacer battle-history"><br></div><h2 class="battle-history">Turn 20</h2><div class="chat chatmessage-staryonaka"><strong style="color:hsl(4,46%,51.81909226206877%)"><small>♦</small><span class="username" data-name="❣Star Yonaka">❣Star Yonaka</span>:</strong> <em>vas bien</em></div><div class="spacer battle-history"><br></div><div class="battle-history">Clefable used <strong>Cosmic Power</strong>!<br></div><div class="battle-history"><small>Clefable's Defense rose!</small><br></div><div class="battle-history"><small>Clefable's Special Defense rose!</small><br></div><div class="spacer battle-history"><br></div><div class="battle-history">The opposing Ferrothorn used <strong>Leech Seed</strong>!<br></div><div class="battle-history"><small>Clefable was seeded!</small><br></div><div class="spacer battle-history"><br></div><div class="battle-history"><small>The opposing Ferrothorn restored a little HP using its Leftovers!</small><br></div><div class="spacer battle-history"><br></div><h2 class="battle-history">Turn 21</h2><div class="spacer battle-history"><br></div><div class="battle-history">El cadaver de Xed withdrew Ferrothorn!<br></div><div class="battle-history">El cadaver de Xed sent out <strong>Hippowdon</strong>!<br></div><div class="battle-history"><small>[The opposing Hippowdon's Sand Stream]</small><br><small>A sandstorm kicked up!</small><br></div><div class="spacer battle-history"><br></div><div class="battle-history">Clefable used <strong>Cosmic Power</strong>!<br></div><div class="battle-history"><small>Clefable's Defense rose!</small><br></div><div class="battle-history"><small>Clefable's Special Defense rose!</small><br></div><div class="spacer battle-history"><br></div><div class="battle-history"><small>The sandstorm is raging.</small><br></div><div class="battle-history"><small>The opposing Hippowdon restored a little HP using its Leftovers!</small><br></div><div class="spacer battle-history"><br></div><h2 class="battle-history">Turn 22</h2><div class="spacer battle-history"><br></div><div class="battle-history">Clefable used <strong>Cosmic Power</strong>!<br></div><div class="battle-history"><small>Clefable's Defense rose!</small><br></div><div class="battle-history"><small>Clefable's Special Defense rose!</small><br></div><div class="spacer battle-history"><br></div><div class="battle-history">The opposing Hippowdon used <strong>Roar</strong>!<br></div><div class="spacer battle-history"><br></div><div class="battle-history"><strong>Jirachi</strong> was dragged out!<br></div><div class="battle-history"><small>Pointed stones dug into Jirachi!</small><br></div><div class="spacer battle-history"><br></div><div class="battle-history"><small>The sandstorm is raging.</small><br></div><div class="battle-history"><small>The opposing Hippowdon restored a little HP using its Leftovers!</small><br></div><div class="spacer battle-history"><br></div><h2 class="battle-history">Turn 23</h2><div class="spacer battle-history"><br></div><div class="battle-history">Jirachi used <strong>Wish</strong>!<br></div><div class="spacer battle-history"><br></div><div class="battle-history">The opposing Hippowdon used <strong>Earthquake</strong>!<br></div><div class="battle-history"><small>It's super effective!</small><br></div><div class="battle-history"><small>(Jirachi lost <abbr title="−178/404">44.1%</abbr> of its health!)</small><br></div><div class="spacer battle-history"><br></div><div class="battle-history">Jirachi fainted!<br></div><div class="spacer battle-history"><br></div><div class="battle-history"><small>The sandstorm is raging.</small><br></div><div class="battle-history"><small>The opposing Hippowdon restored a little HP using its Leftovers!</small><br></div><div class="chat chatmessage-yocegamer01"><strong style="color:hsl(322,46%,46%)"><small>☆</small><span class="username" data-name="yoce gamer 01">yoce gamer 01</span>:</strong> <em>Lindo tu team</em></div><div class="chat chatmessage-yocegamer01"><strong style="color:hsl(322,46%,46%)"><small>☆</small><span class="username" data-name="yoce gamer 01">yoce gamer 01</span>:</strong> <em>No me dejas hacer nada</em></div><div class="chat chatmessage-elcadaverdexed"><strong style="color:hsl(238,82%,62.866466042104534%)"><small>☆</small><span class="username" data-name="El cadaver de Xed">El cadaver de Xed</span>:</strong> <em>por ?</em></div><div class="chat chatmessage-elcadaverdexed"><strong style="color:hsl(238,82%,62.866466042104534%)"><small>☆</small><span class="username" data-name="El cadaver de Xed">El cadaver de Xed</span>:</strong> <em>pero si es el que uso siempre</em></div><div class="spacer battle-history"><br></div><div class="battle-history">Go! <strong>Tapu Koko</strong>!<br></div><div class="battle-history"><small>Pointed stones dug into Tapu Koko!</small><br></div><div class="battle-history"><small>[Tapu Koko's Electric Surge]</small><br><small>An electric current runs across the battlefield!</small><br></div><div class="spacer battle-history"><br></div><h2 class="battle-history">Turn 24</h2><div class="chat chatmessage-elcadaverdexed"><strong style="color:hsl(238,82%,62.866466042104534%)"><small>☆</small><span class="username" data-name="El cadaver de Xed">El cadaver de Xed</span>:</strong> <em>y me has ganado antes</em></div><div class="chat chatmessage-yocegamer01"><strong style="color:hsl(322,46%,46%)"><small>☆</small><span class="username" data-name="yoce gamer 01">yoce gamer 01</span>:</strong> <em>Lo estas usando muy bien o yo soy una mierda con este team</em></div><div class="spacer battle-history"><br></div><div class="battle-history">Tapu Koko used <strong>Hidden Power</strong>!<br></div><div class="battle-history"><small>It's super effective!</small><br></div><div class="battle-history"><small>(The opposing Hippowdon lost <abbr title="−214/420">51.0%</abbr> of its health!)</small><br></div><div class="spacer battle-history"><br></div><div class="battle-history">The opposing Hippowdon used <strong>Toxic</strong>!<br></div><div class="battle-history"><small>Tapu Koko was badly poisoned!</small><br></div><div class="spacer battle-history"><br></div><div class="battle-history"><small>The sandstorm is raging.</small><br></div><div class="battle-history"><small>Tapu Koko is buffeted by the sandstorm!</small><br></div><div class="battle-history"><small>Jirachi's wish came true!</small><br></div><div class="battle-history"><small>The opposing Hippowdon restored a little HP using its Leftovers!</small><br></div><div class="battle-history"><small>Tapu Koko was hurt by poison!</small><br></div><div class="spacer battle-history"><br></div><h2 class="battle-history">Turn 25</h2><div class="spacer battle-history"><br></div><div class="battle-history">El cadaver de Xed withdrew Hippowdon!<br></div><div class="battle-history">El cadaver de Xed sent out <strong>Mantine</strong>!<br></div><div class="spacer battle-history"><br></div><div class="battle-history">Tapu Koko used <strong>Hidden Power</strong>!<br></div><div class="battle-history"><small>A critical hit!</small><br></div><div class="battle-history"><small>(The opposing Mantine lost <abbr title="−70/374">18.7%</abbr> of its health!)</small><br></div><div class="spacer battle-history"><br></div><div class="battle-history"><small>The sandstorm subsided.</small><br></div><div class="battle-history"><small>The opposing Mantine restored a little HP using its Leftovers!</small><br></div><div class="battle-history"><small>Tapu Koko was hurt by poison!</small><br></div><div class="spacer battle-history"><br></div><h2 class="battle-history">Turn 26</h2><div class="chat chatmessage-staryonaka"><strong style="color:hsl(4,46%,51.81909226206877%)"><small>♦</small><span class="username" data-name="❣Star Yonaka">❣Star Yonaka</span>:</strong> <em>cadaver</em></div><div class="chat chatmessage-staryonaka"><strong style="color:hsl(4,46%,51.81909226206877%)"><small>♦</small><span class="username" data-name="❣Star Yonaka">❣Star Yonaka</span>:</strong> <em>lo bueno de usar tanto el team</em></div><div class="chat chatmessage-elcadaverdexed"><strong style="color:hsl(238,82%,62.866466042104534%)"><small>☆</small><span class="username" data-name="El cadaver de Xed">El cadaver de Xed</span>:</strong> <em>?</em></div><div class="spacer battle-history"><br></div><div class="battle-history">Tapu Koko, come back!<br></div><div class="battle-history">Go! <strong>Clefable</strong>!<br></div><div class="spacer battle-history"><br></div><div class="battle-history">El cadaver de Xed withdrew Mantine!<br></div><div class="battle-history">El cadaver de Xed sent out <strong>Hippowdon</strong>!<br></div><div class="battle-history"><small>[The opposing Hippowdon's Sand Stream]</small><br><small>A sandstorm kicked up!</small><br></div><div class="spacer battle-history"><br></div><div class="battle-history"><small>The sandstorm is raging.</small><br></div><div class="battle-history"><small>The opposing Hippowdon restored a little HP using its Leftovers!</small><br></div><div class="spacer battle-history"><br></div><h2 class="battle-history">Turn 27</h2><div class="chat chatmessage-staryonaka"><strong style="color:hsl(4,46%,51.81909226206877%)"><small>♦</small><span class="username" data-name="❣Star Yonaka">❣Star Yonaka</span>:</strong> <em>es que ya sabes que hacer cuando te tiran algo</em></div><div class="chat chatmessage-yocegamer01"><strong style="color:hsl(322,46%,46%)"><small>☆</small><span class="username" data-name="yoce gamer 01">yoce gamer 01</span>:</strong> <em>Eso es verdad</em></div><div class="chat chatmessage-elcadaverdexed"><strong style="color:hsl(238,82%,62.866466042104534%)"><small>☆</small><span class="username" data-name="El cadaver de Xed">El cadaver de Xed</span>:</strong> <em>eso es verdad uwu</em></div><div class="chat chatmessage-elcadaverdexed"><strong style="color:hsl(238,82%,62.866466042104534%)"><small>☆</small><span class="username" data-name="El cadaver de Xed">El cadaver de Xed</span>:</strong> <em>de hecho antes tenia a zeraora en lugar de hippo</em></div><div class="spacer battle-history"><br></div><div class="battle-history">Clefable used <strong>Cosmic Power</strong>!<br></div><div class="battle-history"><small>Clefable's Defense rose!</small><br></div><div class="battle-history"><small>Clefable's Special Defense rose!</small><br></div><div class="spacer battle-history"><br></div><div class="battle-history">The opposing Hippowdon used <strong>Toxic</strong>!<br></div><div class="battle-history"><small>Clefable was badly poisoned!</small><br></div><div class="spacer battle-history"><br></div><div class="battle-history"><small>The sandstorm is raging.</small><br></div><div class="battle-history"><small>The opposing Hippowdon restored a little HP using its Leftovers!</small><br></div><div class="spacer battle-history"><br></div><h2 class="battle-history">Turn 28</h2><div class="chat chatmessage-elcadaverdexed"><strong style="color:hsl(238,82%,62.866466042104534%)"><small>☆</small><span class="username" data-name="El cadaver de Xed">El cadaver de Xed</span>:</strong> <em>pero clefable me sweepeaba mucho asi que puse algo con roar y toxic</em></div><div class="chat chatmessage-elcadaverdexed"><strong style="color:hsl(238,82%,62.866466042104534%)"><small>☆</small><span class="username" data-name="El cadaver de Xed">El cadaver de Xed</span>:</strong> <em>despues de pasar por varios me quede con hipo que toma bien los volt switch que atrae mantine</em></div><div class="spacer battle-history"><br></div><div class="battle-history">Clefable used <strong>Stored Power</strong>!<br></div><div class="battle-history"><small>(The opposing Hippowdon lost <abbr title="−60/420">14.3%</abbr> of its health!)</small><br></div><div class="spacer battle-history"><br></div><div class="battle-history">The opposing Hippowdon used <strong>Slack Off</strong>!<br></div><div class="battle-history"><small>The opposing Hippowdon restored its HP.</small><br></div><div class="spacer battle-history"><br></div><div class="battle-history"><small>The sandstorm is raging.</small><br></div><div class="battle-history"><small>The opposing Hippowdon restored a little HP using its Leftovers!</small><br></div><div class="battle-history"><small>The electricity disappeared from the battlefield.</small><br></div><div class="spacer battle-history"><br></div><h2 class="battle-history">Turn 29</h2><div class="spacer battle-history"><br></div><div class="battle-history">Clefable used <strong>Cosmic Power</strong>!<br></div><div class="battle-history"><small>Clefable's Defense rose!</small><br></div><div class="battle-history"><small>Clefable's Special Defense rose!</small><br></div><div class="spacer battle-history"><br></div><div class="battle-history">The opposing Hippowdon used <strong>Earthquake</strong>!<br></div><div class="battle-history"><small>(Clefable lost <abbr title="−81/394">20.6%</abbr> of its health!)</small><br></div><div class="spacer battle-history"><br></div><div class="battle-history"><small>The sandstorm is raging.</small><br></div><div class="battle-history"><small>The opposing Hippowdon restored a little HP using its Leftovers!</small><br></div><div class="spacer battle-history"><br></div><h2 class="battle-history">Turn 30</h2><div class="spacer battle-history"><br></div><div class="battle-history">Clefable used <strong>Moonblast</strong>!<br></div><div class="battle-history"><small>(The opposing Hippowdon lost <abbr title="−138/420">32.9%</abbr> of its health!)</small><br></div><div class="spacer battle-history"><br></div><div class="battle-history">The opposing Hippowdon used <strong>Roar</strong>!<br></div><div class="spacer battle-history"><br></div><div class="battle-history">Lopunny (<strong>Lopunny-Mega</strong>) was dragged out!<br></div><div class="battle-history"><small>Pointed stones dug into Lopunny!</small><br></div><div class="spacer battle-history"><br></div><div class="battle-history"><small>The sandstorm subsided.</small><br></div><div class="battle-history"><small>The opposing Hippowdon restored a little HP using its Leftovers!</small><br></div><div class="spacer battle-history"><br></div><h2 class="battle-history">Turn 31</h2><div class="chat chatmessage-staryonaka"><strong style="color:hsl(4,46%,51.81909226206877%)"><small>♦</small><span class="username" data-name="❣Star Yonaka">❣Star Yonaka</span>:</strong> <em>hummilada yoce</em></div><div class="spacer battle-history"><br></div><div class="battle-history">Lopunny used <strong>Ice Punch</strong>!<br></div><div class="battle-history"><small>It's super effective!</small><br></div><div class="battle-history"><small>(The opposing Hippowdon lost <abbr title="−112/420">26.7%</abbr> of its health!)</small><br></div><div class="spacer battle-history"><br></div><div class="battle-history">The opposing Hippowdon used <strong>Slack Off</strong>!<br></div><div class="battle-history"><small>The opposing Hippowdon restored its HP.</small><br></div><div class="spacer battle-history"><br></div><div class="battle-history"><small>The opposing Hippowdon restored a little HP using its Leftovers!</small><br></div><div class="spacer battle-history"><br></div><h2 class="battle-history">Turn 32</h2><div class="chat chatmessage-yocegamer01"><strong style="color:hsl(322,46%,46%)"><small>☆</small><span class="username" data-name="yoce gamer 01">yoce gamer 01</span>:</strong> <em>xd</em></div><div class="spacer battle-history"><br></div><div class="battle-history">Lopunny used <strong>Ice Punch</strong>!<br></div><div class="battle-history"><small>It's super effective!</small><br></div><div class="battle-history"><small>(The opposing Hippowdon lost <abbr title="−110/420">26.2%</abbr> of its health!)</small><br></div><div class="spacer battle-history"><br></div><div class="battle-history">The opposing Hippowdon used <strong>Earthquake</strong>!<br></div><div class="battle-history"><small>(Lopunny lost <abbr title="−135/271">49.8%</abbr> of its health!)</small><br></div><div class="spacer battle-history"><br></div><div class="battle-history"><small>The opposing Hippowdon restored a little HP using its Leftovers!</small><br></div><div class="spacer battle-history"><br></div><h2 class="battle-history">Turn 33</h2><div class="spacer battle-history"><br></div><div class="battle-history">Lopunny, come back!<br></div><div class="battle-history">Go! <strong>Hawlucha</strong>!<br></div><div class="battle-history"><small>Pointed stones dug into Hawlucha!</small><br></div><div class="spacer battle-history"><br></div><div class="battle-history">El cadaver de Xed withdrew Hippowdon!<br></div><div class="battle-history">El cadaver de Xed sent out <strong>Ferrothorn</strong>!<br></div><div class="spacer battle-history"><br></div><div class="battle-history"><small>The opposing Ferrothorn restored a little HP using its Leftovers!</small><br></div><div class="spacer battle-history"><br></div><h2 class="battle-history">Turn 34</h2><div class="chat chatmessage-staryonaka"><strong style="color:hsl(4,46%,51.81909226206877%)"><small>♦</small><span class="username" data-name="❣Star Yonaka">❣Star Yonaka</span>:</strong> <em>parece al hippowdon de folagor</em></div><div class="chat chatmessage-staryonaka"><strong style="color:hsl(4,46%,51.81909226206877%)"><small>♦</small><span class="username" data-name="❣Star Yonaka">❣Star Yonaka</span>:</strong> <em>esa wea</em></div><div class="spacer battle-history"><br></div><div class="battle-history">Hawlucha used <strong>High Jump Kick</strong>!<br></div><div class="battle-history"><small>It's super effective!</small><br></div><div class="battle-history"><small>(The opposing Ferrothorn lost <abbr title="−155/352">44.0%</abbr> of its health!)</small><br></div><div class="battle-history"><small>[The opposing Ferrothorn's Iron Barbs]</small><br><small>Hawlucha was hurt!</small><br></div><div class="spacer battle-history"><br></div><div class="battle-history">The opposing Ferrothorn fainted!<br></div><div class="battle-history">Hawlucha fainted!<br></div><div class="chat chatmessage-elcadaverdexed"><strong style="color:hsl(238,82%,62.866466042104534%)"><small>☆</small><span class="username" data-name="El cadaver de Xed">El cadaver de Xed</span>:</strong> <em>the time has come</em></div><div class="chat chatmessage-yocegamer01"><strong style="color:hsl(322,46%,46%)"><small>☆</small><span class="username" data-name="yoce gamer 01">yoce gamer 01</span>:</strong> <em>Salve algo mi patria</em></div><div class="spacer battle-history"><br></div><div class="battle-history">Go! <strong>Tapu Koko</strong>!<br></div><div class="spacer battle-history"><br></div><div class="battle-history">El cadaver de Xed sent out Beedrill (<strong>Beedrill-Mega</strong>)!<br></div><div class="battle-history"><small>Pointed stones dug into Tapu Koko!</small><br></div><div class="battle-history"><small>[Tapu Koko's Electric Surge]</small><br><small>An electric current runs across the battlefield!</small><br></div><div class="spacer battle-history"><br></div><h2 class="battle-history">Turn 35</h2><div class="chat chatmessage-elcadaverdexed"><strong style="color:hsl(238,82%,62.866466042104534%)"><small>☆</small><span class="username" data-name="El cadaver de Xed">El cadaver de Xed</span>:</strong> <em>gg</em></div><div class="spacer battle-history"><br></div><div class="battle-history">The opposing Beedrill used <strong>Poison Jab</strong>!<br></div><div class="battle-history"><small>It's super effective!</small><br></div><div class="battle-history"><small>(Tapu Koko lost <abbr title="−135/281">48.0%</abbr> of its health!)</small><br></div><div class="spacer battle-history"><br></div><div class="battle-history">Tapu Koko fainted!<br></div><div class="chat chatmessage-yocegamer01"><strong style="color:hsl(322,46%,46%)"><small>☆</small><span class="username" data-name="yoce gamer 01">yoce gamer 01</span>:</strong> <em>Gg</em></div><div class="spacer battle-history"><br></div><div class="battle-history">Go! Lopunny (<strong>Lopunny-Mega</strong>)!<br></div><div class="battle-history"><small>Pointed stones dug into Lopunny!</small><br></div><div class="spacer battle-history"><br></div><h2 class="battle-history">Turn 36</h2><div class="spacer battle-history"><br></div><div class="battle-history">Lopunny used <strong>Fake Out</strong>!<br></div><div class="battle-history"><small>(The opposing Beedrill lost <abbr title="−151/271">55.7%</abbr> of its health!)</small><br></div><div class="spacer battle-history"><br></div><div class="battle-history">The opposing Beedrill flinched and couldn't move!<br></div><div class="spacer battle-history"><br></div><h2 class="battle-history">Turn 37</h2><div class="spacer battle-history"><br></div><div class="battle-history">The opposing Beedrill used <strong>Poison Jab</strong>!<br></div><div class="battle-history"><small>(Lopunny lost <abbr title="−71/271">26.2%</abbr> of its health!)</small><br></div><div class="spacer battle-history"><br></div><div class="battle-history">Lopunny fainted!<br></div><div class="spacer battle-history"><br></div><div class="battle-history">Go! <strong>Clefable</strong>!<br></div><div class="spacer battle-history"><br></div><h2 class="battle-history">Turn 38</h2><div class="spacer battle-history"><br></div><div class="battle-history">The opposing Beedrill used <strong>Poison Jab</strong>!<br></div><div class="battle-history"><small>It's super effective!</small><br></div><div class="battle-history"><small>A critical hit!</small><br></div><div class="battle-history"><small>(Clefable lost <abbr title="−313/394">79.4%</abbr> of its health!)</small><br></div><div class="spacer battle-history"><br></div><div class="battle-history">Clefable fainted!<br></div><div class="spacer battle-history"><br></div><div class="battle-history"><strong>El cadaver de Xed</strong> won the battle!<br></div></div><div class="inner-preempt"></div></div></div>
</div>
<script>
let daily = Math.floor(Date.now()/1000/60/60/24);document.write('<script src="https://play.pokemonshowdown.com/js/replay-embed.js?version'+daily+'"></'+'script>');
</script>
