<!DOCTYPE html>
<meta charset="utf-8" />
<!-- version 1 -->
<title>OU replay: RedShadow Z vs. DraconSer</title>
<style>
html,body {font-family:Verdana, sans-serif;font-size:10pt;margin:0;padding:0;}body{padding:12px 0;} .battle-log {font-family:Verdana, sans-serif;font-size:10pt;} .battle-log-inline {border:1px solid #AAAAAA;background:#EEF2F5;color:black;max-width:640px;margin:0 auto 80px;padding-bottom:5px;} .battle-log .inner {padding:4px 8px 0px 8px;} .battle-log .inner-preempt {padding:0 8px 4px 8px;} .battle-log .inner-after {margin-top:0.5em;} .battle-log h2 {margin:0.5em -8px;padding:4px 8px;border:1px solid #AAAAAA;background:#E0E7EA;border-left:0;border-right:0;font-family:Verdana, sans-serif;font-size:13pt;} .battle-log .chat {vertical-align:middle;padding:3px 0 3px 0;font-size:8pt;} .battle-log .chat strong {color:#40576A;} .battle-log .chat em {padding:1px 4px 1px 3px;color:#000000;font-style:normal;} .chat.mine {background:rgba(0,0,0,0.05);margin-left:-8px;margin-right:-8px;padding-left:8px;padding-right:8px;} .spoiler {color:#BBBBBB;background:#BBBBBB;padding:0px 3px;} .spoiler:hover, .spoiler:active, .spoiler-shown {color:#000000;background:#E2E2E2;padding:0px 3px;} .spoiler a {color:#BBBBBB;} .spoiler:hover a, .spoiler:active a, .spoiler-shown a {color:#2288CC;} .chat code, .chat .spoiler:hover code, .chat .spoiler:active code, .chat .spoiler-shown code {border:1px solid #C0C0C0;background:#EEEEEE;color:black;padding:0 2px;} .chat .spoiler code {border:1px solid #CCCCCC;background:#CCCCCC;color:#CCCCCC;} .battle-log .rated {padding:3px 4px;} .battle-log .rated strong {color:white;background:#89A;padding:1px 4px;border-radius:4px;} .spacer {margin-top:0.5em;} .message-announce {background:#6688AA;color:white;padding:1px 4px 2px;} .message-announce a, .broadcast-green a, .broadcast-blue a, .broadcast-red a {color:#DDEEFF;} .broadcast-green {background-color:#559955;color:white;padding:2px 4px;} .broadcast-blue {background-color:#6688AA;color:white;padding:2px 4px;} .infobox {border:1px solid #6688AA;padding:2px 4px;} .infobox-limited {max-height:200px;overflow:auto;overflow-x:hidden;} .broadcast-red {background-color:#AA5544;color:white;padding:2px 4px;} .message-learn-canlearn {font-weight:bold;color:#228822;text-decoration:underline;} .message-learn-cannotlearn {font-weight:bold;color:#CC2222;text-decoration:underline;} .message-effect-weak {font-weight:bold;color:#CC2222;} .message-effect-resist {font-weight:bold;color:#6688AA;} .message-effect-immune {font-weight:bold;color:#666666;} .message-learn-list {margin-top:0;margin-bottom:0;} .message-throttle-notice, .message-error {color:#992222;} .message-overflow, .chat small.message-overflow {font-size:0pt;} .message-overflow::before {font-size:9pt;content:'...';} .subtle {color:#3A4A66;}
</style>
<div class="wrapper replay-wrapper" style="max-width:1180px;margin:0 auto">
<input type="hidden" name="replayid" value="destiny-ou-517919" />
<div class="battle"></div><div class="battle-log"></div><div class="replay-controls"></div><div class="replay-controls-2"></div>
<h1 style="font-weight:normal;text-align:center"><strong>OU</strong><br /><a href="http://pokemonshowdown.com/users/redshadowz" class="subtle" target="_blank">RedShadow Z</a> vs. <a href="http://pokemonshowdown.com/users/draconser" class="subtle" target="_blank">DraconSer</a></h1>
<script type="text/plain" class="battle-log-data">|player|p1|RedShadow Z|2064
|teamsize|p1|6
|player|p2|DraconSer|1084
|teamsize|p2|6
|teamsize|p1|6
|teamsize|p2|6
|gametype|singles
|gen|7
|tier|OU
|seed|16414,44258,4055,28725
|rule|Cláusula-Mod de Dormir: solo puedes dormir a uno de tus oponentes a la vez.
|rule|Cláusula de Especie: Hasta un Pokémon de cada especie
|rule|Cláusula de Golpe Fulminante: los movimientos fulminantes (OHKO) estan prohibidos
|rule|Cláusula de Veleta: la habilidad Veleta está prohibida
|rule|Cláusula de Movimientos Evasivos: los movimientos de Evasión están prohibidos.
|rule|Cláusula de Batallas Eternas: forzar batallas eternas está prohibido
|clearpoke
|poke|p1|Kommo-o, M|item
|poke|p1|Decidueye, M|item
|poke|p1|Salamence, M|item
|poke|p1|Tyranitar, F|item
|poke|p1|Volcanion|item
|poke|p1|Gyarados, M, shiny|item
|poke|p2|Kyurem-Black, shiny|item
|poke|p2|Kommo-o, F, shiny|item
|poke|p2|Garchomp, M, shiny|item
|poke|p2|Dragonite, M, shiny|item
|poke|p2|Charizard, F, shiny|item
|poke|p2|Guzzlord, shiny|item
|teampreview|undefined
|c|☆DraconSer|.___.
|c|☆DraconSer|en mi mente  ---> ( ME VA A DAR UNA PALISA :v )
|choice|*|*team 213456
|choice|*|*team 423156
|c|☆DraconSer|empezemos
|c|☆RedShadow Z|  v:
|c|☆DraconSer|>:V
|c|☆DraconSer|red??
|choice|*team 123456|*
|choice|team 1, 2, 3, 4, 5, 6|team 4, 2, 3, 1, 5, 6
|
|start
|switch|p1a: Kommo-o|Kommo-o, M|291\/291
|switch|p2a: Dragonite|Dragonite, M, shiny|323\/323
|turn|1
|choice|*move 2|*
|choice|*|*move 4
|choice|move closecombat|move dragondance
|
|move|p1a: Kommo-o|Close Combat|p2a: Dragonite
|-resisted|p2a: Dragonite
|-damage|p2a: Dragonite|265\/323
|-unboost|p1a: Kommo-o|def|1
|-unboost|p1a: Kommo-o|spd|1
|move|p2a: Dragonite|Dragon Dance|p2a: Dragonite
|-boost|p2a: Dragonite|atk|1
|-boost|p2a: Dragonite|spe|1
|
|-heal|p2a: Dragonite|285\/323|[from] item: Leftovers
|upkeep
|turn|2
|choice|*|*move 4
|c|☆DraconSer|.__.
|c|☆DraconSer|red?
|c|☆DraconSer|hola?
|c|☆RedShadow Z|no me deja hacer danza dragón v':
|c|☆DraconSer|xd te tardas un poquito
|choice|*switch 6|*
|choice|switch 6|move dragondance
|
|switch|p1a: Gyarados|Gyarados, M, shiny|394\/394
|-ability|p1a: Gyarados|Intimidate|boost
|-unboost|p2a: Dragonite|atk|1
|move|p2a: Dragonite|Dragon Dance|p2a: Dragonite
|-boost|p2a: Dragonite|atk|1
|-boost|p2a: Dragonite|spe|1
|
|-heal|p2a: Dragonite|305\/323|[from] item: Leftovers
|upkeep
|turn|3
|c|☆DraconSer|:V
|choice|*|*move 3
|choice|*move 4|*
|choice|move thunderbolt|move thunderpunch
|
|move|p2a: Dragonite|Thunder Punch|p1a: Gyarados
|-supereffective|p1a: Gyarados
|-damage|p1a: Gyarados|0 fnt
|faint|p1a: Gyarados
|
|-heal|p2a: Dragonite|323\/323|[from] item: Leftovers
|upkeep
|choice|*switch 6|*
|choice|switch 6|
|
|switch|p1a: Kommo-o|Kommo-o, M|291\/291
|turn|4
|choice|*move 1|*
|choice|*|*move 1
|choice|move dragonclaw|move dragonclaw
|
|move|p2a: Dragonite|Dragon Claw|p1a: Kommo-o
|-supereffective|p1a: Kommo-o
|-damage|p1a: Kommo-o|0 fnt
|faint|p1a: Kommo-o
|
|upkeep
|c|☆DraconSer|cual fue la primera regla que te enseñe ? :V
|c|☆RedShadow Z| verga v':
|c|☆DraconSer|XD
|c|☆RedShadow Z| es que no me dejaba hacer  protección ni danza dragón v':
|choice|*switch 5|*
|choice|switch 5|
|
|switch|p1a: Volcanion|Volcanion|363\/363
|turn|5
|choice|*|*move 1
|choice|*move 4|*
|choice|move toxic|move dragonclaw
|
|move|p2a: Dragonite|Dragon Claw|p1a: Volcanion
|-damage|p1a: Volcanion|203\/363
|move|p1a: Volcanion|Toxic|p2a: Dragonite
|-status|p2a: Dragonite|tox
|
|-damage|p2a: Dragonite|303\/323 tox|[from] psn
|upkeep
|turn|6
|c|☆DraconSer|tendras algo de item que estara interfiriendo
|choice|*|*move 3
|c|☆RedShadow Z|puede ser
|choice|*move 3|*
|choice|move flamethrower|move thunderpunch
|
|move|p2a: Dragonite|Thunder Punch|p1a: Volcanion
|-supereffective|p1a: Volcanion
|-damage|p1a: Volcanion|27\/363
|move|p1a: Volcanion|Flamethrower|p2a: Dragonite
|-resisted|p2a: Dragonite
|-damage|p2a: Dragonite|240\/323 tox
|
|-heal|p2a: Dragonite|260\/323 tox|[from] item: Leftovers
|-damage|p2a: Dragonite|220\/323 tox|[from] psn
|upkeep
|turn|7
|choice|*move 1|*
|choice|*|*move 3
|choice|move protect|move thunderpunch
|
|move|p1a: Volcanion|Protect|p1a: Volcanion
|-singleturn|p1a: Volcanion|Protect
|move|p2a: Dragonite|Thunder Punch|p1a: Volcanion
|-activate|p1a: Volcanion|move: Protect
|
|-heal|p2a: Dragonite|240\/323 tox|[from] item: Leftovers
|-damage|p2a: Dragonite|180\/323 tox|[from] psn
|upkeep
|turn|8
|choice|*|*move 3
|choice|*switch 4|*
|choice|switch 4|move thunderpunch
|
|switch|p1a: Tyranitar|Tyranitar, F|341\/341
|-ability|p1a: Tyranitar|Unnerve|p2: DraconSer
|move|p2a: Dragonite|Thunder Punch|p1a: Tyranitar
|-damage|p1a: Tyranitar|196\/341
|-status|p1a: Tyranitar|par
|
|-heal|p2a: Dragonite|200\/323 tox|[from] item: Leftovers
|-damage|p2a: Dragonite|120\/323 tox|[from] psn
|upkeep
|turn|9
|choice|*|*move 1
|choice|*move 2 mega|*
|choice|move protect mega|move dragonclaw
|
|-mega|p1a: Tyranitar|Tyranitar|Tyranitarite
|detailschange|p1a: Tyranitar|Tyranitar-Mega, F
|-weather|Sandstorm|[from] ability: Sand Stream|[of] p1a: Tyranitar
|move|p1a: Tyranitar|Protect|p1a: Tyranitar
|-singleturn|p1a: Tyranitar|Protect
|move|p2a: Dragonite|Dragon Claw|p1a: Tyranitar
|-activate|p1a: Tyranitar|move: Protect
|
|-weather|Sandstorm|[upkeep]
|-damage|p2a: Dragonite|100\/323 tox|[from] sandstorm
|-heal|p2a: Dragonite|120\/323 tox|[from] item: Leftovers
|-damage|p2a: Dragonite|20\/323 tox|[from] psn
|upkeep
|turn|10
|choice|*|*move 1
|c|☆DraconSer|.__.
|choice|*move 2|*
|choice|move protect|move dragonclaw
|
|move|p1a: Tyranitar|Protect|p1a: Tyranitar
|-fail|p1a: Tyranitar
|move|p2a: Dragonite|Dragon Claw|p1a: Tyranitar
|-damage|p1a: Tyranitar|21\/341 par
|
|-weather|Sandstorm|[upkeep]
|-damage|p2a: Dragonite|0 fnt|[from] sandstorm
|upkeep
|faint|p2a: Dragonite
|choice|*|*switch 3
|choice||switch 3
|
|switch|p2a: Garchomp|Garchomp, M, shiny|357\/357
|turn|11
|choice|*|*move 4
|choice|*switch 2|*
|choice|switch 2|move stealthrock
|
|switch|p1a: Decidueye|Decidueye, M|359\/359
|move|p2a: Garchomp|Stealth Rock|p1a: Decidueye
|-sidestart|p1: RedShadow Z|move: Stealth Rock
|
|-weather|Sandstorm|[upkeep]
|-damage|p1a: Decidueye|337\/359|[from] sandstorm
|upkeep
|turn|12
|choice|*|*switch 6
|choice|*move 3|*
|choice|move energyball|switch 6
|
|switch|p2a: Guzzlord|Guzzlord, shiny|650\/650
|move|p1a: Decidueye|Energy Ball|p2a: Guzzlord
|-resisted|p2a: Guzzlord
|-damage|p2a: Guzzlord|560\/650
|
|-weather|Sandstorm|[upkeep]
|-damage|p1a: Decidueye|315\/359|[from] sandstorm
|-damage|p2a: Guzzlord|520\/650|[from] sandstorm
|upkeep
|turn|13
|choice|*|*move 2
|choice|*switch 3|*
|choice|switch 3|move darkpulse
|
|switch|p1a: Salamence|Salamence, M|331\/331
|-damage|p1a: Salamence|249\/331|[from] Stealth Rock
|-ability|p1a: Salamence|Intimidate|boost
|-unboost|p2a: Guzzlord|atk|1
|move|p2a: Guzzlord|Dark Pulse|p1a: Salamence
|-damage|p1a: Salamence|104\/331
|
|-weather|none
|upkeep
|turn|14
|choice|*|*move 1
|c| Araquanid15|dracon, al fin veo lo mucho que has mejorado
|choice|*move 3 zmove|*
|choice|move dragonclaw zmove|move dracometeor
|
|-zpower|p1a: Salamence
|move|p1a: Salamence|Devastating Drake|p2a: Guzzlord|[zeffect]
|-supereffective|p2a: Guzzlord
|-damage|p2a: Guzzlord|0 fnt
|faint|p2a: Guzzlord
|
|upkeep
|c|☆DraconSer|ya viste mi enterior batalla? :D
|c| Araquanid15|ya no le pones mineral evolutivo a pokemon sin evolucion xd
|c|☆DraconSer|XD
|c|☆DraconSer|eso gue un error
|choice|*|*switch 5
|choice||switch 5
|
|switch|p2a: Charizard|Charizard, F, shiny|297\/297
|turn|15
|choice|*|*move 2
|choice|*move 1|*
|choice|move dragondance|move dragonclaw
|
|move|p2a: Charizard|Dragon Claw|p1a: Salamence
|-supereffective|p1a: Salamence
|-damage|p1a: Salamence|0 fnt
|faint|p1a: Salamence
|
|upkeep
|c| Araquanid15|un GRAN error
|c|☆DraconSer|?
|choice|*switch 3|*
|choice|switch 3|
|
|switch|p1a: Decidueye|Decidueye, M|315\/359
|-damage|p1a: Decidueye|271\/359|[from] Stealth Rock
|turn|16
|c|☆DraconSer|el mineral evolutivo? xd
|choice|*|*move 3 mega
|choice|*move 1|*
|choice|move spiritshackle|move firepunch mega
|
|-mega|p2a: Charizard|Charizard|Charizardite X
|detailschange|p2a: Charizard|Charizard-Mega-X, F, shiny
|move|p2a: Charizard|Fire Punch|p1a: Decidueye
|-supereffective|p1a: Decidueye
|-damage|p1a: Decidueye|0 fnt
|faint|p1a: Decidueye
|
|upkeep
|choice|*switch 4|*
|choice|switch 4|
|
|switch|p1a: Volcanion|Volcanion|27\/363
|-damage|p1a: Volcanion|0 fnt|[from] Stealth Rock
|faint|p1a: Volcanion
|choice|*switch 2|*
|choice|switch 2|
|
|switch|p1a: Tyranitar|Tyranitar-Mega, F|21\/341 par
|-damage|p1a: Tyranitar|0 fnt|[from] Stealth Rock
|faint|p1a: Tyranitar
|
|win|DraconSer
|c|☆DraconSer|.__.
|c|☆DraconSer|:V
|c|☆DraconSer|:v
|c|☆DraconSer|todo estaba pensado xdd
</script>
</div>
<div class="battle-log battle-log-inline"><div class="inner"><div class="battle-options"></div><div class="inner"><div class=""><small>Format:</small> <br><strong>OU</strong></div><div class=""><small><em>Cláusula-Mod de Dormir:</em> solo puedes dormir a uno de tus oponentes a la vez.</small></div><div class=""><small><em>Cláusula de Especie:</em> Hasta un Pokémon de cada especie</small></div><div class=""><small><em>Cláusula de Golpe Fulminante:</em> los movimientos fulminantes (OHKO) estan prohibidos</small></div><div class=""><small><em>Cláusula de Veleta:</em> la habilidad Veleta está prohibida</small></div><div class=""><small><em>Cláusula de Movimientos Evasivos:</em> los movimientos de Evasión están prohibidos.</small></div><div class=""><small><em>Cláusula de Batallas Eternas:</em> forzar batallas eternas está prohibido</small></div><div class="chat battle-history"><strong>RedShadow Z's team:</strong> <em style="color:#445566;display:block;">Kommo-o / Decidueye / Salamence / Tyranitar / Volcanion / Gyarados</em></div><div class="chat battle-history"><strong>DraconSer's team:</strong> <em style="color:#445566;display:block;">Kyurem-Black / Kommo-o / Garchomp / Dragonite / Charizard / Guzzlord</em></div><div class="chat chatmessage-draconser"><strong style="color:hsl(100,46%,42%)"><small>☆</small><span class="username" data-name="DraconSer">DraconSer</span>:</strong> <em>.___.</em></div><div class="chat chatmessage-draconser"><strong style="color:hsl(100,46%,42%)"><small>☆</small><span class="username" data-name="DraconSer">DraconSer</span>:</strong> <em>en mi mente  ---&gt; ( ME VA A DAR UNA PALISA :v )</em></div><div class="chat chatmessage-draconser"><strong style="color:hsl(100,46%,42%)"><small>☆</small><span class="username" data-name="DraconSer">DraconSer</span>:</strong> <em>empezemos</em></div><div class="chat chatmessage-redshadowz"><strong style="color:hsl(75,69%,37.29097606824%)"><small>☆</small><span class="username" data-name="RedShadow Z">RedShadow Z</span>:</strong> <em>  v:</em></div><div class="chat chatmessage-draconser"><strong style="color:hsl(100,46%,42%)"><small>☆</small><span class="username" data-name="DraconSer">DraconSer</span>:</strong> <em>&gt;:V</em></div><div class="chat chatmessage-draconser"><strong style="color:hsl(100,46%,42%)"><small>☆</small><span class="username" data-name="DraconSer">DraconSer</span>:</strong> <em>red??</em></div><div class="spacer battle-history"><br></div><div class="battle-history">Battle started between RedShadow Z and DraconSer!<br></div><div class="spacer battle-history"><br></div><div class="battle-history">Go! <strong>Kommo-o</strong>!<br></div><div class="spacer battle-history"><br></div><div class="battle-history">DraconSer sent out <strong>Dragonite</strong>!<br></div><div class="spacer battle-history"><br></div><h2 class="battle-history">Turn 1</h2><div class="spacer battle-history"><br></div><div class="battle-history">Kommo-o used <strong>Close Combat</strong>!<br></div><div class="battle-history"><small>It's not very effective...</small><br></div><div class="battle-history"><small>(The opposing Dragonite lost <abbr title="−58/323">18.0%</abbr> of its health!)</small><br></div><div class="battle-history"><small>Kommo-o's Defense fell!</small><br></div><div class="battle-history"><small>Kommo-o's Special Defense fell!</small><br></div><div class="spacer battle-history"><br></div><div class="battle-history">The opposing Dragonite used <strong>Dragon Dance</strong>!<br></div><div class="battle-history"><small>The opposing Dragonite's Attack rose!</small><br></div><div class="battle-history"><small>The opposing Dragonite's Speed rose!</small><br></div><div class="spacer battle-history"><br></div><div class="battle-history"><small>The opposing Dragonite restored a little HP using its Leftovers!</small><br></div><div class="spacer battle-history"><br></div><h2 class="battle-history">Turn 2</h2><div class="chat chatmessage-draconser"><strong style="color:hsl(100,46%,42%)"><small>☆</small><span class="username" data-name="DraconSer">DraconSer</span>:</strong> <em>.__.</em></div><div class="chat chatmessage-draconser"><strong style="color:hsl(100,46%,42%)"><small>☆</small><span class="username" data-name="DraconSer">DraconSer</span>:</strong> <em>red?</em></div><div class="chat chatmessage-draconser"><strong style="color:hsl(100,46%,42%)"><small>☆</small><span class="username" data-name="DraconSer">DraconSer</span>:</strong> <em>hola?</em></div><div class="chat chatmessage-redshadowz"><strong style="color:hsl(75,69%,37.29097606824%)"><small>☆</small><span class="username" data-name="RedShadow Z">RedShadow Z</span>:</strong> <em>no me deja hacer danza dragón v':</em></div><div class="chat chatmessage-draconser"><strong style="color:hsl(100,46%,42%)"><small>☆</small><span class="username" data-name="DraconSer">DraconSer</span>:</strong> <em>xd te tardas un poquito</em></div><div class="spacer battle-history"><br></div><div class="battle-history">Kommo-o, come back!<br></div><div class="battle-history">Go! <strong>Gyarados</strong>!<br></div><div class="battle-history"><small>[Gyarados's Intimidate]</small><br></div><div class="battle-history"><small>The opposing Dragonite's Attack fell!</small><br></div><div class="spacer battle-history"><br></div><div class="battle-history">The opposing Dragonite used <strong>Dragon Dance</strong>!<br></div><div class="battle-history"><small>The opposing Dragonite's Attack rose!</small><br></div><div class="battle-history"><small>The opposing Dragonite's Speed rose!</small><br></div><div class="spacer battle-history"><br></div><div class="battle-history"><small>The opposing Dragonite restored a little HP using its Leftovers!</small><br></div><div class="spacer battle-history"><br></div><h2 class="battle-history">Turn 3</h2><div class="chat chatmessage-draconser"><strong style="color:hsl(100,46%,42%)"><small>☆</small><span class="username" data-name="DraconSer">DraconSer</span>:</strong> <em>:V</em></div><div class="spacer battle-history"><br></div><div class="battle-history">The opposing Dragonite used <strong>Thunder Punch</strong>!<br></div><div class="battle-history"><small>It's super effective!</small><br></div><div class="battle-history"><small>(Gyarados lost <abbr title="−394/394">100%</abbr> of its health!)</small><br></div><div class="spacer battle-history"><br></div><div class="battle-history">Gyarados fainted!<br></div><div class="spacer battle-history"><br></div><div class="battle-history"><small>The opposing Dragonite restored a little HP using its Leftovers!</small><br></div><div class="spacer battle-history"><br></div><div class="battle-history">Go! <strong>Kommo-o</strong>!<br></div><div class="spacer battle-history"><br></div><h2 class="battle-history">Turn 4</h2><div class="spacer battle-history"><br></div><div class="battle-history">The opposing Dragonite used <strong>Dragon Claw</strong>!<br></div><div class="battle-history"><small>It's super effective!</small><br></div><div class="battle-history"><small>(Kommo-o lost <abbr title="−291/291">100%</abbr> of its health!)</small><br></div><div class="spacer battle-history"><br></div><div class="battle-history">Kommo-o fainted!<br></div><div class="chat chatmessage-draconser"><strong style="color:hsl(100,46%,42%)"><small>☆</small><span class="username" data-name="DraconSer">DraconSer</span>:</strong> <em>cual fue la primera regla que te enseñe ? :V</em></div><div class="chat chatmessage-redshadowz"><strong style="color:hsl(75,69%,37.29097606824%)"><small>☆</small><span class="username" data-name="RedShadow Z">RedShadow Z</span>:</strong> <em> verga v':</em></div><div class="chat chatmessage-draconser"><strong style="color:hsl(100,46%,42%)"><small>☆</small><span class="username" data-name="DraconSer">DraconSer</span>:</strong> <em>XD</em></div><div class="chat chatmessage-redshadowz"><strong style="color:hsl(75,69%,37.29097606824%)"><small>☆</small><span class="username" data-name="RedShadow Z">RedShadow Z</span>:</strong> <em> es que no me dejaba hacer  protección ni danza dragón v':</em></div><div class="spacer battle-history"><br></div><div class="battle-history">Go! <strong>Volcanion</strong>!<br></div><div class="spacer battle-history"><br></div><h2 class="battle-history">Turn 5</h2><div class="spacer battle-history"><br></div><div class="battle-history">The opposing Dragonite used <strong>Dragon Claw</strong>!<br></div><div class="battle-history"><small>(Volcanion lost <abbr title="−160/363">44.1%</abbr> of its health!)</small><br></div><div class="spacer battle-history"><br></div><div class="battle-history">Volcanion used <strong>Toxic</strong>!<br></div><div class="battle-history"><small>The opposing Dragonite was badly poisoned!</small><br></div><div class="spacer battle-history"><br></div><div class="battle-history"><small>The opposing Dragonite was hurt by poison!</small><br></div><div class="spacer battle-history"><br></div><h2 class="battle-history">Turn 6</h2><div class="chat chatmessage-draconser"><strong style="color:hsl(100,46%,42%)"><small>☆</small><span class="username" data-name="DraconSer">DraconSer</span>:</strong> <em>tendras algo de item que estara interfiriendo</em></div><div class="chat chatmessage-redshadowz"><strong style="color:hsl(75,69%,37.29097606824%)"><small>☆</small><span class="username" data-name="RedShadow Z">RedShadow Z</span>:</strong> <em>puede ser</em></div><div class="spacer battle-history"><br></div><div class="battle-history">The opposing Dragonite used <strong>Thunder Punch</strong>!<br></div><div class="battle-history"><small>It's super effective!</small><br></div><div class="battle-history"><small>(Volcanion lost <abbr title="−176/363">48.5%</abbr> of its health!)</small><br></div><div class="spacer battle-history"><br></div><div class="battle-history">Volcanion used <strong>Flamethrower</strong>!<br></div><div class="battle-history"><small>It's not very effective...</small><br></div><div class="battle-history"><small>(The opposing Dragonite lost <abbr title="−63/323">19.5%</abbr> of its health!)</small><br></div><div class="spacer battle-history"><br></div><div class="battle-history"><small>The opposing Dragonite restored a little HP using its Leftovers!</small><br></div><div class="battle-history"><small>The opposing Dragonite was hurt by poison!</small><br></div><div class="spacer battle-history"><br></div><h2 class="battle-history">Turn 7</h2><div class="spacer battle-history"><br></div><div class="battle-history">Volcanion used <strong>Protect</strong>!<br></div><div class="battle-history"><small>Volcanion protected itself!</small><br></div><div class="spacer battle-history"><br></div><div class="battle-history">The opposing Dragonite used <strong>Thunder Punch</strong>!<br></div><div class="battle-history"><small>Volcanion protected itself!</small><br></div><div class="spacer battle-history"><br></div><div class="battle-history"><small>The opposing Dragonite restored a little HP using its Leftovers!</small><br></div><div class="battle-history"><small>The opposing Dragonite was hurt by poison!</small><br></div><div class="spacer battle-history"><br></div><h2 class="battle-history">Turn 8</h2><div class="spacer battle-history"><br></div><div class="battle-history">Volcanion, come back!<br></div><div class="battle-history">Go! <strong>Tyranitar</strong>!<br></div><div class="battle-history"><small>[Tyranitar's Unnerve]</small><br><small>The opposing team is too nervous to eat Berries!</small><br></div><div class="spacer battle-history"><br></div><div class="battle-history">The opposing Dragonite used <strong>Thunder Punch</strong>!<br></div><div class="battle-history"><small>(Tyranitar lost <abbr title="−145/341">42.5%</abbr> of its health!)</small><br></div><div class="battle-history"><small>Tyranitar is paralyzed! It may be unable to move!</small><br></div><div class="spacer battle-history"><br></div><div class="battle-history"><small>The opposing Dragonite restored a little HP using its Leftovers!</small><br></div><div class="battle-history"><small>The opposing Dragonite was hurt by poison!</small><br></div><div class="spacer battle-history"><br></div><h2 class="battle-history">Turn 9</h2><div class="spacer battle-history"><br></div><div class="battle-history"><small>Tyranitar's Tyranitarite is reacting to the Key Stone!</small><br>Tyranitar has Mega Evolved into Mega Tyranitar!<br></div><div class="battle-history"><small>[Tyranitar's Sand Stream]</small><br><small>A sandstorm kicked up!</small><br></div><div class="spacer battle-history"><br></div><div class="battle-history">Tyranitar used <strong>Protect</strong>!<br></div><div class="battle-history"><small>Tyranitar protected itself!</small><br></div><div class="spacer battle-history"><br></div><div class="battle-history">The opposing Dragonite used <strong>Dragon Claw</strong>!<br></div><div class="battle-history"><small>Tyranitar protected itself!</small><br></div><div class="spacer battle-history"><br></div><div class="battle-history"><small>The sandstorm is raging.</small><br></div><div class="battle-history"><small>The opposing Dragonite is buffeted by the sandstorm!</small><br></div><div class="battle-history"><small>The opposing Dragonite restored a little HP using its Leftovers!</small><br></div><div class="battle-history"><small>The opposing Dragonite was hurt by poison!</small><br></div><div class="spacer battle-history"><br></div><h2 class="battle-history">Turn 10</h2><div class="chat chatmessage-draconser"><strong style="color:hsl(100,46%,42%)"><small>☆</small><span class="username" data-name="DraconSer">DraconSer</span>:</strong> <em>.__.</em></div><div class="spacer battle-history"><br></div><div class="battle-history">Tyranitar used <strong>Protect</strong>!<br></div><div class="battle-history"><small>But it failed!</small><br></div><div class="spacer battle-history"><br></div><div class="battle-history">The opposing Dragonite used <strong>Dragon Claw</strong>!<br></div><div class="battle-history"><small>(Tyranitar lost <abbr title="−175/341">51.3%</abbr> of its health!)</small><br></div><div class="spacer battle-history"><br></div><div class="battle-history"><small>The sandstorm is raging.</small><br></div><div class="battle-history"><small>The opposing Dragonite is buffeted by the sandstorm!</small><br></div><div class="spacer battle-history"><br></div><div class="battle-history">The opposing Dragonite fainted!<br></div><div class="spacer battle-history"><br></div><div class="battle-history">DraconSer sent out <strong>Garchomp</strong>!<br></div><div class="spacer battle-history"><br></div><h2 class="battle-history">Turn 11</h2><div class="spacer battle-history"><br></div><div class="battle-history">Tyranitar, come back!<br></div><div class="battle-history">Go! <strong>Decidueye</strong>!<br></div><div class="spacer battle-history"><br></div><div class="battle-history">The opposing Garchomp used <strong>Stealth Rock</strong>!<br></div><div class="battle-history"><small>Pointed stones float in the air around your team!</small><br></div><div class="spacer battle-history"><br></div><div class="battle-history"><small>The sandstorm is raging.</small><br></div><div class="battle-history"><small>Decidueye is buffeted by the sandstorm!</small><br></div><div class="spacer battle-history"><br></div><h2 class="battle-history">Turn 12</h2><div class="spacer battle-history"><br></div><div class="battle-history">DraconSer withdrew Garchomp!<br></div><div class="battle-history">DraconSer sent out <strong>Guzzlord</strong>!<br></div><div class="spacer battle-history"><br></div><div class="battle-history">Decidueye used <strong>Energy Ball</strong>!<br></div><div class="battle-history"><small>It's not very effective...</small><br></div><div class="battle-history"><small>(The opposing Guzzlord lost <abbr title="−90/650">13.8%</abbr> of its health!)</small><br></div><div class="spacer battle-history"><br></div><div class="battle-history"><small>The sandstorm is raging.</small><br></div><div class="battle-history"><small>Decidueye is buffeted by the sandstorm!</small><br></div><div class="battle-history"><small>The opposing Guzzlord is buffeted by the sandstorm!</small><br></div><div class="spacer battle-history"><br></div><h2 class="battle-history">Turn 13</h2><div class="spacer battle-history"><br></div><div class="battle-history">Decidueye, come back!<br></div><div class="battle-history">Go! <strong>Salamence</strong>!<br></div><div class="battle-history"><small>Pointed stones dug into Salamence!</small><br></div><div class="battle-history"><small>[Salamence's Intimidate]</small><br></div><div class="battle-history"><small>The opposing Guzzlord's Attack fell!</small><br></div><div class="spacer battle-history"><br></div><div class="battle-history">The opposing Guzzlord used <strong>Dark Pulse</strong>!<br></div><div class="battle-history"><small>(Salamence lost <abbr title="−145/331">43.8%</abbr> of its health!)</small><br></div><div class="spacer battle-history"><br></div><div class="battle-history"><small>The sandstorm subsided.</small><br></div><div class="spacer battle-history"><br></div><h2 class="battle-history">Turn 14</h2><div class="chat chatmessage-araquanid15"><strong style="color:hsl(357,78%,42%)"><small> </small><span class="username" data-name="Araquanid15">Araquanid15</span>:</strong> <em>dracon, al fin veo lo mucho que has mejorado</em></div><div class="spacer battle-history"><br></div><div class="battle-history"><small>Salamence surrounded itself with its Z-Power!</small><br></div><div class="spacer battle-history"><br></div><div class="battle-history">Salamence used <strong>Devastating Drake</strong>!<br></div><div class="battle-history"><small>It's super effective!</small><br></div><div class="battle-history"><small>(The opposing Guzzlord lost <abbr title="−520/650">80%</abbr> of its health!)</small><br></div><div class="spacer battle-history"><br></div><div class="battle-history">The opposing Guzzlord fainted!<br></div><div class="chat chatmessage-draconser"><strong style="color:hsl(100,46%,42%)"><small>☆</small><span class="username" data-name="DraconSer">DraconSer</span>:</strong> <em>ya viste mi enterior batalla? :D</em></div><div class="chat chatmessage-araquanid15"><strong style="color:hsl(357,78%,42%)"><small> </small><span class="username" data-name="Araquanid15">Araquanid15</span>:</strong> <em>ya no le pones mineral evolutivo a pokemon sin evolucion xd</em></div><div class="chat chatmessage-draconser"><strong style="color:hsl(100,46%,42%)"><small>☆</small><span class="username" data-name="DraconSer">DraconSer</span>:</strong> <em>XD</em></div><div class="chat chatmessage-draconser"><strong style="color:hsl(100,46%,42%)"><small>☆</small><span class="username" data-name="DraconSer">DraconSer</span>:</strong> <em>eso gue un error</em></div><div class="spacer battle-history"><br></div><div class="battle-history">DraconSer sent out <strong>Charizard</strong>!<br></div><div class="spacer battle-history"><br></div><h2 class="battle-history">Turn 15</h2><div class="spacer battle-history"><br></div><div class="battle-history">The opposing Charizard used <strong>Dragon Claw</strong>!<br></div><div class="battle-history"><small>It's super effective!</small><br></div><div class="battle-history"><small>(Salamence lost <abbr title="−104/331">31.4%</abbr> of its health!)</small><br></div><div class="spacer battle-history"><br></div><div class="battle-history">Salamence fainted!<br></div><div class="chat chatmessage-araquanid15"><strong style="color:hsl(357,78%,42%)"><small> </small><span class="username" data-name="Araquanid15">Araquanid15</span>:</strong> <em>un GRAN error</em></div><div class="chat chatmessage-draconser"><strong style="color:hsl(100,46%,42%)"><small>☆</small><span class="username" data-name="DraconSer">DraconSer</span>:</strong> <em>?</em></div><div class="spacer battle-history"><br></div><div class="battle-history">Go! <strong>Decidueye</strong>!<br></div><div class="battle-history"><small>Pointed stones dug into Decidueye!</small><br></div><div class="spacer battle-history"><br></div><h2 class="battle-history">Turn 16</h2><div class="chat chatmessage-draconser"><strong style="color:hsl(100,46%,42%)"><small>☆</small><span class="username" data-name="DraconSer">DraconSer</span>:</strong> <em>el mineral evolutivo? xd</em></div><div class="spacer battle-history"><br></div><div class="battle-history"><small>The opposing Charizard's Charizardite X is reacting to the Key Stone!</small><br>The opposing Charizard has Mega Evolved into Mega Charizard!<br></div><div class="spacer battle-history"><br></div><div class="battle-history">The opposing Charizard used <strong>Fire Punch</strong>!<br></div><div class="battle-history"><small>It's super effective!</small><br></div><div class="battle-history"><small>(Decidueye lost <abbr title="−271/359">75.5%</abbr> of its health!)</small><br></div><div class="spacer battle-history"><br></div><div class="battle-history">Decidueye fainted!<br></div><div class="spacer battle-history"><br></div><div class="battle-history">Go! <strong>Volcanion</strong>!<br></div><div class="battle-history"><small>Pointed stones dug into Volcanion!</small><br></div><div class="spacer battle-history"><br></div><div class="battle-history">Volcanion fainted!<br></div><div class="spacer battle-history"><br></div><div class="battle-history">Go! Tyranitar (<strong>Tyranitar-Mega</strong>)!<br></div><div class="battle-history"><small>Pointed stones dug into Tyranitar!</small><br></div><div class="spacer battle-history"><br></div><div class="battle-history">Tyranitar fainted!<br></div><div class="spacer battle-history"><br></div><div class="battle-history"><strong>DraconSer</strong> won the battle!<br></div><div class="chat chatmessage-draconser"><strong style="color:hsl(100,46%,42%)"><small>☆</small><span class="username" data-name="DraconSer">DraconSer</span>:</strong> <em>.__.</em></div><div class="chat chatmessage-draconser"><strong style="color:hsl(100,46%,42%)"><small>☆</small><span class="username" data-name="DraconSer">DraconSer</span>:</strong> <em>:V</em></div><div class="chat chatmessage-draconser"><strong style="color:hsl(100,46%,42%)"><small>☆</small><span class="username" data-name="DraconSer">DraconSer</span>:</strong> <em>:v</em></div><div class="chat chatmessage-draconser"><strong style="color:hsl(100,46%,42%)"><small>☆</small><span class="username" data-name="DraconSer">DraconSer</span>:</strong> <em>todo estaba pensado xdd</em></div></div><div class="inner-preempt"></div></div></div>
</div>
<script>
let daily = Math.floor(Date.now()/1000/60/60/24);document.write('<script src="https://play.pokemonshowdown.com/js/replay-embed.js?version'+daily+'"></'+'script>');
</script>
