<!DOCTYPE html>
<meta charset="utf-8" />
<!-- version 1 -->
<title>OU replay: GOD❤Senpaii❤ vs. Camila Cruz♥</title>
<style>
html,body {font-family:Verdana, sans-serif;font-size:10pt;margin:0;padding:0;}body{padding:12px 0;} .battle-log {font-family:Verdana, sans-serif;font-size:10pt;} .battle-log-inline {border:1px solid #AAAAAA;background:#EEF2F5;color:black;max-width:640px;margin:0 auto 80px;padding-bottom:5px;} .battle-log .inner {padding:4px 8px 0px 8px;} .battle-log .inner-preempt {padding:0 8px 4px 8px;} .battle-log .inner-after {margin-top:0.5em;} .battle-log h2 {margin:0.5em -8px;padding:4px 8px;border:1px solid #AAAAAA;background:#E0E7EA;border-left:0;border-right:0;font-family:Verdana, sans-serif;font-size:13pt;} .battle-log .chat {vertical-align:middle;padding:3px 0 3px 0;font-size:8pt;} .battle-log .chat strong {color:#40576A;} .battle-log .chat em {padding:1px 4px 1px 3px;color:#000000;font-style:normal;} .chat.mine {background:rgba(0,0,0,0.05);margin-left:-8px;margin-right:-8px;padding-left:8px;padding-right:8px;} .spoiler {color:#BBBBBB;background:#BBBBBB;padding:0px 3px;} .spoiler:hover, .spoiler:active, .spoiler-shown {color:#000000;background:#E2E2E2;padding:0px 3px;} .spoiler a {color:#BBBBBB;} .spoiler:hover a, .spoiler:active a, .spoiler-shown a {color:#2288CC;} .chat code, .chat .spoiler:hover code, .chat .spoiler:active code, .chat .spoiler-shown code {border:1px solid #C0C0C0;background:#EEEEEE;color:black;padding:0 2px;} .chat .spoiler code {border:1px solid #CCCCCC;background:#CCCCCC;color:#CCCCCC;} .battle-log .rated {padding:3px 4px;} .battle-log .rated strong {color:white;background:#89A;padding:1px 4px;border-radius:4px;} .spacer {margin-top:0.5em;} .message-announce {background:#6688AA;color:white;padding:1px 4px 2px;} .message-announce a, .broadcast-green a, .broadcast-blue a, .broadcast-red a {color:#DDEEFF;} .broadcast-green {background-color:#559955;color:white;padding:2px 4px;} .broadcast-blue {background-color:#6688AA;color:white;padding:2px 4px;} .infobox {border:1px solid #6688AA;padding:2px 4px;} .infobox-limited {max-height:200px;overflow:auto;overflow-x:hidden;} .broadcast-red {background-color:#AA5544;color:white;padding:2px 4px;} .message-learn-canlearn {font-weight:bold;color:#228822;text-decoration:underline;} .message-learn-cannotlearn {font-weight:bold;color:#CC2222;text-decoration:underline;} .message-effect-weak {font-weight:bold;color:#CC2222;} .message-effect-resist {font-weight:bold;color:#6688AA;} .message-effect-immune {font-weight:bold;color:#666666;} .message-learn-list {margin-top:0;margin-bottom:0;} .message-throttle-notice, .message-error {color:#992222;} .message-overflow, .chat small.message-overflow {font-size:0pt;} .message-overflow::before {font-size:9pt;content:'...';} .subtle {color:#3A4A66;}
</style>
<div class="wrapper replay-wrapper" style="max-width:1180px;margin:0 auto">
<input type="hidden" name="replayid" value="destiny-ou-428695" />
<div class="battle"></div><div class="battle-log"></div><div class="replay-controls"></div><div class="replay-controls-2"></div>
<h1 style="font-weight:normal;text-align:center"><strong>OU</strong><br /><a href="http://pokemonshowdown.com/users/godsenpaii" class="subtle" target="_blank">GOD❤Senpaii❤</a> vs. <a href="http://pokemonshowdown.com/users/camilacruz" class="subtle" target="_blank">Camila Cruz♥</a></h1>
<script type="text/plain" class="battle-log-data">|unlink|||tour
|player|p1|GOD❤Senpaii❤|godsenpaii-12.gif?04d8109f
|teamsize|p1|6
|player|p2|Camila Cruz♥|camilacruz-20.gif?dd573b05
|teamsize|p2|6
|teamsize|p1|6
|teamsize|p2|6
|gametype|singles
|gen|7
|tier|OU
|seed|38842,52684,39515,62636
|rule|Cláusula-Mod de Dormir: solo puedes dormir a uno de tus oponentes a la vez.
|rule|Cláusula de Especie: Hasta un Pokémon de cada especie
|rule|Cláusula de Golpe Fulminante: los movimientos fulminantes (OHKO) estan prohibidos
|rule|Cláusula de Veleta: la habilidad Veleta está prohibida
|rule|Cláusula de Movimientos Evasivos: los movimientos de Evasión están prohibidos.
|rule|Cláusula de Batallas Eternas: forzar batallas eternas está prohibido
|clearpoke
|poke|p1|Mew|item
|poke|p1|Greninja, M|item
|poke|p1|Mawile, F|item
|poke|p1|Landorus-Therian, M|item
|poke|p1|Tapu Koko|item
|poke|p1|Latios, M|item
|poke|p2|Garchomp, M|item
|poke|p2|Jirachi|item
|poke|p2|Greninja, M|item
|poke|p2|Amoonguss, M|item
|poke|p2|Landorus-Therian, M|item
|poke|p2|Mawile, M|item
|teampreview|undefined
|choice|*team 213456|*
|choice|*|*team 321456
|choice|team 2, 1, 3, 4, 5, 6|team 3, 2, 1, 4, 5, 6
|
|start
|switch|p1a: Greninja|Greninja, M|285\/285
|switch|p2a: Greninja|Greninja, M|285\/285
|turn|1
|player|p2|
|choice|*move 1|*
|inactive|Reloj de batalla ENCENDIDO. El jugador inactivo será descalificado (solicitado por GOD❤Senpaii❤).
|inactive|GOD❤Senpaii❤ tiene 285 segundos restantes.
|inactive|Camila Cruz♥ tiene 285 segundos restantes.
|choice|*move 1|*
|inactive|Camila Cruz♥ tiene 285 segundos restantes.
|inactive|Camila Cruz♥ se reconectó y tiene 280 segundos restantes.
|player|p2|Camila Cruz♥|camilacruz-20.gif?dd573b05
|inactive|Camila Cruz♥ tiene 270 segundos restantes.
|inactive|Camila Cruz♥ se desconectó!
|player|p2|
|choice|*move 1|*
|inactive|Camila Cruz♥ tiene 270 segundos restantes.
|inactive|Camila Cruz♥ se reconectó y tiene 270 segundos restantes.
|player|p2|Camila Cruz♥|camilacruz-20.gif?dd573b05
|choice|*|*switch 4
|choice|move hydropump|switch 4
|
|switch|p2a: Amoonguss|Amoonguss, M|431\/431
|move|p1a: Greninja|Hydro Pump|p2a: Amoonguss
|-resisted|p2a: Amoonguss
|-damage|p2a: Amoonguss|328\/431
|
|-heal|p2a: Amoonguss|354\/431|[from] item: Black Sludge
|upkeep
|turn|2
|inactive|Camila Cruz♥ tiene 270 segundos restantes.
|choice|*switch 5|*
|choice|*|*move 3
|choice|switch 5|move toxic
|
|switch|p1a: Tapu Koko|Tapu Koko|281\/281
|-fieldstart|move: Electric Terrain|[from] ability: Electric Surge|[of] p1a: Tapu Koko
|move|p2a: Amoonguss|Toxic|p1a: Tapu Koko
|-status|p1a: Tapu Koko|tox
|
|-heal|p2a: Amoonguss|380\/431|[from] item: Black Sludge
|-damage|p1a: Tapu Koko|264\/281 tox|[from] psn
|upkeep
|turn|3
|choice|*move 4|*
|choice|*|*move 2
|choice|*move 4|*
|choice|move voltswitch|move gigadrain
|
|move|p1a: Tapu Koko|Volt Switch|p2a: Amoonguss
|-resisted|p2a: Amoonguss
|-damage|p2a: Amoonguss|299\/431
|choice|*switch 4|*
|choice|switch 4|
|
|switch|p1a: Landorus|Landorus-Therian, M|382\/382|[from]move: Volt Switch
|-ability|p1a: Landorus|Intimidate|boost
|-unboost|p2a: Amoonguss|atk|1
|move|p2a: Amoonguss|Giga Drain|p1a: Landorus
|-damage|p1a: Landorus|285\/382
|-heal|p2a: Amoonguss|348\/431|[from] drain|[of] p1a: Landorus
|
|-heal|p1a: Landorus|308\/382|[from] item: Leftovers
|-heal|p2a: Amoonguss|374\/431|[from] item: Black Sludge
|upkeep
|turn|4
|choice|*move 1|*
|choice|*|*move 1
|choice|move stealthrock|move spore
|
|move|p1a: Landorus|Stealth Rock|p2a: Amoonguss
|-sidestart|p2: Camila Cruz♥|move: Stealth Rock
|move|p2a: Amoonguss|Spore|p1a: Landorus
|-status|p1a: Landorus|slp
|
|-heal|p1a: Landorus|331\/382 slp|[from] item: Leftovers
|-heal|p2a: Amoonguss|400\/431|[from] item: Black Sludge
|upkeep
|turn|5
|choice|*|*switch 5
|choice|*switch 6|*
|choice|switch 6|switch 5
|
|switch|p1a: Latios|Latios, M|301\/301
|switch|p2a: Landorus|Landorus-Therian, M|381\/381
|-damage|p2a: Landorus|334\/381|[from] Stealth Rock
|-ability|p2a: Landorus|Intimidate|boost
|-unboost|p1a: Latios|atk|1
|
|upkeep
|turn|6
|choice|*move 1|*
|choice|*|*switch 2
|choice|move dracometeor|switch 2
|
|switch|p2a: Jirachi|Jirachi|341\/341
|-damage|p2a: Jirachi|320\/341|[from] Stealth Rock
|move|p1a: Latios|Draco Meteor|p2a: Jirachi
|-resisted|p2a: Jirachi
|-damage|p2a: Jirachi|209\/341
|-unboost|p1a: Latios|spa|2
|
|-fieldend|move: Electric Terrain
|upkeep
|turn|7
|choice|*switch 6|*
|choice|*|*move 2
|choice|switch 6|move uturn
|
|switch|p1a: Landorus|Landorus-Therian, M|331\/382 slp
|-ability|p1a: Landorus|Intimidate|boost
|-unboost|p2a: Jirachi|atk|1
|move|p2a: Jirachi|U-turn|p1a: Landorus
|-resisted|p1a: Landorus
|-damage|p1a: Landorus|314\/382 slp
|choice|*|*switch 4
|choice||switch 4
|
|switch|p2a: Greninja|Greninja, M|285\/285|[from]move: U-turn
|-damage|p2a: Greninja|250\/285|[from] Stealth Rock
|
|-heal|p1a: Landorus|337\/382 slp|[from] item: Leftovers
|upkeep
|turn|8
|choice|*|*move 3
|choice|*switch 3|*
|choice|switch 3|move hydropump
|
|switch|p1a: Mawile|Mawile, F|251\/251
|-ability|p1a: Mawile|Intimidate|boost
|-unboost|p2a: Greninja|atk|1
|move|p2a: Greninja|Hydro Pump|p1a: Mawile
|-damage|p1a: Mawile|0 fnt
|faint|p1a: Mawile
|-activate|p2a: Greninja|ability: Battle Bond
|detailschange|p2a: Greninja|Greninja-Ash, M
|
|upkeep
|choice|*switch 6|*
|choice|switch 6|
|
|switch|p1a: Latios|Latios, M|301\/301
|turn|9
|choice|*|*switch 6
|choice|*switch 5|*
|choice|switch 5|switch 6
|
|switch|p1a: Greninja|Greninja, M|285\/285
|switch|p2a: Mawile|Mawile, M|249\/249
|-damage|p2a: Mawile|234\/249|[from] Stealth Rock
|-ability|p2a: Mawile|Intimidate|boost
|-unboost|p1a: Greninja|atk|1
|
|upkeep
|turn|10
|choice|*move 4|*
|choice|*|*switch 5
|choice|move spikes|switch 5
|
|switch|p2a: Amoonguss|Amoonguss, M|431\/431
|-damage|p2a: Amoonguss|378\/431|[from] Stealth Rock
|move|p1a: Greninja|Spikes|p2a: Amoonguss
|-sidestart|p2: Camila Cruz♥|Spikes
|
|-heal|p2a: Amoonguss|404\/431|[from] item: Black Sludge
|upkeep
|turn|11
|choice|*switch 5|*
|choice|*switch 4|*
|choice|*|*move 1
|choice|switch 4|move spore
|
|switch|p1a: Tapu Koko|Tapu Koko|264\/281 tox
|-fieldstart|move: Electric Terrain|[from] ability: Electric Surge|[of] p1a: Tapu Koko
|move|p2a: Amoonguss|Spore|p1a: Tapu Koko
|-fail|p1a: Tapu Koko
|
|-heal|p2a: Amoonguss|430\/431|[from] item: Black Sludge
|-damage|p1a: Tapu Koko|247\/281 tox|[from] psn
|upkeep
|turn|12
|choice|*move 2|*
|choice|*|*move 1
|choice|move uturn|move spore
|
|move|p1a: Tapu Koko|U-turn|p2a: Amoonguss
|-damage|p2a: Amoonguss|361\/431
|choice|*switch 2|*
|choice|switch 2|
|
|switch|p1a: Mew|Mew|341\/341|[from]move: U-turn
|move|p2a: Amoonguss|Spore|p1a: Mew
|-activate|p1a: Mew|move: Electric Terrain
|
|-heal|p2a: Amoonguss|387\/431|[from] item: Black Sludge
|upkeep
|turn|13
|choice|*move 4|*
|choice|*|*switch 6
|choice|move rockpolish|switch 6
|
|switch|p2a: Greninja|Greninja-Ash, M|250\/285
|-damage|p2a: Greninja|215\/285|[from] Stealth Rock
|-damage|p2a: Greninja|180\/285|[from] Spikes
|move|p1a: Mew|Rock Polish|p1a: Mew
|-boost|p1a: Mew|spe|2
|
|upkeep
|turn|14
|choice|*move 2|*
|choice|*|*move 2
|choice|move aurasphere|move darkpulse
|
|move|p1a: Mew|Aura Sphere|p2a: Greninja
|-supereffective|p2a: Greninja
|-damage|p2a: Greninja|0 fnt
|faint|p2a: Greninja
|
|upkeep
|choice|*|*switch 5
|choice||switch 5
|
|switch|p2a: Mawile|Mawile, M|234\/249
|-damage|p2a: Mawile|219\/249|[from] Stealth Rock
|-damage|p2a: Mawile|188\/249|[from] Spikes
|-ability|p2a: Mawile|Intimidate|boost
|-unboost|p1a: Mew|atk|1
|turn|15
|choice|*move 1 zmove|*
|choice|*|*move 2 mega
|choice|move psychic zmove|move playrough mega
|
|-mega|p2a: Mawile|Mawile|Mawilite
|detailschange|p2a: Mawile|Mawile-Mega, M
|-zpower|p1a: Mew
|move|p1a: Mew|Genesis Supernova|p2a: Mawile|[zeffect]
|-resisted|p2a: Mawile
|-damage|p2a: Mawile|38\/249
|-fieldstart|move: Psychic Terrain
|move|p2a: Mawile|Play Rough|p1a: Mew
|-damage|p1a: Mew|53\/341
|
|upkeep
|turn|16
|choice|*move 1|*
|choice|*|*move 2
|choice|move psychic|move playrough
|
|move|p1a: Mew|Psychic|p2a: Mawile
|-resisted|p2a: Mawile
|-damage|p2a: Mawile|0 fnt
|faint|p2a: Mawile
|
|upkeep
|choice|*|*switch 3
|choice||switch 3
|
|switch|p2a: Garchomp|Garchomp, M|357\/357
|-damage|p2a: Garchomp|335\/357|[from] Stealth Rock
|-damage|p2a: Garchomp|291\/357|[from] Spikes
|turn|17
|choice|*move 1|*
|choice|*|*move 3
|choice|move psychic|move earthquake
|
|move|p1a: Mew|Psychic|p2a: Garchomp
|-damage|p2a: Garchomp|57\/357
|move|p2a: Garchomp|Earthquake|p1a: Mew
|-damage|p1a: Mew|0 fnt
|faint|p1a: Mew
|
|upkeep
|choice|*switch 5|*
|choice|switch 5|
|
|switch|p1a: Latios|Latios, M|301\/301
|turn|18
|choice|*move 2|*
|choice|*move 1|*
|inactive|Camila Cruz♥ tiene 285 segundos restantes.
|choice|*move 2|*
|choice|*|*move 2 zmove
|choice|move psyshock|move outrage zmove
|
|move|p1a: Latios|Psyshock|p2a: Garchomp
|-damage|p2a: Garchomp|0 fnt
|faint|p2a: Garchomp
|
|upkeep
|choice|*|*switch 4
|choice||switch 4
|
|switch|p2a: Jirachi|Jirachi|209\/341
|-damage|p2a: Jirachi|188\/341|[from] Stealth Rock
|-damage|p2a: Jirachi|146\/341|[from] Spikes
|turn|19
|choice|*move 2|*
|inactive|Camila Cruz♥ tiene 285 segundos restantes.
|inactive|Camila Cruz♥ tiene 270 segundos restantes.
|choice|*switch 3|*
|choice|*move 2|*
|choice|*|*move 1
|choice|move psyshock|move ironhead
|
|move|p1a: Latios|Psyshock|p2a: Jirachi
|-resisted|p2a: Jirachi
|-damage|p2a: Jirachi|107\/341
|move|p2a: Jirachi|Iron Head|p1a: Latios
|-damage|p1a: Latios|148\/301
|
|-fieldend|move: Psychic Terrain
|upkeep
|turn|20
|choice|*|*move 1
|choice|*switch 4|*
|choice|switch 4|move ironhead
|
|switch|p1a: Greninja|Greninja, M|285\/285
|move|p2a: Jirachi|Iron Head|p1a: Greninja
|-resisted|p1a: Greninja
|-damage|p1a: Greninja|198\/285
|
|upkeep
|turn|21
|choice|*move 2|*
|choice|*|*switch 2
|choice|move darkpulse|switch 2
|
|switch|p2a: Landorus|Landorus-Therian, M|334\/381
|-damage|p2a: Landorus|287\/381|[from] Stealth Rock
|-ability|p2a: Landorus|Intimidate|boost
|-unboost|p1a: Greninja|atk|1
|move|p1a: Greninja|Dark Pulse|p2a: Landorus
|-damage|p2a: Landorus|61\/381
|
|upkeep
|turn|22
|choice|*switch 4|*
|choice|*|*move 4
|choice|switch 4|move stealthrock
|
|switch|p1a: Latios|Latios, M|148\/301
|move|p2a: Landorus|Stealth Rock|p1a: Latios
|-sidestart|p1: GOD❤Senpaii❤|move: Stealth Rock
|
|upkeep
|turn|23
|choice|*move 2|*
|choice|*|*move 3
|choice|move psyshock|move uturn
|
|move|p1a: Latios|Psyshock|p2a: Landorus
|-damage|p2a: Landorus|0 fnt
|faint|p2a: Landorus
|
|upkeep
|inactive|Camila Cruz♥ tiene 285 segundos restantes.
|choice|*|*switch 2
|choice||switch 2
|
|switch|p2a: Jirachi|Jirachi|107\/341
|-damage|p2a: Jirachi|65\/341|[from] Spikes
|-damage|p2a: Jirachi|44\/341|[from] Stealth Rock
|turn|24
|choice|*move 2|*
|choice|*switch 3|*
|choice|*|*move 2
|choice|switch 3|move uturn
|
|switch|p1a: Landorus|Landorus-Therian, M|337\/382 slp
|-damage|p1a: Landorus|290\/382 slp|[from] Stealth Rock
|-ability|p1a: Landorus|Intimidate|boost
|-unboost|p2a: Jirachi|atk|1
|move|p2a: Jirachi|U-turn|p1a: Landorus
|-resisted|p1a: Landorus
|-damage|p1a: Landorus|271\/382 slp
|choice|*|*switch 6
|choice||switch 6
|
|switch|p2a: Amoonguss|Amoonguss, M|431\/431|[from]move: U-turn
|-damage|p2a: Amoonguss|378\/431|[from] Spikes
|-damage|p2a: Amoonguss|325\/431|[from] Stealth Rock
|
|-heal|p1a: Landorus|294\/382 slp|[from] item: Leftovers
|-heal|p2a: Amoonguss|351\/431|[from] item: Black Sludge
|upkeep
|turn|25
|choice|*|*move 2
|choice|*move 2|*
|choice|move earthquake|move gigadrain
|
|cant|p1a: Landorus|slp
|move|p2a: Amoonguss|Giga Drain|p1a: Landorus
|-damage|p1a: Landorus|206\/382 slp
|-heal|p2a: Amoonguss|395\/431|[from] drain|[of] p1a: Landorus
|
|-heal|p1a: Landorus|229\/382 slp|[from] item: Leftovers
|-heal|p2a: Amoonguss|421\/431|[from] item: Black Sludge
|upkeep
|turn|26
|choice|*move 2|*
|choice|*|*move 2
|choice|move earthquake|move gigadrain
|
|cant|p1a: Landorus|slp
|move|p2a: Amoonguss|Giga Drain|p1a: Landorus
|-damage|p1a: Landorus|139\/382 slp
|-heal|p2a: Amoonguss|431\/431|[from] drain|[of] p1a: Landorus
|
|-heal|p1a: Landorus|162\/382 slp|[from] item: Leftovers
|upkeep
|turn|27
|choice|*move 2|*
|choice|*|*move 2
|choice|move earthquake|move gigadrain
|
|-curestatus|p1a: Landorus|slp|[msg]
|move|p1a: Landorus|Earthquake|p2a: Amoonguss
|-damage|p2a: Amoonguss|214\/431
|move|p2a: Amoonguss|Giga Drain|p1a: Landorus
|-damage|p1a: Landorus|72\/382
|-heal|p2a: Amoonguss|259\/431|[from] drain|[of] p1a: Landorus
|
|-heal|p1a: Landorus|95\/382|[from] item: Leftovers
|-heal|p2a: Amoonguss|285\/431|[from] item: Black Sludge
|upkeep
|turn|28
|choice|*move 2|*
|choice|*|*move 2
|choice|move earthquake|move gigadrain
|
|move|p1a: Landorus|Earthquake|p2a: Amoonguss
|-damage|p2a: Amoonguss|65\/431
|move|p2a: Amoonguss|Giga Drain|p1a: Landorus
|-damage|p1a: Landorus|8\/382
|-heal|p2a: Amoonguss|109\/431|[from] drain|[of] p1a: Landorus
|
|-heal|p1a: Landorus|31\/382|[from] item: Leftovers
|-heal|p2a: Amoonguss|135\/431|[from] item: Black Sludge
|upkeep
|turn|29
|choice|*move 2|*
|choice|*|*switch 6
|choice|move earthquake|switch 6
|
|switch|p2a: Jirachi|Jirachi|44\/341
|-damage|p2a: Jirachi|2\/341|[from] Spikes
|-damage|p2a: Jirachi|0 fnt|[from] Stealth Rock
|faint|p2a: Jirachi
|move|p1a: Landorus|Earthquake|p2: Jirachi|[notarget]
|-notarget
|
|-heal|p1a: Landorus|54\/382|[from] item: Leftovers
|upkeep
|inactive|Camila Cruz♥ tiene 285 segundos restantes.
|inactive|Camila Cruz♥ tiene 270 segundos restantes.
|inactive|Camila Cruz♥ se desconectó!
|player|p2|
|inactive|Camila Cruz♥ tiene 255 segundos restantes.
|inactive|Camila Cruz♥ tiene 240 segundos restantes.
|inactive|Camila Cruz♥ tiene 225 segundos restantes.
|inactive|Camila Cruz♥ tiene 210 segundos restantes.
|inactive|Camila Cruz♥ se reconectó y tiene 205 segundos restantes.
|player|p2|Camila Cruz♥|camilacruz-20.gif?dd573b05
|inactive|Camila Cruz♥ tiene 195 segundos restantes.
|choice|*|*switch 6
|choice||switch 6
|
|switch|p2a: Amoonguss|Amoonguss, M|278\/431
|-damage|p2a: Amoonguss|225\/431|[from] Stealth Rock
|-damage|p2a: Amoonguss|172\/431|[from] Spikes
|turn|30
|choice|*move 2|*
|choice|*|*move 2
|choice|move earthquake|move gigadrain
|
|move|p1a: Landorus|Earthquake|p2a: Amoonguss
|-damage|p2a: Amoonguss|0 fnt
|faint|p2a: Amoonguss
|
|win|GOD❤Senpaii❤
|c|☆GOD❤Senpaii❤|gg
</script>
</div>
<div class="battle-log battle-log-inline"><div class="inner"><div class="battle-options"></div><div class="inner"><div class=""><small>Format:</small> <br><strong>OU</strong></div><div class=""><small><em>Cláusula-Mod de Dormir:</em> solo puedes dormir a uno de tus oponentes a la vez.</small></div><div class=""><small><em>Cláusula de Especie:</em> Hasta un Pokémon de cada especie</small></div><div class=""><small><em>Cláusula de Golpe Fulminante:</em> los movimientos fulminantes (OHKO) estan prohibidos</small></div><div class=""><small><em>Cláusula de Veleta:</em> la habilidad Veleta está prohibida</small></div><div class=""><small><em>Cláusula de Movimientos Evasivos:</em> los movimientos de Evasión están prohibidos.</small></div><div class=""><small><em>Cláusula de Batallas Eternas:</em> forzar batallas eternas está prohibido</small></div><div class="chat battle-history"><strong>GOD❤Senpaii❤'s team:</strong> <em style="color:#445566;display:block;">Mew / Greninja / Mawile / Landorus-Therian / Tapu Koko / Latios</em></div><div class="chat battle-history"><strong>Camila Cruz♥'s team:</strong> <em style="color:#445566;display:block;">Garchomp / Jirachi / Greninja / Amoonguss / Landorus-Therian / Mawile</em></div><div class="spacer battle-history"><br></div><div class="battle-history">Battle started between GOD❤Senpaii❤ and Camila Cruz♥!<br></div><div class="spacer battle-history"><br></div><div class="battle-history">Go! <strong>Greninja</strong>!<br></div><div class="spacer battle-history"><br></div><div class="battle-history">Camila Cruz♥ sent out <strong>Greninja</strong>!<br></div><div class="spacer battle-history"><br></div><h2 class="battle-history">Turn 1</h2><div class="chat message-error">Reloj de batalla ENCENDIDO. El jugador inactivo será descalificado (solicitado por GOD❤Senpaii❤).</div><div class="chat message-error">GOD❤Senpaii❤ tiene 285 segundos restantes.</div><div class="chat message-error">Camila Cruz♥ tiene 285 segundos restantes.</div><div class="chat message-error">Camila Cruz♥ tiene 285 segundos restantes.</div><div class="chat message-error">Camila Cruz♥ se reconectó y tiene 280 segundos restantes.</div><div class="chat message-error">Camila Cruz♥ tiene 270 segundos restantes.</div><div class="chat message-error">Camila Cruz♥ se desconectó!</div><div class="chat message-error">Camila Cruz♥ tiene 270 segundos restantes.</div><div class="chat message-error">Camila Cruz♥ se reconectó y tiene 270 segundos restantes.</div><div class="spacer battle-history"><br></div><div class="battle-history">Camila Cruz♥ withdrew Greninja!<br></div><div class="battle-history">Camila Cruz♥ sent out <strong>Amoonguss</strong>!<br></div><div class="spacer battle-history"><br></div><div class="battle-history">Greninja used <strong>Hydro Pump</strong>!<br></div><div class="battle-history"><small>It's not very effective...</small><br></div><div class="battle-history"><small>(The opposing Amoonguss lost <abbr title="−103/431">23.9%</abbr> of its health!)</small><br></div><div class="spacer battle-history"><br></div><div class="battle-history"><small>The opposing Amoonguss restored a little HP using its Black Sludge!</small><br></div><div class="spacer battle-history"><br></div><h2 class="battle-history">Turn 2</h2><div class="chat message-error">Camila Cruz♥ tiene 270 segundos restantes.</div><div class="spacer battle-history"><br></div><div class="battle-history">Greninja, come back!<br></div><div class="battle-history">Go! <strong>Tapu Koko</strong>!<br></div><div class="battle-history"><small>[Tapu Koko's Electric Surge]</small><br><small>An electric current runs across the battlefield!</small><br></div><div class="spacer battle-history"><br></div><div class="battle-history">The opposing Amoonguss used <strong>Toxic</strong>!<br></div><div class="battle-history"><small>Tapu Koko was badly poisoned!</small><br></div><div class="spacer battle-history"><br></div><div class="battle-history"><small>The opposing Amoonguss restored a little HP using its Black Sludge!</small><br></div><div class="battle-history"><small>Tapu Koko was hurt by poison!</small><br></div><div class="spacer battle-history"><br></div><h2 class="battle-history">Turn 3</h2><div class="spacer battle-history"><br></div><div class="battle-history">Tapu Koko used <strong>Volt Switch</strong>!<br></div><div class="battle-history"><small>It's not very effective...</small><br></div><div class="battle-history"><small>(The opposing Amoonguss lost <abbr title="−81/431">18.8%</abbr> of its health!)</small><br></div><div class="spacer battle-history"><br></div><div class="battle-history">Tapu Koko went back to GOD❤Senpaii❤!<br></div><div class="battle-history">Go! Landorus (<strong>Landorus-Therian</strong>)!<br></div><div class="battle-history"><small>[Landorus's Intimidate]</small><br></div><div class="battle-history"><small>The opposing Amoonguss's Attack fell!</small><br></div><div class="spacer battle-history"><br></div><div class="battle-history">The opposing Amoonguss used <strong>Giga Drain</strong>!<br></div><div class="battle-history"><small>(Landorus lost <abbr title="−97/382">25.4%</abbr> of its health!)</small><br></div><div class="battle-history"><small>Landorus had its energy drained!</small><br></div><div class="spacer battle-history"><br></div><div class="battle-history"><small>Landorus restored a little HP using its Leftovers!</small><br></div><div class="battle-history"><small>The opposing Amoonguss restored a little HP using its Black Sludge!</small><br></div><div class="spacer battle-history"><br></div><h2 class="battle-history">Turn 4</h2><div class="spacer battle-history"><br></div><div class="battle-history">Landorus used <strong>Stealth Rock</strong>!<br></div><div class="battle-history"><small>Pointed stones float in the air around the opposing team!</small><br></div><div class="spacer battle-history"><br></div><div class="battle-history">The opposing Amoonguss used <strong>Spore</strong>!<br></div><div class="battle-history"><small>Landorus fell asleep!</small><br></div><div class="spacer battle-history"><br></div><div class="battle-history"><small>Landorus restored a little HP using its Leftovers!</small><br></div><div class="battle-history"><small>The opposing Amoonguss restored a little HP using its Black Sludge!</small><br></div><div class="spacer battle-history"><br></div><h2 class="battle-history">Turn 5</h2><div class="spacer battle-history"><br></div><div class="battle-history">Landorus, come back!<br></div><div class="battle-history">Go! <strong>Latios</strong>!<br></div><div class="spacer battle-history"><br></div><div class="battle-history">Camila Cruz♥ withdrew Amoonguss!<br></div><div class="battle-history">Camila Cruz♥ sent out Landorus (<strong>Landorus-Therian</strong>)!<br></div><div class="battle-history"><small>Pointed stones dug into the opposing Landorus!</small><br></div><div class="battle-history"><small>[The opposing Landorus's Intimidate]</small><br></div><div class="battle-history"><small>Latios's Attack fell!</small><br></div><div class="spacer battle-history"><br></div><h2 class="battle-history">Turn 6</h2><div class="spacer battle-history"><br></div><div class="battle-history">Camila Cruz♥ withdrew Landorus!<br></div><div class="battle-history">Camila Cruz♥ sent out <strong>Jirachi</strong>!<br></div><div class="battle-history"><small>Pointed stones dug into the opposing Jirachi!</small><br></div><div class="spacer battle-history"><br></div><div class="battle-history">Latios used <strong>Draco Meteor</strong>!<br></div><div class="battle-history"><small>It's not very effective...</small><br></div><div class="battle-history"><small>(The opposing Jirachi lost <abbr title="−111/341">32.6%</abbr> of its health!)</small><br></div><div class="battle-history"><small>Latios's Special Attack fell harshly!</small><br></div><div class="spacer battle-history"><br></div><div class="battle-history"><small>The electricity disappeared from the battlefield.</small><br></div><div class="spacer battle-history"><br></div><h2 class="battle-history">Turn 7</h2><div class="spacer battle-history"><br></div><div class="battle-history">Latios, come back!<br></div><div class="battle-history">Go! Landorus (<strong>Landorus-Therian</strong>)!<br></div><div class="battle-history"><small>[Landorus's Intimidate]</small><br></div><div class="battle-history"><small>The opposing Jirachi's Attack fell!</small><br></div><div class="spacer battle-history"><br></div><div class="battle-history">The opposing Jirachi used <strong>U-turn</strong>!<br></div><div class="battle-history"><small>It's not very effective...</small><br></div><div class="battle-history"><small>(Landorus lost <abbr title="−17/382">4.5%</abbr> of its health!)</small><br></div><div class="spacer battle-history"><br></div><div class="battle-history">The opposing Jirachi went back to Camila Cruz♥!<br></div><div class="battle-history">Camila Cruz♥ sent out <strong>Greninja</strong>!<br></div><div class="battle-history"><small>Pointed stones dug into the opposing Greninja!</small><br></div><div class="spacer battle-history"><br></div><div class="battle-history"><small>Landorus restored a little HP using its Leftovers!</small><br></div><div class="spacer battle-history"><br></div><h2 class="battle-history">Turn 8</h2><div class="spacer battle-history"><br></div><div class="battle-history">Landorus, come back!<br></div><div class="battle-history">Go! <strong>Mawile</strong>!<br></div><div class="battle-history"><small>[Mawile's Intimidate]</small><br></div><div class="battle-history"><small>The opposing Greninja's Attack fell!</small><br></div><div class="spacer battle-history"><br></div><div class="battle-history">The opposing Greninja used <strong>Hydro Pump</strong>!<br></div><div class="battle-history"><small>(Mawile lost <abbr title="−251/251">100%</abbr> of its health!)</small><br></div><div class="spacer battle-history"><br></div><div class="battle-history">Mawile fainted!<br></div><div class="battle-history"><small>[The opposing Greninja's Battle Bond]</small><br><small>The opposing Greninja became fully charged due to its bond with its Trainer!</small><br></div><div class="battle-history">The opposing Greninja became Ash-Greninja!<br></div><div class="spacer battle-history"><br></div><div class="battle-history">Go! <strong>Latios</strong>!<br></div><div class="spacer battle-history"><br></div><h2 class="battle-history">Turn 9</h2><div class="spacer battle-history"><br></div><div class="battle-history">Latios, come back!<br></div><div class="battle-history">Go! <strong>Greninja</strong>!<br></div><div class="spacer battle-history"><br></div><div class="battle-history">Camila Cruz♥ withdrew Greninja!<br></div><div class="battle-history">Camila Cruz♥ sent out <strong>Mawile</strong>!<br></div><div class="battle-history"><small>Pointed stones dug into the opposing Mawile!</small><br></div><div class="battle-history"><small>[The opposing Mawile's Intimidate]</small><br></div><div class="battle-history"><small>Greninja's Attack fell!</small><br></div><div class="spacer battle-history"><br></div><h2 class="battle-history">Turn 10</h2><div class="spacer battle-history"><br></div><div class="battle-history">Camila Cruz♥ withdrew Mawile!<br></div><div class="battle-history">Camila Cruz♥ sent out <strong>Amoonguss</strong>!<br></div><div class="battle-history"><small>Pointed stones dug into the opposing Amoonguss!</small><br></div><div class="spacer battle-history"><br></div><div class="battle-history">Greninja used <strong>Spikes</strong>!<br></div><div class="battle-history"><small>Spikes were scattered on the ground all around the opposing team!</small><br></div><div class="spacer battle-history"><br></div><div class="battle-history"><small>The opposing Amoonguss restored a little HP using its Black Sludge!</small><br></div><div class="spacer battle-history"><br></div><h2 class="battle-history">Turn 11</h2><div class="spacer battle-history"><br></div><div class="battle-history">Greninja, come back!<br></div><div class="battle-history">Go! <strong>Tapu Koko</strong>!<br></div><div class="battle-history"><small>[Tapu Koko's Electric Surge]</small><br><small>An electric current runs across the battlefield!</small><br></div><div class="spacer battle-history"><br></div><div class="battle-history">The opposing Amoonguss used <strong>Spore</strong>!<br></div><div class="battle-history"><small>But it failed!</small><br></div><div class="spacer battle-history"><br></div><div class="battle-history"><small>The opposing Amoonguss restored a little HP using its Black Sludge!</small><br></div><div class="battle-history"><small>Tapu Koko was hurt by poison!</small><br></div><div class="spacer battle-history"><br></div><h2 class="battle-history">Turn 12</h2><div class="spacer battle-history"><br></div><div class="battle-history">Tapu Koko used <strong>U-turn</strong>!<br></div><div class="battle-history"><small>(The opposing Amoonguss lost <abbr title="−69/431">16.0%</abbr> of its health!)</small><br></div><div class="spacer battle-history"><br></div><div class="battle-history">Tapu Koko went back to GOD❤Senpaii❤!<br></div><div class="battle-history">Go! <strong>Mew</strong>!<br></div><div class="spacer battle-history"><br></div><div class="battle-history">The opposing Amoonguss used <strong>Spore</strong>!<br></div><div class="battle-history"><small>Mew surrounds itself with electrified terrain!</small><br></div><div class="spacer battle-history"><br></div><div class="battle-history"><small>The opposing Amoonguss restored a little HP using its Black Sludge!</small><br></div><div class="spacer battle-history"><br></div><h2 class="battle-history">Turn 13</h2><div class="spacer battle-history"><br></div><div class="battle-history">Camila Cruz♥ withdrew Amoonguss!<br></div><div class="battle-history">Camila Cruz♥ sent out Greninja (<strong>Greninja-Ash</strong>)!<br></div><div class="battle-history"><small>Pointed stones dug into the opposing Greninja!</small><br></div><div class="battle-history"><small>The opposing Greninja is hurt by the spikes!</small><br></div><div class="spacer battle-history"><br></div><div class="battle-history">Mew used <strong>Rock Polish</strong>!<br></div><div class="battle-history"><small>Mew's Speed rose sharply!</small><br></div><div class="spacer battle-history"><br></div><h2 class="battle-history">Turn 14</h2><div class="spacer battle-history"><br></div><div class="battle-history">Mew used <strong>Aura Sphere</strong>!<br></div><div class="battle-history"><small>It's super effective!</small><br></div><div class="battle-history"><small>(The opposing Greninja lost <abbr title="−180/285">63.2%</abbr> of its health!)</small><br></div><div class="spacer battle-history"><br></div><div class="battle-history">The opposing Greninja fainted!<br></div><div class="spacer battle-history"><br></div><div class="battle-history">Camila Cruz♥ sent out <strong>Mawile</strong>!<br></div><div class="battle-history"><small>Pointed stones dug into the opposing Mawile!</small><br></div><div class="battle-history"><small>The opposing Mawile is hurt by the spikes!</small><br></div><div class="battle-history"><small>[The opposing Mawile's Intimidate]</small><br></div><div class="battle-history"><small>Mew's Attack fell!</small><br></div><div class="spacer battle-history"><br></div><h2 class="battle-history">Turn 15</h2><div class="spacer battle-history"><br></div><div class="battle-history"><small>The opposing Mawile's Mawilite is reacting to the Key Stone!</small><br>The opposing Mawile has Mega Evolved into Mega Mawile!<br></div><div class="battle-history"><small>Mew surrounded itself with its Z-Power!</small><br></div><div class="spacer battle-history"><br></div><div class="battle-history">Mew used <strong>Genesis Supernova</strong>!<br></div><div class="battle-history"><small>It's not very effective...</small><br></div><div class="battle-history"><small>(The opposing Mawile lost <abbr title="−150/249">60.2%</abbr> of its health!)</small><br></div><div class="battle-history"><small>The battlefield got weird!</small><br></div><div class="spacer battle-history"><br></div><div class="battle-history">The opposing Mawile used <strong>Play Rough</strong>!<br></div><div class="battle-history"><small>(Mew lost <abbr title="−288/341">84.5%</abbr> of its health!)</small><br></div><div class="spacer battle-history"><br></div><h2 class="battle-history">Turn 16</h2><div class="spacer battle-history"><br></div><div class="battle-history">Mew used <strong>Psychic</strong>!<br></div><div class="battle-history"><small>It's not very effective...</small><br></div><div class="battle-history"><small>(The opposing Mawile lost <abbr title="−38/249">15.3%</abbr> of its health!)</small><br></div><div class="spacer battle-history"><br></div><div class="battle-history">The opposing Mawile fainted!<br></div><div class="spacer battle-history"><br></div><div class="battle-history">Camila Cruz♥ sent out <strong>Garchomp</strong>!<br></div><div class="battle-history"><small>Pointed stones dug into the opposing Garchomp!</small><br></div><div class="battle-history"><small>The opposing Garchomp is hurt by the spikes!</small><br></div><div class="spacer battle-history"><br></div><h2 class="battle-history">Turn 17</h2><div class="spacer battle-history"><br></div><div class="battle-history">Mew used <strong>Psychic</strong>!<br></div><div class="battle-history"><small>(The opposing Garchomp lost <abbr title="−234/357">65.5%</abbr> of its health!)</small><br></div><div class="spacer battle-history"><br></div><div class="battle-history">The opposing Garchomp used <strong>Earthquake</strong>!<br></div><div class="battle-history"><small>(Mew lost <abbr title="−53/341">15.5%</abbr> of its health!)</small><br></div><div class="spacer battle-history"><br></div><div class="battle-history">Mew fainted!<br></div><div class="spacer battle-history"><br></div><div class="battle-history">Go! <strong>Latios</strong>!<br></div><div class="spacer battle-history"><br></div><h2 class="battle-history">Turn 18</h2><div class="chat message-error">Camila Cruz♥ tiene 285 segundos restantes.</div><div class="spacer battle-history"><br></div><div class="battle-history">Latios used <strong>Psyshock</strong>!<br></div><div class="battle-history"><small>(The opposing Garchomp lost <abbr title="−57/357">16.0%</abbr> of its health!)</small><br></div><div class="spacer battle-history"><br></div><div class="battle-history">The opposing Garchomp fainted!<br></div><div class="spacer battle-history"><br></div><div class="battle-history">Camila Cruz♥ sent out <strong>Jirachi</strong>!<br></div><div class="battle-history"><small>Pointed stones dug into the opposing Jirachi!</small><br></div><div class="battle-history"><small>The opposing Jirachi is hurt by the spikes!</small><br></div><div class="spacer battle-history"><br></div><h2 class="battle-history">Turn 19</h2><div class="chat message-error">Camila Cruz♥ tiene 285 segundos restantes.</div><div class="chat message-error">Camila Cruz♥ tiene 270 segundos restantes.</div><div class="spacer battle-history"><br></div><div class="battle-history">Latios used <strong>Psyshock</strong>!<br></div><div class="battle-history"><small>It's not very effective...</small><br></div><div class="battle-history"><small>(The opposing Jirachi lost <abbr title="−39/341">11.4%</abbr> of its health!)</small><br></div><div class="spacer battle-history"><br></div><div class="battle-history">The opposing Jirachi used <strong>Iron Head</strong>!<br></div><div class="battle-history"><small>(Latios lost <abbr title="−153/301">50.8%</abbr> of its health!)</small><br></div><div class="spacer battle-history"><br></div><div class="battle-history"><small>The weirdness disappeared from the battlefield!</small><br></div><div class="spacer battle-history"><br></div><h2 class="battle-history">Turn 20</h2><div class="spacer battle-history"><br></div><div class="battle-history">Latios, come back!<br></div><div class="battle-history">Go! <strong>Greninja</strong>!<br></div><div class="spacer battle-history"><br></div><div class="battle-history">The opposing Jirachi used <strong>Iron Head</strong>!<br></div><div class="battle-history"><small>It's not very effective...</small><br></div><div class="battle-history"><small>(Greninja lost <abbr title="−87/285">30.5%</abbr> of its health!)</small><br></div><div class="spacer battle-history"><br></div><h2 class="battle-history">Turn 21</h2><div class="spacer battle-history"><br></div><div class="battle-history">Camila Cruz♥ withdrew Jirachi!<br></div><div class="battle-history">Camila Cruz♥ sent out Landorus (<strong>Landorus-Therian</strong>)!<br></div><div class="battle-history"><small>Pointed stones dug into the opposing Landorus!</small><br></div><div class="battle-history"><small>[The opposing Landorus's Intimidate]</small><br></div><div class="battle-history"><small>Greninja's Attack fell!</small><br></div><div class="spacer battle-history"><br></div><div class="battle-history">Greninja used <strong>Dark Pulse</strong>!<br></div><div class="battle-history"><small>(The opposing Landorus lost <abbr title="−226/381">59.3%</abbr> of its health!)</small><br></div><div class="spacer battle-history"><br></div><h2 class="battle-history">Turn 22</h2><div class="spacer battle-history"><br></div><div class="battle-history">Greninja, come back!<br></div><div class="battle-history">Go! <strong>Latios</strong>!<br></div><div class="spacer battle-history"><br></div><div class="battle-history">The opposing Landorus used <strong>Stealth Rock</strong>!<br></div><div class="battle-history"><small>Pointed stones float in the air around your team!</small><br></div><div class="spacer battle-history"><br></div><h2 class="battle-history">Turn 23</h2><div class="spacer battle-history"><br></div><div class="battle-history">Latios used <strong>Psyshock</strong>!<br></div><div class="battle-history"><small>(The opposing Landorus lost <abbr title="−61/381">16.0%</abbr> of its health!)</small><br></div><div class="spacer battle-history"><br></div><div class="battle-history">The opposing Landorus fainted!<br></div><div class="chat message-error">Camila Cruz♥ tiene 285 segundos restantes.</div><div class="spacer battle-history"><br></div><div class="battle-history">Camila Cruz♥ sent out <strong>Jirachi</strong>!<br></div><div class="battle-history"><small>The opposing Jirachi is hurt by the spikes!</small><br></div><div class="battle-history"><small>Pointed stones dug into the opposing Jirachi!</small><br></div><div class="spacer battle-history"><br></div><h2 class="battle-history">Turn 24</h2><div class="spacer battle-history"><br></div><div class="battle-history">Latios, come back!<br></div><div class="battle-history">Go! Landorus (<strong>Landorus-Therian</strong>)!<br></div><div class="battle-history"><small>Pointed stones dug into Landorus!</small><br></div><div class="battle-history"><small>[Landorus's Intimidate]</small><br></div><div class="battle-history"><small>The opposing Jirachi's Attack fell!</small><br></div><div class="spacer battle-history"><br></div><div class="battle-history">The opposing Jirachi used <strong>U-turn</strong>!<br></div><div class="battle-history"><small>It's not very effective...</small><br></div><div class="battle-history"><small>(Landorus lost <abbr title="−19/382">5.0%</abbr> of its health!)</small><br></div><div class="spacer battle-history"><br></div><div class="battle-history">The opposing Jirachi went back to Camila Cruz♥!<br></div><div class="battle-history">Camila Cruz♥ sent out <strong>Amoonguss</strong>!<br></div><div class="battle-history"><small>The opposing Amoonguss is hurt by the spikes!</small><br></div><div class="battle-history"><small>Pointed stones dug into the opposing Amoonguss!</small><br></div><div class="spacer battle-history"><br></div><div class="battle-history"><small>Landorus restored a little HP using its Leftovers!</small><br></div><div class="battle-history"><small>The opposing Amoonguss restored a little HP using its Black Sludge!</small><br></div><div class="spacer battle-history"><br></div><h2 class="battle-history">Turn 25</h2><div class="spacer battle-history"><br></div><div class="battle-history">Landorus is fast asleep.<br></div><div class="spacer battle-history"><br></div><div class="battle-history">The opposing Amoonguss used <strong>Giga Drain</strong>!<br></div><div class="battle-history"><small>(Landorus lost <abbr title="−88/382">23.0%</abbr> of its health!)</small><br></div><div class="battle-history"><small>Landorus had its energy drained!</small><br></div><div class="spacer battle-history"><br></div><div class="battle-history"><small>Landorus restored a little HP using its Leftovers!</small><br></div><div class="battle-history"><small>The opposing Amoonguss restored a little HP using its Black Sludge!</small><br></div><div class="spacer battle-history"><br></div><h2 class="battle-history">Turn 26</h2><div class="spacer battle-history"><br></div><div class="battle-history">Landorus is fast asleep.<br></div><div class="spacer battle-history"><br></div><div class="battle-history">The opposing Amoonguss used <strong>Giga Drain</strong>!<br></div><div class="battle-history"><small>(Landorus lost <abbr title="−90/382">23.6%</abbr> of its health!)</small><br></div><div class="battle-history"><small>Landorus had its energy drained!</small><br></div><div class="spacer battle-history"><br></div><div class="battle-history"><small>Landorus restored a little HP using its Leftovers!</small><br></div><div class="spacer battle-history"><br></div><h2 class="battle-history">Turn 27</h2><div class="spacer battle-history"><br></div><div class="battle-history"><small>Landorus woke up!</small><br></div><div class="spacer battle-history"><br></div><div class="battle-history">Landorus used <strong>Earthquake</strong>!<br></div><div class="battle-history"><small>(The opposing Amoonguss lost <abbr title="−217/431">50.3%</abbr> of its health!)</small><br></div><div class="spacer battle-history"><br></div><div class="battle-history">The opposing Amoonguss used <strong>Giga Drain</strong>!<br></div><div class="battle-history"><small>(Landorus lost <abbr title="−90/382">23.6%</abbr> of its health!)</small><br></div><div class="battle-history"><small>Landorus had its energy drained!</small><br></div><div class="spacer battle-history"><br></div><div class="battle-history"><small>Landorus restored a little HP using its Leftovers!</small><br></div><div class="battle-history"><small>The opposing Amoonguss restored a little HP using its Black Sludge!</small><br></div><div class="spacer battle-history"><br></div><h2 class="battle-history">Turn 28</h2><div class="spacer battle-history"><br></div><div class="battle-history">Landorus used <strong>Earthquake</strong>!<br></div><div class="battle-history"><small>(The opposing Amoonguss lost <abbr title="−220/431">51.0%</abbr> of its health!)</small><br></div><div class="spacer battle-history"><br></div><div class="battle-history">The opposing Amoonguss used <strong>Giga Drain</strong>!<br></div><div class="battle-history"><small>(Landorus lost <abbr title="−87/382">22.8%</abbr> of its health!)</small><br></div><div class="battle-history"><small>Landorus had its energy drained!</small><br></div><div class="spacer battle-history"><br></div><div class="battle-history"><small>Landorus restored a little HP using its Leftovers!</small><br></div><div class="battle-history"><small>The opposing Amoonguss restored a little HP using its Black Sludge!</small><br></div><div class="spacer battle-history"><br></div><h2 class="battle-history">Turn 29</h2><div class="spacer battle-history"><br></div><div class="battle-history">Camila Cruz♥ withdrew Amoonguss!<br></div><div class="battle-history">Camila Cruz♥ sent out <strong>Jirachi</strong>!<br></div><div class="battle-history"><small>The opposing Jirachi is hurt by the spikes!</small><br></div><div class="battle-history"><small>Pointed stones dug into the opposing Jirachi!</small><br></div><div class="spacer battle-history"><br></div><div class="battle-history">The opposing Jirachi fainted!<br></div><div class="battle-history">Landorus used <strong>Earthquake</strong>!<br></div><div class="battle-history"><small>But there was no target...</small><br></div><div class="spacer battle-history"><br></div><div class="battle-history"><small>Landorus restored a little HP using its Leftovers!</small><br></div><div class="chat message-error">Camila Cruz♥ tiene 285 segundos restantes.</div><div class="chat message-error">Camila Cruz♥ tiene 270 segundos restantes.</div><div class="chat message-error">Camila Cruz♥ se desconectó!</div><div class="chat message-error">Camila Cruz♥ tiene 255 segundos restantes.</div><div class="chat message-error">Camila Cruz♥ tiene 240 segundos restantes.</div><div class="chat message-error">Camila Cruz♥ tiene 225 segundos restantes.</div><div class="chat message-error">Camila Cruz♥ tiene 210 segundos restantes.</div><div class="chat message-error">Camila Cruz♥ se reconectó y tiene 205 segundos restantes.</div><div class="chat message-error">Camila Cruz♥ tiene 195 segundos restantes.</div><div class="spacer battle-history"><br></div><div class="battle-history">Camila Cruz♥ sent out <strong>Amoonguss</strong>!<br></div><div class="battle-history"><small>Pointed stones dug into the opposing Amoonguss!</small><br></div><div class="battle-history"><small>The opposing Amoonguss is hurt by the spikes!</small><br></div><div class="spacer battle-history"><br></div><h2 class="battle-history">Turn 30</h2><div class="spacer battle-history"><br></div><div class="battle-history">Landorus used <strong>Earthquake</strong>!<br></div><div class="battle-history"><small>(The opposing Amoonguss lost <abbr title="−172/431">39.9%</abbr> of its health!)</small><br></div><div class="spacer battle-history"><br></div><div class="battle-history">The opposing Amoonguss fainted!<br></div><div class="spacer battle-history"><br></div><div class="battle-history"><strong>GOD❤Senpaii❤</strong> won the battle!<br></div><div class="chat chatmessage-godsenpaii"><strong style="color:hsl(302,64%,46%)"><small>☆</small><span class="username" data-name="GOD❤Senpaii❤">GOD❤Senpaii❤</span>:</strong> <em>gg</em></div></div><div class="inner-preempt"></div></div></div>
</div>
<script>
let daily = Math.floor(Date.now()/1000/60/60/24);document.write('<script src="https://play.pokemonshowdown.com/js/replay-embed.js?version'+daily+'"></'+'script>');
</script>
