<!DOCTYPE html>
<meta charset="utf-8" />
<!-- version 1 -->
<title>OU replay: Quickis vs. Karelmx</title>
<style>
html,body {font-family:Verdana, sans-serif;font-size:10pt;margin:0;padding:0;}body{padding:12px 0;} .battle-log {font-family:Verdana, sans-serif;font-size:10pt;} .battle-log-inline {border:1px solid #AAAAAA;background:#EEF2F5;color:black;max-width:640px;margin:0 auto 80px;padding-bottom:5px;} .battle-log .inner {padding:4px 8px 0px 8px;} .battle-log .inner-preempt {padding:0 8px 4px 8px;} .battle-log .inner-after {margin-top:0.5em;} .battle-log h2 {margin:0.5em -8px;padding:4px 8px;border:1px solid #AAAAAA;background:#E0E7EA;border-left:0;border-right:0;font-family:Verdana, sans-serif;font-size:13pt;} .battle-log .chat {vertical-align:middle;padding:3px 0 3px 0;font-size:8pt;} .battle-log .chat strong {color:#40576A;} .battle-log .chat em {padding:1px 4px 1px 3px;color:#000000;font-style:normal;} .chat.mine {background:rgba(0,0,0,0.05);margin-left:-8px;margin-right:-8px;padding-left:8px;padding-right:8px;} .spoiler {color:#BBBBBB;background:#BBBBBB;padding:0px 3px;} .spoiler:hover, .spoiler:active, .spoiler-shown {color:#000000;background:#E2E2E2;padding:0px 3px;} .spoiler a {color:#BBBBBB;} .spoiler:hover a, .spoiler:active a, .spoiler-shown a {color:#2288CC;} .chat code, .chat .spoiler:hover code, .chat .spoiler:active code, .chat .spoiler-shown code {border:1px solid #C0C0C0;background:#EEEEEE;color:black;padding:0 2px;} .chat .spoiler code {border:1px solid #CCCCCC;background:#CCCCCC;color:#CCCCCC;} .battle-log .rated {padding:3px 4px;} .battle-log .rated strong {color:white;background:#89A;padding:1px 4px;border-radius:4px;} .spacer {margin-top:0.5em;} .message-announce {background:#6688AA;color:white;padding:1px 4px 2px;} .message-announce a, .broadcast-green a, .broadcast-blue a, .broadcast-red a {color:#DDEEFF;} .broadcast-green {background-color:#559955;color:white;padding:2px 4px;} .broadcast-blue {background-color:#6688AA;color:white;padding:2px 4px;} .infobox {border:1px solid #6688AA;padding:2px 4px;} .infobox-limited {max-height:200px;overflow:auto;overflow-x:hidden;} .broadcast-red {background-color:#AA5544;color:white;padding:2px 4px;} .message-learn-canlearn {font-weight:bold;color:#228822;text-decoration:underline;} .message-learn-cannotlearn {font-weight:bold;color:#CC2222;text-decoration:underline;} .message-effect-weak {font-weight:bold;color:#CC2222;} .message-effect-resist {font-weight:bold;color:#6688AA;} .message-effect-immune {font-weight:bold;color:#666666;} .message-learn-list {margin-top:0;margin-bottom:0;} .message-throttle-notice, .message-error {color:#992222;} .message-overflow, .chat small.message-overflow {font-size:0pt;} .message-overflow::before {font-size:9pt;content:'...';} .subtle {color:#3A4A66;}
</style>
<div class="wrapper replay-wrapper" style="max-width:1180px;margin:0 auto">
<input type="hidden" name="replayid" value="destiny-ou-460840" />
<div class="battle"></div><div class="battle-log"></div><div class="replay-controls"></div><div class="replay-controls-2"></div>
<h1 style="font-weight:normal;text-align:center"><strong>OU</strong><br /><a href="http://pokemonshowdown.com/users/quickis" class="subtle" target="_blank">Quickis</a> vs. <a href="http://pokemonshowdown.com/users/karelmx" class="subtle" target="_blank">Karelmx</a></h1>
<script type="text/plain" class="battle-log-data">|player|p1|Quickis|52
|teamsize|p1|6
|player|p2|Karelmx|70
|teamsize|p2|6
|teamsize|p1|6
|teamsize|p2|6
|gametype|singles
|gen|7
|tier|OU
|rated
|seed|50151,33176,15647,29936
|rule|Cláusula-Mod de Dormir: solo puedes dormir a uno de tus oponentes a la vez.
|rule|Cláusula de Especie: Hasta un Pokémon de cada especie
|rule|Cláusula de Golpe Fulminante: los movimientos fulminantes (OHKO) estan prohibidos
|rule|Cláusula de Veleta: la habilidad Veleta está prohibida
|rule|Cláusula de Movimientos Evasivos: los movimientos de Evasión están prohibidos.
|rule|Cláusula de Batallas Eternas: forzar batallas eternas está prohibido
|clearpoke
|poke|p1|Gallade, M, shiny|item
|poke|p1|Buzzwole|item
|poke|p1|Kommo-o, M|item
|poke|p1|Breloom, M|item
|poke|p1|Toxicroak, F, shiny|item
|poke|p1|Hawlucha, M, shiny|item
|poke|p2|Tyranitar, M|item
|poke|p2|Diancie|item
|poke|p2|Excadrill, M|item
|poke|p2|Hippowdon, F|item
|poke|p2|Magearna|item
|poke|p2|Heatran, M|item
|teampreview|undefined
|choice|*team 423156|*
|choice|*|*team 423156
|choice|team 4, 2, 3, 1, 5, 6|team 4, 2, 3, 1, 5, 6
|
|start
|switch|p1a: Breloom|Breloom, M|324\/324
|switch|p2a: Hippowdon|Hippowdon, F|357\/357
|-weather|Sandstorm|[from] ability: Sand Stream|[of] p2a: Hippowdon
|turn|1
|choice|*move 1|*
|choice|*|*move 3
|choice|move spore|move stealthrock
|
|move|p2a: Hippowdon|Stealth Rock|p1a: Breloom
|-sidestart|p1: Quickis|move: Stealth Rock
|move|p1a: Breloom|Spore|p2a: Hippowdon
|-status|p2a: Hippowdon|slp
|
|-weather|Sandstorm|[upkeep]
|-damage|p1a: Breloom|304\/324|[from] Sandstorm
|upkeep
|turn|2
|choice|*move 3|*
|choice|*|*switch 6
|choice|move bulletseed|switch 6
|
|switch|p2a: Heatran|Heatran, M|323\/323
|move|p1a: Breloom|Bullet Seed|p2a: Heatran
|-resisted|p2a: Heatran
|-damage|p2a: Heatran|310\/323
|-resisted|p2a: Heatran
|-damage|p2a: Heatran|297\/323
|-resisted|p2a: Heatran
|-damage|p2a: Heatran|283\/323
|-hitcount|p2a: Heatran|3
|
|-weather|Sandstorm|[upkeep]
|-damage|p1a: Breloom|284\/324|[from] Sandstorm
|-heal|p2a: Heatran|303\/323|[from] item: Leftovers
|upkeep
|turn|3
|choice|*move 4|*
|choice|*|*move 1
|choice|*move 4|*
|choice|move drainpunch|move magmastorm
|
|move|p2a: Heatran|Magma Storm|p1a: Breloom
|-supereffective|p1a: Breloom
|-damage|p1a: Breloom|0 fnt
|faint|p1a: Breloom
|
|-weather|Sandstorm|[upkeep]
|-heal|p2a: Heatran|323\/323|[from] item: Leftovers
|upkeep
|choice|*switch 4|*
|choice|switch 4|
|
|switch|p1a: Gallade|Gallade, M, shiny|277\/277
|-damage|p1a: Gallade|260\/277|[from] Stealth Rock
|turn|4
|choice|*move 1 mega|*
|choice|*|*move 1
|choice|move closecombat mega|move magmastorm
|
|-mega|p1a: Gallade|Gallade|Galladite
|detailschange|p1a: Gallade|Gallade-Mega, M, shiny
|move|p1a: Gallade|Close Combat|p2a: Heatran
|-supereffective|p2a: Heatran
|-damage|p2a: Heatran|0 fnt
|-unboost|p1a: Gallade|def|1
|-unboost|p1a: Gallade|spd|1
|faint|p2a: Heatran
|
|-weather|Sandstorm|[upkeep]
|-damage|p1a: Gallade|243\/277|[from] Sandstorm
|upkeep
|choice|*|*switch 3
|choice||switch 3
|
|switch|p2a: Excadrill|Excadrill, M|361\/361
|turn|5
|choice|*switch 2|*
|choice|*|*move 2
|choice|switch 2|move swordsdance
|
|switch|p1a: Buzzwole|Buzzwole|418\/418
|-damage|p1a: Buzzwole|366\/418|[from] Stealth Rock
|move|p2a: Excadrill|Swords Dance|p2a: Excadrill
|-boost|p2a: Excadrill|atk|2
|
|-weather|Sandstorm|[upkeep]
|-damage|p1a: Buzzwole|340\/418|[from] Sandstorm
|-heal|p1a: Buzzwole|366\/418|[from] item: Leftovers
|upkeep
|turn|6
|choice|*|*move 3 zmove
|choice|*move 1|*
|choice|move substitute|move earthquake zmove
|
|-zpower|p2a: Excadrill
|move|p2a: Excadrill|Tectonic Rage|p1a: Buzzwole|[zeffect]
|-resisted|p1a: Buzzwole
|-damage|p1a: Buzzwole|99\/418
|move|p1a: Buzzwole|Substitute|p1a: Buzzwole
|-fail|p1a: Buzzwole|move: Substitute|[weak]
|
|-weather|Sandstorm|[upkeep]
|-damage|p1a: Buzzwole|73\/418|[from] Sandstorm
|-heal|p1a: Buzzwole|99\/418|[from] item: Leftovers
|upkeep
|turn|7
|choice|*move 3|*
|choice|*|*move 4
|choice|*move 3|*
|choice|move leechlife|move rockslide
|
|move|p2a: Excadrill|Rock Slide|p1a: Buzzwole
|-damage|p1a: Buzzwole|0 fnt
|faint|p1a: Buzzwole
|
|-weather|Sandstorm|[upkeep]
|upkeep
|choice|*switch 6|*
|choice|switch 6|
|
|switch|p1a: Hawlucha|Hawlucha, M, shiny|297\/297
|-damage|p1a: Hawlucha|260\/297|[from] Stealth Rock
|turn|8
|choice|*move 4|*
|choice|*|*move 4
|choice|move skyattack|move rockslide
|
|move|p2a: Excadrill|Rock Slide|p1a: Hawlucha
|-damage|p1a: Hawlucha|35\/297
|move|p1a: Hawlucha|Sky Attack|p2a: Excadrill|[still]
|-prepare|p1a: Hawlucha|Sky Attack|p2a: Excadrill
|-enditem|p1a: Hawlucha|Power Herb
|-anim|p1a: Hawlucha|Sky Attack|p2a: Excadrill
|-resisted|p2a: Excadrill
|-damage|p2a: Excadrill|210\/361
|
|-weather|none
|upkeep
|turn|9
|choice|*move 1|*
|choice|*|*switch 6
|choice|move drainpunch|switch 6
|
|switch|p2a: Hippowdon|Hippowdon, F|357\/357 slp
|-weather|Sandstorm|[from] ability: Sand Stream|[of] p2a: Hippowdon
|move|p1a: Hawlucha|Drain Punch|p2a: Hippowdon
|-damage|p2a: Hippowdon|278\/357 slp
|-heal|p1a: Hawlucha|75\/297|[from] drain|[of] p2a: Hippowdon
|
|-weather|Sandstorm|[upkeep]
|-damage|p1a: Hawlucha|57\/297|[from] Sandstorm
|upkeep
|turn|10
|choice|*move 3|*
|choice|*|*move 4
|choice|move swordsdance|move icefang
|
|move|p1a: Hawlucha|Swords Dance|p1a: Hawlucha
|-boost|p1a: Hawlucha|atk|2
|cant|p2a: Hippowdon|slp
|
|-weather|Sandstorm|[upkeep]
|-damage|p1a: Hawlucha|39\/297|[from] Sandstorm
|upkeep
|turn|11
|choice|*|*move 4
|choice|*move 3|*
|choice|move swordsdance|move icefang
|
|move|p1a: Hawlucha|Swords Dance|p1a: Hawlucha
|-boost|p1a: Hawlucha|atk|2
|cant|p2a: Hippowdon|slp
|
|-weather|Sandstorm|[upkeep]
|-damage|p1a: Hawlucha|21\/297|[from] Sandstorm
|upkeep
|turn|12
|choice|*move 1|*
|choice|*|*move 4
|choice|move drainpunch|move icefang
|
|move|p1a: Hawlucha|Drain Punch|p2a: Hippowdon
|-damage|p2a: Hippowdon|62\/357 slp
|-heal|p1a: Hawlucha|129\/297|[from] drain|[of] p2a: Hippowdon
|cant|p2a: Hippowdon|slp
|
|-weather|Sandstorm|[upkeep]
|-damage|p1a: Hawlucha|111\/297|[from] Sandstorm
|upkeep
|turn|13
|choice|*move 3|*
|choice|*|*move 4
|choice|move swordsdance|move icefang
|
|move|p1a: Hawlucha|Swords Dance|p1a: Hawlucha
|-boost|p1a: Hawlucha|atk|2
|-curestatus|p2a: Hippowdon|slp|[msg]
|move|p2a: Hippowdon|Ice Fang|p1a: Hawlucha
|-supereffective|p1a: Hawlucha
|-damage|p1a: Hawlucha|0 fnt
|faint|p1a: Hawlucha
|
|-weather|Sandstorm|[upkeep]
|upkeep
|choice|*switch 2|*
|choice|switch 2|
|
|switch|p1a: Gallade|Gallade-Mega, M, shiny|243\/277
|-damage|p1a: Gallade|226\/277|[from] Stealth Rock
|turn|14
|choice|*move 2|*
|choice|*|*switch 5
|choice|move zenheadbutt|switch 5
|
|switch|p2a: Magearna|Magearna|301\/301
|move|p1a: Gallade|Zen Headbutt|p2a: Magearna
|-resisted|p2a: Magearna
|-damage|p2a: Magearna|221\/301
|
|-weather|Sandstorm|[upkeep]
|-damage|p1a: Gallade|209\/277|[from] Sandstorm
|upkeep
|turn|15
|choice|*move 1|*
|choice|*|*move 2
|choice|move closecombat|move fleurcannon
|
|move|p1a: Gallade|Close Combat|p2a: Magearna
|-damage|p2a: Magearna|0 fnt
|-unboost|p1a: Gallade|def|1
|-unboost|p1a: Gallade|spd|1
|faint|p2a: Magearna
|
|-weather|Sandstorm|[upkeep]
|-damage|p1a: Gallade|192\/277|[from] Sandstorm
|upkeep
|choice|*|*switch 6
|choice||switch 6
|
|switch|p2a: Excadrill|Excadrill, M|210\/361
|turn|16
|choice|*move 3|*
|choice|*|*move 3
|choice|*move 3|*
|choice|move shadowsneak|move earthquake
|
|move|p1a: Gallade|Shadow Sneak|p2a: Excadrill
|-damage|p2a: Excadrill|119\/361
|move|p2a: Excadrill|Earthquake|p1a: Gallade
|-damage|p1a: Gallade|0 fnt
|faint|p1a: Gallade
|
|-weather|none
|upkeep
|choice|*switch 5|*
|choice|switch 5|
|
|switch|p1a: Toxicroak|Toxicroak, F, shiny|307\/307
|-damage|p1a: Toxicroak|288\/307|[from] Stealth Rock
|-ability|p1a: Toxicroak|Anticipation
|turn|17
|choice|*|*switch 5
|choice|*move 3|*
|choice|move fakeout|switch 5
|
|switch|p2a: Hippowdon|Hippowdon, F|62\/357
|-weather|Sandstorm|[from] ability: Sand Stream|[of] p2a: Hippowdon
|move|p1a: Toxicroak|Fake Out|p2a: Hippowdon
|-damage|p2a: Hippowdon|27\/357
|-damage|p1a: Toxicroak|258\/307|[from] item: Life Orb
|
|-weather|Sandstorm|[upkeep]
|-damage|p1a: Toxicroak|239\/307|[from] Sandstorm
|upkeep
|turn|18
|choice|*move 1|*
|choice|*|*move 4
|choice|move poisonjab|move icefang
|
|move|p1a: Toxicroak|Poison Jab|p2a: Hippowdon
|-resisted|p2a: Hippowdon
|-damage|p2a: Hippowdon|0 fnt
|-damage|p1a: Toxicroak|209\/307|[from] item: Life Orb
|faint|p2a: Hippowdon
|
|-weather|Sandstorm|[upkeep]
|-damage|p1a: Toxicroak|190\/307|[from] Sandstorm
|upkeep
|choice|*|*switch 5
|choice||switch 5
|
|switch|p2a: Excadrill|Excadrill, M|119\/361
|turn|19
|choice|*|*move 3
|choice|*move 4|*
|choice|move crosschop|move earthquake
|
|move|p2a: Excadrill|Earthquake|p1a: Toxicroak
|-supereffective|p1a: Toxicroak
|-damage|p1a: Toxicroak|0 fnt
|faint|p1a: Toxicroak
|
|-weather|Sandstorm|[upkeep]
|upkeep
|choice|*switch 3|*
|choice|switch 3|
|
|switch|p1a: Kommo-o|Kommo-o, M|354\/354
|-damage|p1a: Kommo-o|332\/354|[from] Stealth Rock
|turn|20
|choice|*move 1 zmove|*
|choice|*|*move 3
|choice|move clangingscales zmove|move earthquake
|
|move|p2a: Excadrill|Earthquake|p1a: Kommo-o
|-damage|p1a: Kommo-o|173\/354
|-zpower|p1a: Kommo-o
|move|p1a: Kommo-o|Clangorous Soulblaze|p2a: Excadrill|[zeffect]
|-resisted|p2a: Excadrill
|-damage|p2a: Excadrill|0 fnt
|-boost|p1a: Kommo-o|atk|1
|-boost|p1a: Kommo-o|def|1
|-boost|p1a: Kommo-o|spa|1
|-boost|p1a: Kommo-o|spd|1
|-boost|p1a: Kommo-o|spe|1
|faint|p2a: Excadrill
|
|-weather|Sandstorm|[upkeep]
|-damage|p1a: Kommo-o|151\/354|[from] Sandstorm
|upkeep
|choice|*|*switch 2
|choice||switch 2
|
|switch|p2a: Diancie|Diancie|241\/241
|turn|21
|choice|*|*move 1
|choice|*move 3|*
|choice|move earthquake|move trickroom
|
|move|p1a: Kommo-o|Earthquake|p2a: Diancie
|-supereffective|p2a: Diancie
|-damage|p2a: Diancie|27\/241
|move|p2a: Diancie|Trick Room|p2a: Diancie
|-fieldstart|move: Trick Room|[of] p2a: Diancie
|
|-weather|Sandstorm|[upkeep]
|-damage|p1a: Kommo-o|129\/354|[from] Sandstorm
|-heal|p2a: Diancie|42\/241|[from] item: Leftovers
|upkeep
|turn|22
|choice|*move 3|*
|choice|*|*move 2
|choice|move earthquake|move moonblast
|
|move|p2a: Diancie|Moonblast|p1a: Kommo-o
|-supereffective|p1a: Kommo-o
|-damage|p1a: Kommo-o|0 fnt
|faint|p1a: Kommo-o
|
|win|Karelmx
Karelmx ha ganado 8 PokeDolares.
|raw|Puntaje de Quickis: 1163 &rarr; <strong>1142<\/strong><br \/>(-21 por perder)
|raw|Puntaje de Karelmx: 1175 &rarr; <strong>1202<\/strong><br \/>(+27 por ganar)
</script>
</div>
<div class="battle-log battle-log-inline"><div class="inner"><div class="battle-options"></div><div class="inner"><div class=""><small>Format:</small> <br><strong>OU</strong></div><div class="rated"><strong>Rated battle</strong></div><div class=""><small><em>Cláusula-Mod de Dormir:</em> solo puedes dormir a uno de tus oponentes a la vez.</small></div><div class=""><small><em>Cláusula de Especie:</em> Hasta un Pokémon de cada especie</small></div><div class=""><small><em>Cláusula de Golpe Fulminante:</em> los movimientos fulminantes (OHKO) estan prohibidos</small></div><div class=""><small><em>Cláusula de Veleta:</em> la habilidad Veleta está prohibida</small></div><div class=""><small><em>Cláusula de Movimientos Evasivos:</em> los movimientos de Evasión están prohibidos.</small></div><div class=""><small><em>Cláusula de Batallas Eternas:</em> forzar batallas eternas está prohibido</small></div><div class="chat battle-history"><strong>Quickis's team:</strong> <em style="color:#445566;display:block;">Gallade / Buzzwole / Kommo-o / Breloom / Toxicroak / Hawlucha</em></div><div class="chat battle-history"><strong>Karelmx's team:</strong> <em style="color:#445566;display:block;">Tyranitar / Diancie / Excadrill / Hippowdon / Magearna / Heatran</em></div><div class="spacer battle-history"><br></div><div class="battle-history">Battle started between Quickis and Karelmx!<br></div><div class="spacer battle-history"><br></div><div class="battle-history">Go! <strong>Breloom</strong>!<br></div><div class="spacer battle-history"><br></div><div class="battle-history">Karelmx sent out <strong>Hippowdon</strong>!<br></div><div class="battle-history"><small>[The opposing Hippowdon's Sand Stream]</small><br><small>A sandstorm kicked up!</small><br></div><div class="spacer battle-history"><br></div><h2 class="battle-history">Turn 1</h2><div class="spacer battle-history"><br></div><div class="battle-history">The opposing Hippowdon used <strong>Stealth Rock</strong>!<br></div><div class="battle-history"><small>Pointed stones float in the air around your team!</small><br></div><div class="spacer battle-history"><br></div><div class="battle-history">Breloom used <strong>Spore</strong>!<br></div><div class="battle-history"><small>The opposing Hippowdon fell asleep!</small><br></div><div class="spacer battle-history"><br></div><div class="battle-history"><small>The sandstorm is raging.</small><br></div><div class="battle-history"><small>Breloom is buffeted by the sandstorm!</small><br></div><div class="spacer battle-history"><br></div><h2 class="battle-history">Turn 2</h2><div class="spacer battle-history"><br></div><div class="battle-history">Karelmx withdrew Hippowdon!<br></div><div class="battle-history">Karelmx sent out <strong>Heatran</strong>!<br></div><div class="spacer battle-history"><br></div><div class="battle-history">Breloom used <strong>Bullet Seed</strong>!<br></div><div class="battle-history"><small>It's not very effective...</small><br></div><div class="battle-history"><small>(The opposing Heatran lost <abbr title="−13/323">4.0%</abbr> of its health!)</small><br></div><div class="battle-history"><small>It's not very effective...</small><br></div><div class="battle-history"><small>(The opposing Heatran lost <abbr title="−13/323">4.0%</abbr> of its health!)</small><br></div><div class="battle-history"><small>It's not very effective...</small><br></div><div class="battle-history"><small>(The opposing Heatran lost <abbr title="−14/323">4.3%</abbr> of its health!)</small><br></div><div class="battle-history"><small>Hit 3 times!</small><br></div><div class="spacer battle-history"><br></div><div class="battle-history"><small>The sandstorm is raging.</small><br></div><div class="battle-history"><small>Breloom is buffeted by the sandstorm!</small><br></div><div class="battle-history"><small>The opposing Heatran restored a little HP using its Leftovers!</small><br></div><div class="spacer battle-history"><br></div><h2 class="battle-history">Turn 3</h2><div class="spacer battle-history"><br></div><div class="battle-history">The opposing Heatran used <strong>Magma Storm</strong>!<br></div><div class="battle-history"><small>It's super effective!</small><br></div><div class="battle-history"><small>(Breloom lost <abbr title="−284/324">87.7%</abbr> of its health!)</small><br></div><div class="spacer battle-history"><br></div><div class="battle-history">Breloom fainted!<br></div><div class="spacer battle-history"><br></div><div class="battle-history"><small>The sandstorm is raging.</small><br></div><div class="battle-history"><small>The opposing Heatran restored a little HP using its Leftovers!</small><br></div><div class="spacer battle-history"><br></div><div class="battle-history">Go! <strong>Gallade</strong>!<br></div><div class="battle-history"><small>Pointed stones dug into Gallade!</small><br></div><div class="spacer battle-history"><br></div><h2 class="battle-history">Turn 4</h2><div class="spacer battle-history"><br></div><div class="battle-history"><small>Gallade's Galladite is reacting to the Key Stone!</small><br>Gallade has Mega Evolved into Mega Gallade!<br></div><div class="spacer battle-history"><br></div><div class="battle-history">Gallade used <strong>Close Combat</strong>!<br></div><div class="battle-history"><small>It's super effective!</small><br></div><div class="battle-history"><small>(The opposing Heatran lost <abbr title="−323/323">100%</abbr> of its health!)</small><br></div><div class="battle-history"><small>Gallade's Defense fell!</small><br></div><div class="battle-history"><small>Gallade's Special Defense fell!</small><br></div><div class="spacer battle-history"><br></div><div class="battle-history">The opposing Heatran fainted!<br></div><div class="spacer battle-history"><br></div><div class="battle-history"><small>The sandstorm is raging.</small><br></div><div class="battle-history"><small>Gallade is buffeted by the sandstorm!</small><br></div><div class="spacer battle-history"><br></div><div class="battle-history">Karelmx sent out <strong>Excadrill</strong>!<br></div><div class="spacer battle-history"><br></div><h2 class="battle-history">Turn 5</h2><div class="spacer battle-history"><br></div><div class="battle-history">Gallade, come back!<br></div><div class="battle-history">Go! <strong>Buzzwole</strong>!<br></div><div class="battle-history"><small>Pointed stones dug into Buzzwole!</small><br></div><div class="spacer battle-history"><br></div><div class="battle-history">The opposing Excadrill used <strong>Swords Dance</strong>!<br></div><div class="battle-history"><small>The opposing Excadrill's Attack rose sharply!</small><br></div><div class="spacer battle-history"><br></div><div class="battle-history"><small>The sandstorm is raging.</small><br></div><div class="battle-history"><small>Buzzwole is buffeted by the sandstorm!</small><br></div><div class="battle-history"><small>Buzzwole restored a little HP using its Leftovers!</small><br></div><div class="spacer battle-history"><br></div><h2 class="battle-history">Turn 6</h2><div class="spacer battle-history"><br></div><div class="battle-history"><small>The opposing Excadrill surrounded itself with its Z-Power!</small><br></div><div class="spacer battle-history"><br></div><div class="battle-history">The opposing Excadrill used <strong>Tectonic Rage</strong>!<br></div><div class="battle-history"><small>It's not very effective...</small><br></div><div class="battle-history"><small>(Buzzwole lost <abbr title="−267/418">63.9%</abbr> of its health!)</small><br></div><div class="spacer battle-history"><br></div><div class="battle-history">Buzzwole used <strong>Substitute</strong>!<br></div><div class="battle-history"><small>But it does not have enough HP left to make a substitute!</small><br></div><div class="spacer battle-history"><br></div><div class="battle-history"><small>The sandstorm is raging.</small><br></div><div class="battle-history"><small>Buzzwole is buffeted by the sandstorm!</small><br></div><div class="battle-history"><small>Buzzwole restored a little HP using its Leftovers!</small><br></div><div class="spacer battle-history"><br></div><h2 class="battle-history">Turn 7</h2><div class="spacer battle-history"><br></div><div class="battle-history">The opposing Excadrill used <strong>Rock Slide</strong>!<br></div><div class="battle-history"><small>(Buzzwole lost <abbr title="−99/418">23.7%</abbr> of its health!)</small><br></div><div class="spacer battle-history"><br></div><div class="battle-history">Buzzwole fainted!<br></div><div class="spacer battle-history"><br></div><div class="battle-history"><small>The sandstorm is raging.</small><br></div><div class="spacer battle-history"><br></div><div class="battle-history">Go! <strong>Hawlucha</strong>!<br></div><div class="battle-history"><small>Pointed stones dug into Hawlucha!</small><br></div><div class="spacer battle-history"><br></div><h2 class="battle-history">Turn 8</h2><div class="spacer battle-history"><br></div><div class="battle-history">The opposing Excadrill used <strong>Rock Slide</strong>!<br></div><div class="battle-history"><small>(Hawlucha lost <abbr title="−225/297">75.8%</abbr> of its health!)</small><br></div><div class="spacer battle-history"><br></div><div class="battle-history">Hawlucha used <strong>Sky Attack</strong>!<br></div><div class="battle-history">Hawlucha became cloaked in a harsh light!<br></div><div class="battle-history"><small>Hawlucha became fully charged due to its Power Herb!</small><br></div><div class="battle-history"><small>It's not very effective...</small><br></div><div class="battle-history"><small>(The opposing Excadrill lost <abbr title="−151/361">41.8%</abbr> of its health!)</small><br></div><div class="spacer battle-history"><br></div><div class="battle-history"><small>The sandstorm subsided.</small><br></div><div class="spacer battle-history"><br></div><h2 class="battle-history">Turn 9</h2><div class="spacer battle-history"><br></div><div class="battle-history">Karelmx withdrew Excadrill!<br></div><div class="battle-history">Karelmx sent out <strong>Hippowdon</strong>!<br></div><div class="battle-history"><small>[The opposing Hippowdon's Sand Stream]</small><br><small>A sandstorm kicked up!</small><br></div><div class="spacer battle-history"><br></div><div class="battle-history">Hawlucha used <strong>Drain Punch</strong>!<br></div><div class="battle-history"><small>(The opposing Hippowdon lost <abbr title="−79/357">22.1%</abbr> of its health!)</small><br></div><div class="battle-history"><small>The opposing Hippowdon had its energy drained!</small><br></div><div class="spacer battle-history"><br></div><div class="battle-history"><small>The sandstorm is raging.</small><br></div><div class="battle-history"><small>Hawlucha is buffeted by the sandstorm!</small><br></div><div class="spacer battle-history"><br></div><h2 class="battle-history">Turn 10</h2><div class="spacer battle-history"><br></div><div class="battle-history">Hawlucha used <strong>Swords Dance</strong>!<br></div><div class="battle-history"><small>Hawlucha's Attack rose sharply!</small><br></div><div class="spacer battle-history"><br></div><div class="battle-history">The opposing Hippowdon is fast asleep.<br></div><div class="spacer battle-history"><br></div><div class="battle-history"><small>The sandstorm is raging.</small><br></div><div class="battle-history"><small>Hawlucha is buffeted by the sandstorm!</small><br></div><div class="spacer battle-history"><br></div><h2 class="battle-history">Turn 11</h2><div class="spacer battle-history"><br></div><div class="battle-history">Hawlucha used <strong>Swords Dance</strong>!<br></div><div class="battle-history"><small>Hawlucha's Attack rose sharply!</small><br></div><div class="spacer battle-history"><br></div><div class="battle-history">The opposing Hippowdon is fast asleep.<br></div><div class="spacer battle-history"><br></div><div class="battle-history"><small>The sandstorm is raging.</small><br></div><div class="battle-history"><small>Hawlucha is buffeted by the sandstorm!</small><br></div><div class="spacer battle-history"><br></div><h2 class="battle-history">Turn 12</h2><div class="spacer battle-history"><br></div><div class="battle-history">Hawlucha used <strong>Drain Punch</strong>!<br></div><div class="battle-history"><small>(The opposing Hippowdon lost <abbr title="−216/357">60.5%</abbr> of its health!)</small><br></div><div class="battle-history"><small>The opposing Hippowdon had its energy drained!</small><br></div><div class="spacer battle-history"><br></div><div class="battle-history">The opposing Hippowdon is fast asleep.<br></div><div class="spacer battle-history"><br></div><div class="battle-history"><small>The sandstorm is raging.</small><br></div><div class="battle-history"><small>Hawlucha is buffeted by the sandstorm!</small><br></div><div class="spacer battle-history"><br></div><h2 class="battle-history">Turn 13</h2><div class="spacer battle-history"><br></div><div class="battle-history">Hawlucha used <strong>Swords Dance</strong>!<br></div><div class="battle-history"><small>Hawlucha's Attack rose sharply!</small><br></div><div class="battle-history"><small>The opposing Hippowdon woke up!</small><br></div><div class="spacer battle-history"><br></div><div class="battle-history">The opposing Hippowdon used <strong>Ice Fang</strong>!<br></div><div class="battle-history"><small>It's super effective!</small><br></div><div class="battle-history"><small>(Hawlucha lost <abbr title="−111/297">37.4%</abbr> of its health!)</small><br></div><div class="spacer battle-history"><br></div><div class="battle-history">Hawlucha fainted!<br></div><div class="spacer battle-history"><br></div><div class="battle-history"><small>The sandstorm is raging.</small><br></div><div class="spacer battle-history"><br></div><div class="battle-history">Go! Gallade (<strong>Gallade-Mega</strong>)!<br></div><div class="battle-history"><small>Pointed stones dug into Gallade!</small><br></div><div class="spacer battle-history"><br></div><h2 class="battle-history">Turn 14</h2><div class="spacer battle-history"><br></div><div class="battle-history">Karelmx withdrew Hippowdon!<br></div><div class="battle-history">Karelmx sent out <strong>Magearna</strong>!<br></div><div class="spacer battle-history"><br></div><div class="battle-history">Gallade used <strong>Zen Headbutt</strong>!<br></div><div class="battle-history"><small>It's not very effective...</small><br></div><div class="battle-history"><small>(The opposing Magearna lost <abbr title="−80/301">26.6%</abbr> of its health!)</small><br></div><div class="spacer battle-history"><br></div><div class="battle-history"><small>The sandstorm is raging.</small><br></div><div class="battle-history"><small>Gallade is buffeted by the sandstorm!</small><br></div><div class="spacer battle-history"><br></div><h2 class="battle-history">Turn 15</h2><div class="spacer battle-history"><br></div><div class="battle-history">Gallade used <strong>Close Combat</strong>!<br></div><div class="battle-history"><small>(The opposing Magearna lost <abbr title="−221/301">73.4%</abbr> of its health!)</small><br></div><div class="battle-history"><small>Gallade's Defense fell!</small><br></div><div class="battle-history"><small>Gallade's Special Defense fell!</small><br></div><div class="spacer battle-history"><br></div><div class="battle-history">The opposing Magearna fainted!<br></div><div class="spacer battle-history"><br></div><div class="battle-history"><small>The sandstorm is raging.</small><br></div><div class="battle-history"><small>Gallade is buffeted by the sandstorm!</small><br></div><div class="spacer battle-history"><br></div><div class="battle-history">Karelmx sent out <strong>Excadrill</strong>!<br></div><div class="spacer battle-history"><br></div><h2 class="battle-history">Turn 16</h2><div class="spacer battle-history"><br></div><div class="battle-history">Gallade used <strong>Shadow Sneak</strong>!<br></div><div class="battle-history"><small>(The opposing Excadrill lost <abbr title="−91/361">25.2%</abbr> of its health!)</small><br></div><div class="spacer battle-history"><br></div><div class="battle-history">The opposing Excadrill used <strong>Earthquake</strong>!<br></div><div class="battle-history"><small>(Gallade lost <abbr title="−192/277">69.3%</abbr> of its health!)</small><br></div><div class="spacer battle-history"><br></div><div class="battle-history">Gallade fainted!<br></div><div class="spacer battle-history"><br></div><div class="battle-history"><small>The sandstorm subsided.</small><br></div><div class="spacer battle-history"><br></div><div class="battle-history">Go! <strong>Toxicroak</strong>!<br></div><div class="battle-history"><small>Pointed stones dug into Toxicroak!</small><br></div><div class="battle-history"><small>[Toxicroak's Anticipation]</small><br><small>Toxicroak shuddered!</small><br></div><div class="spacer battle-history"><br></div><h2 class="battle-history">Turn 17</h2><div class="spacer battle-history"><br></div><div class="battle-history">Karelmx withdrew Excadrill!<br></div><div class="battle-history">Karelmx sent out <strong>Hippowdon</strong>!<br></div><div class="battle-history"><small>[The opposing Hippowdon's Sand Stream]</small><br><small>A sandstorm kicked up!</small><br></div><div class="spacer battle-history"><br></div><div class="battle-history">Toxicroak used <strong>Fake Out</strong>!<br></div><div class="battle-history"><small>(The opposing Hippowdon lost <abbr title="−35/357">9.8%</abbr> of its health!)</small><br></div><div class="battle-history"><small>Toxicroak lost some of its HP!</small><br></div><div class="spacer battle-history"><br></div><div class="battle-history"><small>The sandstorm is raging.</small><br></div><div class="battle-history"><small>Toxicroak is buffeted by the sandstorm!</small><br></div><div class="spacer battle-history"><br></div><h2 class="battle-history">Turn 18</h2><div class="spacer battle-history"><br></div><div class="battle-history">Toxicroak used <strong>Poison Jab</strong>!<br></div><div class="battle-history"><small>It's not very effective...</small><br></div><div class="battle-history"><small>(The opposing Hippowdon lost <abbr title="−27/357">7.6%</abbr> of its health!)</small><br></div><div class="battle-history"><small>Toxicroak lost some of its HP!</small><br></div><div class="spacer battle-history"><br></div><div class="battle-history">The opposing Hippowdon fainted!<br></div><div class="spacer battle-history"><br></div><div class="battle-history"><small>The sandstorm is raging.</small><br></div><div class="battle-history"><small>Toxicroak is buffeted by the sandstorm!</small><br></div><div class="spacer battle-history"><br></div><div class="battle-history">Karelmx sent out <strong>Excadrill</strong>!<br></div><div class="spacer battle-history"><br></div><h2 class="battle-history">Turn 19</h2><div class="spacer battle-history"><br></div><div class="battle-history">The opposing Excadrill used <strong>Earthquake</strong>!<br></div><div class="battle-history"><small>It's super effective!</small><br></div><div class="battle-history"><small>(Toxicroak lost <abbr title="−190/307">61.9%</abbr> of its health!)</small><br></div><div class="spacer battle-history"><br></div><div class="battle-history">Toxicroak fainted!<br></div><div class="spacer battle-history"><br></div><div class="battle-history"><small>The sandstorm is raging.</small><br></div><div class="spacer battle-history"><br></div><div class="battle-history">Go! <strong>Kommo-o</strong>!<br></div><div class="battle-history"><small>Pointed stones dug into Kommo-o!</small><br></div><div class="spacer battle-history"><br></div><h2 class="battle-history">Turn 20</h2><div class="spacer battle-history"><br></div><div class="battle-history">The opposing Excadrill used <strong>Earthquake</strong>!<br></div><div class="battle-history"><small>(Kommo-o lost <abbr title="−159/354">44.9%</abbr> of its health!)</small><br></div><div class="battle-history"><small>Kommo-o surrounded itself with its Z-Power!</small><br></div><div class="spacer battle-history"><br></div><div class="battle-history">Kommo-o used <strong>Clangorous Soulblaze</strong>!<br></div><div class="battle-history"><small>It's not very effective...</small><br></div><div class="battle-history"><small>(The opposing Excadrill lost <abbr title="−119/361">33.0%</abbr> of its health!)</small><br></div><div class="battle-history"><small>Kommo-o's Attack rose!</small><br></div><div class="battle-history"><small>Kommo-o's Defense rose!</small><br></div><div class="battle-history"><small>Kommo-o's Special Attack rose!</small><br></div><div class="battle-history"><small>Kommo-o's Special Defense rose!</small><br></div><div class="battle-history"><small>Kommo-o's Speed rose!</small><br></div><div class="spacer battle-history"><br></div><div class="battle-history">The opposing Excadrill fainted!<br></div><div class="spacer battle-history"><br></div><div class="battle-history"><small>The sandstorm is raging.</small><br></div><div class="battle-history"><small>Kommo-o is buffeted by the sandstorm!</small><br></div><div class="spacer battle-history"><br></div><div class="battle-history">Karelmx sent out <strong>Diancie</strong>!<br></div><div class="spacer battle-history"><br></div><h2 class="battle-history">Turn 21</h2><div class="spacer battle-history"><br></div><div class="battle-history">Kommo-o used <strong>Earthquake</strong>!<br></div><div class="battle-history"><small>It's super effective!</small><br></div><div class="battle-history"><small>(The opposing Diancie lost <abbr title="−214/241">88.8%</abbr> of its health!)</small><br></div><div class="spacer battle-history"><br></div><div class="battle-history">The opposing Diancie used <strong>Trick Room</strong>!<br></div><div class="battle-history"><small>The opposing Diancie twisted the dimensions!</small><br></div><div class="spacer battle-history"><br></div><div class="battle-history"><small>The sandstorm is raging.</small><br></div><div class="battle-history"><small>Kommo-o is buffeted by the sandstorm!</small><br></div><div class="battle-history"><small>The opposing Diancie restored a little HP using its Leftovers!</small><br></div><div class="spacer battle-history"><br></div><h2 class="battle-history">Turn 22</h2><div class="spacer battle-history"><br></div><div class="battle-history">The opposing Diancie used <strong>Moonblast</strong>!<br></div><div class="battle-history"><small>It's super effective!</small><br></div><div class="battle-history"><small>(Kommo-o lost <abbr title="−129/354">36.4%</abbr> of its health!)</small><br></div><div class="spacer battle-history"><br></div><div class="battle-history">Kommo-o fainted!<br></div><div class="spacer battle-history"><br></div><div class="battle-history"><strong>Karelmx</strong> won the battle!<br></div><div class="chat">Karelmx ha ganado 8 PokeDolares.</div><div class="chat">Puntaje de Quickis: 1163 → <strong>1142</strong><br>(-21 por perder)</div><div class="chat">Puntaje de Karelmx: 1175 → <strong>1202</strong><br>(+27 por ganar)</div></div><div class="inner-preempt"></div></div></div>
</div>
<script>
let daily = Math.floor(Date.now()/1000/60/60/24);document.write('<script src="https://play.pokemonshowdown.com/js/replay-embed.js?version'+daily+'"></'+'script>');
</script>
