<!DOCTYPE html>
<meta charset="utf-8" />
<!-- version 1 -->
<title>OU replay: ElTioDeJohan vs. xxxjossxxx</title>
<style>
html,body {font-family:Verdana, sans-serif;font-size:10pt;margin:0;padding:0;}body{padding:12px 0;} .battle-log {font-family:Verdana, sans-serif;font-size:10pt;} .battle-log-inline {border:1px solid #AAAAAA;background:#EEF2F5;color:black;max-width:640px;margin:0 auto 80px;padding-bottom:5px;} .battle-log .inner {padding:4px 8px 0px 8px;} .battle-log .inner-preempt {padding:0 8px 4px 8px;} .battle-log .inner-after {margin-top:0.5em;} .battle-log h2 {margin:0.5em -8px;padding:4px 8px;border:1px solid #AAAAAA;background:#E0E7EA;border-left:0;border-right:0;font-family:Verdana, sans-serif;font-size:13pt;} .battle-log .chat {vertical-align:middle;padding:3px 0 3px 0;font-size:8pt;} .battle-log .chat strong {color:#40576A;} .battle-log .chat em {padding:1px 4px 1px 3px;color:#000000;font-style:normal;} .chat.mine {background:rgba(0,0,0,0.05);margin-left:-8px;margin-right:-8px;padding-left:8px;padding-right:8px;} .spoiler {color:#BBBBBB;background:#BBBBBB;padding:0px 3px;} .spoiler:hover, .spoiler:active, .spoiler-shown {color:#000000;background:#E2E2E2;padding:0px 3px;} .spoiler a {color:#BBBBBB;} .spoiler:hover a, .spoiler:active a, .spoiler-shown a {color:#2288CC;} .chat code, .chat .spoiler:hover code, .chat .spoiler:active code, .chat .spoiler-shown code {border:1px solid #C0C0C0;background:#EEEEEE;color:black;padding:0 2px;} .chat .spoiler code {border:1px solid #CCCCCC;background:#CCCCCC;color:#CCCCCC;} .battle-log .rated {padding:3px 4px;} .battle-log .rated strong {color:white;background:#89A;padding:1px 4px;border-radius:4px;} .spacer {margin-top:0.5em;} .message-announce {background:#6688AA;color:white;padding:1px 4px 2px;} .message-announce a, .broadcast-green a, .broadcast-blue a, .broadcast-red a {color:#DDEEFF;} .broadcast-green {background-color:#559955;color:white;padding:2px 4px;} .broadcast-blue {background-color:#6688AA;color:white;padding:2px 4px;} .infobox {border:1px solid #6688AA;padding:2px 4px;} .infobox-limited {max-height:200px;overflow:auto;overflow-x:hidden;} .broadcast-red {background-color:#AA5544;color:white;padding:2px 4px;} .message-learn-canlearn {font-weight:bold;color:#228822;text-decoration:underline;} .message-learn-cannotlearn {font-weight:bold;color:#CC2222;text-decoration:underline;} .message-effect-weak {font-weight:bold;color:#CC2222;} .message-effect-resist {font-weight:bold;color:#6688AA;} .message-effect-immune {font-weight:bold;color:#666666;} .message-learn-list {margin-top:0;margin-bottom:0;} .message-throttle-notice, .message-error {color:#992222;} .message-overflow, .chat small.message-overflow {font-size:0pt;} .message-overflow::before {font-size:9pt;content:'...';} .subtle {color:#3A4A66;}
</style>
<div class="wrapper replay-wrapper" style="max-width:1180px;margin:0 auto">
<input type="hidden" name="replayid" value="destiny-ou-547381" />
<div class="battle"></div><div class="battle-log"></div><div class="replay-controls"></div><div class="replay-controls-2"></div>
<h1 style="font-weight:normal;text-align:center"><strong>OU</strong><br /><a href="http://pokemonshowdown.com/users/eltiodejohan" class="subtle" target="_blank">ElTioDeJohan</a> vs. <a href="http://pokemonshowdown.com/users/xxxjossxxx" class="subtle" target="_blank">xxxjossxxx</a></h1>
<script type="text/plain" class="battle-log-data">|player|p1|ElTioDeJohan|eltiodejohan.gif?24d1248a
|teamsize|p1|6
|player|p2|xxxjossxxx|267
|teamsize|p2|6
|teamsize|p1|6
|teamsize|p2|6
|gametype|singles
|gen|7
|tier|OU
|rated
|seed|6802,32042,24418,15571
|rule|Cláusula-Mod de Dormir: solo puedes dormir a uno de tus oponentes a la vez.
|rule|Cláusula de Especie: Hasta un Pokémon de cada especie
|rule|Cláusula de Golpe Fulminante: los movimientos fulminantes (OHKO) estan prohibidos
|rule|Cláusula de Veleta: la habilidad Veleta está prohibida
|rule|Cláusula de Movimientos Evasivos: los movimientos de Evasión están prohibidos.
|rule|Cláusula de Batallas Eternas: forzar batallas eternas está prohibido
|clearpoke
|poke|p1|Zapdos|item
|poke|p1|Scizor, F|item
|poke|p1|Heatran, F|item
|poke|p1|Zygarde|item
|poke|p1|Tapu Bulu|item
|poke|p1|Clefable, F|item
|poke|p2|Greninja, M|item
|poke|p2|Kartana|item
|poke|p2|Mimikyu, F|item
|poke|p2|Tapu Koko|item
|poke|p2|Volcarona, M|item
|poke|p2|Gallade, M|item
|teampreview|undefined
|choice|*team 123456|*
|inactive|Reloj de batalla ENCENDIDO. El jugador inactivo será descalificado (solicitado por ElTioDeJohan).
|choice|*|*team 123456
|choice|team 1, 2, 3, 4, 5, 6|team 1, 2, 3, 4, 5, 6
|
|start
|switch|p1a: Zapdos|Zapdos|383\/383
|switch|p2a: Greninja|Greninja, M|285\/285
|turn|1
|choice|*move 1|*
|choice|*|*move 3
|choice|move voltswitch|move uturn
|
|move|p2a: Greninja|U-turn|p1a: Zapdos
|-resisted|p1a: Zapdos
|-damage|p1a: Zapdos|365\/383
|-status|p2a: Greninja|par|[from] ability: Static|[of] p1a: Zapdos
|-damage|p2a: Greninja|238\/285 par|[from] item: Rocky Helmet|[of] p1a: Zapdos
|choice|*|*switch 4
|choice||switch 4
|
|switch|p2a: Tapu Koko|Tapu Koko|281\/281|[from]move: U-turn
|-fieldstart|move: Electric Terrain|[from] ability: Electric Surge|[of] p2a: Tapu Koko
|move|p1a: Zapdos|Volt Switch|p2a: Tapu Koko
|-resisted|p2a: Tapu Koko
|-damage|p2a: Tapu Koko|220\/281
|choice|*switch 5|*
|choice|switch 5|
|
|switch|p1a: Tapu Bulu|Tapu Bulu|343\/343|[from]move: Volt Switch
|-fieldstart|move: Grassy Terrain|[from] ability: Grassy Surge|[of] p1a: Tapu Bulu
|
|-heal|p2a: Tapu Koko|237\/281|[from] Grassy Terrain
|upkeep
|turn|2
|choice|*|*move 1
|choice|*switch 5|*
|choice|switch 5|move voltswitch
|
|switch|p1a: Zapdos|Zapdos|365\/383
|move|p2a: Tapu Koko|Volt Switch|p1a: Zapdos
|-damage|p1a: Zapdos|203\/383
|inactive|xxxjossxxx tiene 135 segundos restantes.
|choice|*|*switch 4
|choice||switch 4
|
|switch|p2a: Greninja|Greninja, M|238\/285 par|[from]move: Volt Switch
|
|-heal|p2a: Greninja|255\/285 par|[from] Grassy Terrain
|upkeep
|turn|3
|choice|*|*move 2 zmove
|choice|*move 3|*
|choice|move roost|move darkpulse zmove
|
|move|p1a: Zapdos|Roost|p1a: Zapdos
|-heal|p1a: Zapdos|383\/383
|-zpower|p2a: Greninja
|move|p2a: Greninja|Black Hole Eclipse|p1a: Zapdos|[zeffect]
|-damage|p1a: Zapdos|112\/383
|
|-heal|p1a: Zapdos|135\/383|[from] Grassy Terrain
|-heal|p2a: Greninja|272\/285 par|[from] Grassy Terrain
|upkeep
|turn|4
|choice|*move 3|*
|choice|*|*switch 4
|choice|move roost|switch 4
|
|switch|p2a: Tapu Koko|Tapu Koko|237\/281
|-fieldstart|move: Electric Terrain|[from] ability: Electric Surge|[of] p2a: Tapu Koko
|move|p1a: Zapdos|Roost|p1a: Zapdos
|-heal|p1a: Zapdos|327\/383
|
|upkeep
|turn|5
|choice|*|*move 4
|choice|*switch 5|*
|choice|switch 5|move hiddenpower
|
|switch|p1a: Tapu Bulu|Tapu Bulu|343\/343
|-fieldstart|move: Grassy Terrain|[from] ability: Grassy Surge|[of] p1a: Tapu Bulu
|move|p2a: Tapu Koko|Hidden Power|p1a: Tapu Bulu
|-supereffective|p1a: Tapu Bulu
|-damage|p1a: Tapu Bulu|219\/343
|
|-heal|p2a: Tapu Koko|254\/281|[from] Grassy Terrain
|-heal|p1a: Tapu Bulu|240\/343|[from] Grassy Terrain
|upkeep
|turn|6
|choice|*switch 4|*
|choice|*|*switch 5
|choice|*move 2|*
|choice|move hornleech|switch 5
|
|switch|p2a: Volcarona|Volcarona, M|314\/314
|move|p1a: Tapu Bulu|Horn Leech|p2a: Volcarona
|-resisted|p2a: Volcarona
|-damage|p2a: Volcarona|259\/314
|-heal|p1a: Tapu Bulu|268\/343|[from] drain|[of] p2a: Volcarona
|-status|p1a: Tapu Bulu|brn|[from] ability: Flame Body|[of] p2a: Volcarona
|
|-heal|p2a: Volcarona|278\/314|[from] item: Leftovers
|-heal|p2a: Volcarona|297\/314|[from] Grassy Terrain
|-heal|p1a: Tapu Bulu|289\/343 brn|[from] Grassy Terrain
|-damage|p1a: Tapu Bulu|268\/343 brn|[from] brn
|upkeep
|turn|7
|choice|*switch 6|*
|choice|*|*move 1
|choice|switch 6|move quiverdance
|
|switch|p1a: Clefable|Clefable, F|394\/394
|move|p2a: Volcarona|Quiver Dance|p2a: Volcarona
|-boost|p2a: Volcarona|spa|1
|-boost|p2a: Volcarona|spd|1
|-boost|p2a: Volcarona|spe|1
|
|-heal|p2a: Volcarona|314\/314|[from] item: Leftovers
|upkeep
|turn|8
|choice|*|*move 3
|choice|*move 2|*
|choice|move flamethrower|move fierydance
|
|move|p2a: Volcarona|Fiery Dance|p1a: Clefable
|-damage|p1a: Clefable|222\/394
|-boost|p2a: Volcarona|spa|1
|move|p1a: Clefable|Flamethrower|p2a: Volcarona
|-damage|p2a: Volcarona|249\/314
|
|-heal|p2a: Volcarona|268\/314|[from] item: Leftovers
|-heal|p2a: Volcarona|287\/314|[from] Grassy Terrain
|-heal|p1a: Clefable|246\/394|[from] item: Leftovers
|-heal|p1a: Clefable|270\/394|[from] Grassy Terrain
|upkeep
|turn|9
|choice|*move 2|*
|choice|*|*move 4
|choice|move flamethrower|move psychic
|
|move|p2a: Volcarona|Psychic|p1a: Clefable
|-crit|p1a: Clefable
|-damage|p1a: Clefable|74\/394
|move|p1a: Clefable|Flamethrower|p2a: Volcarona
|-damage|p2a: Volcarona|230\/314
|
|-heal|p2a: Volcarona|249\/314|[from] item: Leftovers
|-heal|p2a: Volcarona|268\/314|[from] Grassy Terrain
|-heal|p1a: Clefable|98\/394|[from] item: Leftovers
|-heal|p1a: Clefable|122\/394|[from] Grassy Terrain
|-fieldend|move: Grassy Terrain
|upkeep
|turn|10
|c|☆ElTioDeJohan|nice
|choice|*move 3|*
|choice|*|*move 4
|choice|move wish|move psychic
|
|move|p2a: Volcarona|Psychic|p1a: Clefable
|-damage|p1a: Clefable|1\/394
|move|p1a: Clefable|Wish|p1a: Clefable
|
|-heal|p2a: Volcarona|287\/314|[from] item: Leftovers
|-heal|p1a: Clefable|25\/394|[from] item: Leftovers
|upkeep
|turn|11
|choice|*|*move 3
|choice|*move 4|*
|choice|move protect|move fierydance
|
|move|p1a: Clefable|Protect|p1a: Clefable
|-singleturn|p1a: Clefable|Protect
|move|p2a: Volcarona|Fiery Dance|p1a: Clefable
|-activate|p1a: Clefable|move: Protect
|
|-heal|p1a: Clefable|222\/394|[from] move: Wish|[wisher] Clefable
|-heal|p2a: Volcarona|306\/314|[from] item: Leftovers
|-heal|p1a: Clefable|246\/394|[from] item: Leftovers
|upkeep
|turn|12
|choice|*move 2|*
|choice|*|*move 3
|choice|move flamethrower|move fierydance
|
|move|p2a: Volcarona|Fiery Dance|p1a: Clefable
|-crit|p1a: Clefable
|-damage|p1a: Clefable|0 fnt
|-boost|p2a: Volcarona|spa|1
|faint|p1a: Clefable
|
|-heal|p2a: Volcarona|314\/314|[from] item: Leftovers
|upkeep
|inactive|ElTioDeJohan tiene 135 segundos restantes.
|choice|*switch 4|*
|choice|switch 4|
|
|switch|p1a: Zygarde|Zygarde|357\/357
|-ability|p1a: Zygarde|Aura Break
|turn|13
|choice|*move 1|*
|choice|*|*move 2
|choice|move thousandarrows|move bugbuzz
|
|move|p2a: Volcarona|Bug Buzz|p1a: Zygarde
|-damage|p1a: Zygarde|0 fnt
|faint|p1a: Zygarde
|
|upkeep
|choice|*switch 3|*
|choice|switch 3|
|
|switch|p1a: Heatran|Heatran, F|386\/386
|turn|14
|choice|*move 1|*
|choice|*|*move 2
|choice|move magmastorm|move bugbuzz
|
|move|p2a: Volcarona|Bug Buzz|p1a: Heatran
|-resisted|p1a: Heatran
|-damage|p1a: Heatran|280\/386
|-unboost|p1a: Heatran|spd|1
|move|p1a: Heatran|Magma Storm|p2a: Volcarona|[miss]
|-miss|p1a: Heatran|p2a: Volcarona
|
|-heal|p1a: Heatran|304\/386|[from] item: Leftovers
|upkeep
|turn|15
|choice|*move 1|*
|choice|*|*move 2
|choice|move magmastorm|move bugbuzz
|
|move|p2a: Volcarona|Bug Buzz|p1a: Heatran
|-resisted|p1a: Heatran
|-damage|p1a: Heatran|160\/386
|move|p1a: Heatran|Magma Storm|p2a: Volcarona
|-damage|p2a: Volcarona|230\/314
|-activate|p2a: Volcarona|move: Magma Storm|[of] p1a: Heatran
|
|-heal|p2a: Volcarona|249\/314|[from] item: Leftovers
|-heal|p1a: Heatran|184\/386|[from] item: Leftovers
|-damage|p2a: Volcarona|210\/314|[from] move: Magma Storm|[partiallytrapped]
|upkeep
|turn|16
|choice|*move 1|*
|choice|*|*move 2
|choice|move magmastorm|move bugbuzz
|
|move|p2a: Volcarona|Bug Buzz|p1a: Heatran
|-resisted|p1a: Heatran
|-damage|p1a: Heatran|23\/386
|move|p1a: Heatran|Magma Storm|p2a: Volcarona|[miss]
|-miss|p1a: Heatran|p2a: Volcarona
|
|-heal|p2a: Volcarona|229\/314|[from] item: Leftovers
|-heal|p1a: Heatran|47\/386|[from] item: Leftovers
|-damage|p2a: Volcarona|190\/314|[from] move: Magma Storm|[partiallytrapped]
|upkeep
|turn|17
|choice|*switch 2|*
|choice|*move 2|*
|choice|*|*move 2
|choice|move earthpower|move bugbuzz
|
|move|p2a: Volcarona|Bug Buzz|p1a: Heatran
|-resisted|p1a: Heatran
|-damage|p1a: Heatran|0 fnt
|faint|p1a: Heatran
|
|-heal|p2a: Volcarona|209\/314|[from] item: Leftovers
|upkeep
|choice|*switch 2|*
|choice|switch 2|
|
|switch|p1a: Scizor|Scizor, F|343\/343
|turn|18
|choice|*move 1 mega|*
|choice|*|*move 3
|choice|move bulletpunch mega|move fierydance
|
|-mega|p1a: Scizor|Scizor|Scizorite
|detailschange|p1a: Scizor|Scizor-Mega, F
|move|p1a: Scizor|Bullet Punch|p2a: Volcarona
|-resisted|p2a: Volcarona
|-damage|p2a: Volcarona|141\/314
|move|p2a: Volcarona|Fiery Dance|p1a: Scizor
|-supereffective|p1a: Scizor
|-damage|p1a: Scizor|0 fnt
|faint|p1a: Scizor
|
|-heal|p2a: Volcarona|160\/314|[from] item: Leftovers
|upkeep
|choice|*switch 5|*
|choice|switch 5|
|
|switch|p1a: Zapdos|Zapdos|327\/383
|turn|19
|choice|*move 1|*
|choice|*|*move 3
|choice|move voltswitch|move fierydance
|
|move|p2a: Volcarona|Fiery Dance|p1a: Zapdos
|-damage|p1a: Zapdos|0 fnt
|-boost|p2a: Volcarona|spa|1
|faint|p1a: Zapdos
|
|-heal|p2a: Volcarona|179\/314|[from] item: Leftovers
|upkeep
|choice|*switch 6|*
|choice|switch 6|
|
|switch|p1a: Tapu Bulu|Tapu Bulu|268\/343 brn
|-fieldstart|move: Grassy Terrain|[from] ability: Grassy Surge|[of] p1a: Tapu Bulu
|turn|20
|choice|*move 2|*
|choice|*|*move 3
|choice|move hornleech|move fierydance
|
|move|p2a: Volcarona|Fiery Dance|p1a: Tapu Bulu
|-supereffective|p1a: Tapu Bulu
|-damage|p1a: Tapu Bulu|0 fnt
|-boost|p2a: Volcarona|spa|1
|faint|p1a: Tapu Bulu
|
|win|xxxjossxxx
xxxjossxxx ha ganado 6.75 PokeDolares.
|raw|Puntaje de ElTioDeJohan: 1429 &rarr; <strong>1404<\/strong><br \/>(-25 por perder)
|raw|Puntaje de xxxjossxxx: 1343 &rarr; <strong>1374<\/strong><br \/>(+31 por ganar)
</script>
</div>
<div class="battle-log battle-log-inline"><div class="inner"><div class="battle-options"></div><div class="inner"><div class=""><small>Format:</small> <br><strong>OU</strong></div><div class="rated"><strong>Rated battle</strong></div><div class=""><small><em>Cláusula-Mod de Dormir:</em> solo puedes dormir a uno de tus oponentes a la vez.</small></div><div class=""><small><em>Cláusula de Especie:</em> Hasta un Pokémon de cada especie</small></div><div class=""><small><em>Cláusula de Golpe Fulminante:</em> los movimientos fulminantes (OHKO) estan prohibidos</small></div><div class=""><small><em>Cláusula de Veleta:</em> la habilidad Veleta está prohibida</small></div><div class=""><small><em>Cláusula de Movimientos Evasivos:</em> los movimientos de Evasión están prohibidos.</small></div><div class=""><small><em>Cláusula de Batallas Eternas:</em> forzar batallas eternas está prohibido</small></div><div class="chat battle-history"><strong>ElTioDeJohan's team:</strong> <em style="color:#445566;display:block;">Zapdos / Scizor / Heatran / Zygarde / Tapu Bulu / Clefable</em></div><div class="chat battle-history"><strong>xxxjossxxx's team:</strong> <em style="color:#445566;display:block;">Greninja / Kartana / Mimikyu / Tapu Koko / Volcarona / Gallade</em></div><div class="chat message-error">Reloj de batalla ENCENDIDO. El jugador inactivo será descalificado (solicitado por ElTioDeJohan).</div><div class="spacer battle-history"><br></div><div class="battle-history">Battle started between ElTioDeJohan and xxxjossxxx!<br></div><div class="spacer battle-history"><br></div><div class="battle-history">Go! <strong>Zapdos</strong>!<br></div><div class="spacer battle-history"><br></div><div class="battle-history">xxxjossxxx sent out <strong>Greninja</strong>!<br></div><div class="spacer battle-history"><br></div><h2 class="battle-history">Turn 1</h2><div class="spacer battle-history"><br></div><div class="battle-history">The opposing Greninja used <strong>U-turn</strong>!<br></div><div class="battle-history"><small>It's not very effective...</small><br></div><div class="battle-history"><small>(Zapdos lost <abbr title="−18/383">4.7%</abbr> of its health!)</small><br></div><div class="battle-history"><small>[Zapdos's Static]</small><br><small>The opposing Greninja is paralyzed! It may be unable to move!</small><br></div><div class="battle-history"><small>The opposing Greninja was hurt by the Rocky Helmet!</small><br></div><div class="spacer battle-history"><br></div><div class="battle-history">The opposing Greninja went back to xxxjossxxx!<br></div><div class="battle-history">xxxjossxxx sent out <strong>Tapu Koko</strong>!<br></div><div class="battle-history"><small>[The opposing Tapu Koko's Electric Surge]</small><br><small>An electric current runs across the battlefield!</small><br></div><div class="spacer battle-history"><br></div><div class="battle-history">Zapdos used <strong>Volt Switch</strong>!<br></div><div class="battle-history"><small>It's not very effective...</small><br></div><div class="battle-history"><small>(The opposing Tapu Koko lost <abbr title="−61/281">21.7%</abbr> of its health!)</small><br></div><div class="spacer battle-history"><br></div><div class="battle-history">Zapdos went back to ElTioDeJohan!<br></div><div class="battle-history">Go! <strong>Tapu Bulu</strong>!<br></div><div class="battle-history"><small>[Tapu Bulu's Grassy Surge]</small><br><small>Grass grew to cover the battlefield!</small><br></div><div class="spacer battle-history"><br></div><div class="battle-history"><small>The opposing Tapu Koko restored HP using its Grassy Terrain!</small><br></div><div class="spacer battle-history"><br></div><h2 class="battle-history">Turn 2</h2><div class="spacer battle-history"><br></div><div class="battle-history">Tapu Bulu, come back!<br></div><div class="battle-history">Go! <strong>Zapdos</strong>!<br></div><div class="spacer battle-history"><br></div><div class="battle-history">The opposing Tapu Koko used <strong>Volt Switch</strong>!<br></div><div class="battle-history"><small>(Zapdos lost <abbr title="−162/383">42.3%</abbr> of its health!)</small><br></div><div class="chat message-error">xxxjossxxx tiene 135 segundos restantes.</div><div class="spacer battle-history"><br></div><div class="battle-history">The opposing Tapu Koko went back to xxxjossxxx!<br></div><div class="battle-history">xxxjossxxx sent out <strong>Greninja</strong>!<br></div><div class="spacer battle-history"><br></div><div class="battle-history"><small>The opposing Greninja restored HP using its Grassy Terrain!</small><br></div><div class="spacer battle-history"><br></div><h2 class="battle-history">Turn 3</h2><div class="spacer battle-history"><br></div><div class="battle-history">Zapdos used <strong>Roost</strong>!<br></div><div class="battle-history"><small>Zapdos restored its HP.</small><br></div><div class="battle-history"><small>The opposing Greninja surrounded itself with its Z-Power!</small><br></div><div class="spacer battle-history"><br></div><div class="battle-history">The opposing Greninja used <strong>Black Hole Eclipse</strong>!<br></div><div class="battle-history"><small>(Zapdos lost <abbr title="−271/383">70.8%</abbr> of its health!)</small><br></div><div class="spacer battle-history"><br></div><div class="battle-history"><small>Zapdos restored HP using its Grassy Terrain!</small><br></div><div class="battle-history"><small>The opposing Greninja restored HP using its Grassy Terrain!</small><br></div><div class="spacer battle-history"><br></div><h2 class="battle-history">Turn 4</h2><div class="spacer battle-history"><br></div><div class="battle-history">xxxjossxxx withdrew Greninja!<br></div><div class="battle-history">xxxjossxxx sent out <strong>Tapu Koko</strong>!<br></div><div class="battle-history"><small>[The opposing Tapu Koko's Electric Surge]</small><br><small>An electric current runs across the battlefield!</small><br></div><div class="spacer battle-history"><br></div><div class="battle-history">Zapdos used <strong>Roost</strong>!<br></div><div class="battle-history"><small>Zapdos restored its HP.</small><br></div><div class="spacer battle-history"><br></div><h2 class="battle-history">Turn 5</h2><div class="spacer battle-history"><br></div><div class="battle-history">Zapdos, come back!<br></div><div class="battle-history">Go! <strong>Tapu Bulu</strong>!<br></div><div class="battle-history"><small>[Tapu Bulu's Grassy Surge]</small><br><small>Grass grew to cover the battlefield!</small><br></div><div class="spacer battle-history"><br></div><div class="battle-history">The opposing Tapu Koko used <strong>Hidden Power</strong>!<br></div><div class="battle-history"><small>It's super effective!</small><br></div><div class="battle-history"><small>(Tapu Bulu lost <abbr title="−124/343">36.2%</abbr> of its health!)</small><br></div><div class="spacer battle-history"><br></div><div class="battle-history"><small>The opposing Tapu Koko restored HP using its Grassy Terrain!</small><br></div><div class="battle-history"><small>Tapu Bulu restored HP using its Grassy Terrain!</small><br></div><div class="spacer battle-history"><br></div><h2 class="battle-history">Turn 6</h2><div class="spacer battle-history"><br></div><div class="battle-history">xxxjossxxx withdrew Tapu Koko!<br></div><div class="battle-history">xxxjossxxx sent out <strong>Volcarona</strong>!<br></div><div class="spacer battle-history"><br></div><div class="battle-history">Tapu Bulu used <strong>Horn Leech</strong>!<br></div><div class="battle-history"><small>It's not very effective...</small><br></div><div class="battle-history"><small>(The opposing Volcarona lost <abbr title="−55/314">17.5%</abbr> of its health!)</small><br></div><div class="battle-history"><small>The opposing Volcarona had its energy drained!</small><br></div><div class="battle-history"><small>[The opposing Volcarona's Flame Body]</small><br><small>Tapu Bulu was burned!</small><br></div><div class="spacer battle-history"><br></div><div class="battle-history"><small>The opposing Volcarona restored a little HP using its Leftovers!</small><br></div><div class="battle-history"><small>The opposing Volcarona restored HP using its Grassy Terrain!</small><br></div><div class="battle-history"><small>Tapu Bulu restored HP using its Grassy Terrain!</small><br></div><div class="battle-history"><small>Tapu Bulu was hurt by its burn!</small><br></div><div class="spacer battle-history"><br></div><h2 class="battle-history">Turn 7</h2><div class="spacer battle-history"><br></div><div class="battle-history">Tapu Bulu, come back!<br></div><div class="battle-history">Go! <strong>Clefable</strong>!<br></div><div class="spacer battle-history"><br></div><div class="battle-history">The opposing Volcarona used <strong>Quiver Dance</strong>!<br></div><div class="battle-history"><small>The opposing Volcarona's Special Attack rose!</small><br></div><div class="battle-history"><small>The opposing Volcarona's Special Defense rose!</small><br></div><div class="battle-history"><small>The opposing Volcarona's Speed rose!</small><br></div><div class="spacer battle-history"><br></div><div class="battle-history"><small>The opposing Volcarona restored a little HP using its Leftovers!</small><br></div><div class="spacer battle-history"><br></div><h2 class="battle-history">Turn 8</h2><div class="spacer battle-history"><br></div><div class="battle-history">The opposing Volcarona used <strong>Fiery Dance</strong>!<br></div><div class="battle-history"><small>(Clefable lost <abbr title="−172/394">43.7%</abbr> of its health!)</small><br></div><div class="battle-history"><small>The opposing Volcarona's Special Attack rose!</small><br></div><div class="spacer battle-history"><br></div><div class="battle-history">Clefable used <strong>Flamethrower</strong>!<br></div><div class="battle-history"><small>(The opposing Volcarona lost <abbr title="−65/314">20.7%</abbr> of its health!)</small><br></div><div class="spacer battle-history"><br></div><div class="battle-history"><small>The opposing Volcarona restored a little HP using its Leftovers!</small><br></div><div class="battle-history"><small>The opposing Volcarona restored HP using its Grassy Terrain!</small><br></div><div class="battle-history"><small>Clefable restored a little HP using its Leftovers!</small><br></div><div class="battle-history"><small>Clefable restored HP using its Grassy Terrain!</small><br></div><div class="spacer battle-history"><br></div><h2 class="battle-history">Turn 9</h2><div class="spacer battle-history"><br></div><div class="battle-history">The opposing Volcarona used <strong>Psychic</strong>!<br></div><div class="battle-history"><small>A critical hit!</small><br></div><div class="battle-history"><small>(Clefable lost <abbr title="−196/394">49.7%</abbr> of its health!)</small><br></div><div class="spacer battle-history"><br></div><div class="battle-history">Clefable used <strong>Flamethrower</strong>!<br></div><div class="battle-history"><small>(The opposing Volcarona lost <abbr title="−57/314">18.2%</abbr> of its health!)</small><br></div><div class="spacer battle-history"><br></div><div class="battle-history"><small>The opposing Volcarona restored a little HP using its Leftovers!</small><br></div><div class="battle-history"><small>The opposing Volcarona restored HP using its Grassy Terrain!</small><br></div><div class="battle-history"><small>Clefable restored a little HP using its Leftovers!</small><br></div><div class="battle-history"><small>Clefable restored HP using its Grassy Terrain!</small><br></div><div class="battle-history"><small>The grass disappeared from the battlefield.</small><br></div><div class="spacer battle-history"><br></div><h2 class="battle-history">Turn 10</h2><div class="chat chatmessage-eltiodejohan"><strong style="color:hsl(46,87%,34%)"><small>☆</small><span class="username" data-name="ElTioDeJohan">ElTioDeJohan</span>:</strong> <em>nice</em></div><div class="spacer battle-history"><br></div><div class="battle-history">The opposing Volcarona used <strong>Psychic</strong>!<br></div><div class="battle-history"><small>(Clefable lost <abbr title="−121/394">30.7%</abbr> of its health!)</small><br></div><div class="spacer battle-history"><br></div><div class="battle-history">Clefable used <strong>Wish</strong>!<br></div><div class="spacer battle-history"><br></div><div class="battle-history"><small>The opposing Volcarona restored a little HP using its Leftovers!</small><br></div><div class="battle-history"><small>Clefable restored a little HP using its Leftovers!</small><br></div><div class="spacer battle-history"><br></div><h2 class="battle-history">Turn 11</h2><div class="spacer battle-history"><br></div><div class="battle-history">Clefable used <strong>Protect</strong>!<br></div><div class="battle-history"><small>Clefable protected itself!</small><br></div><div class="spacer battle-history"><br></div><div class="battle-history">The opposing Volcarona used <strong>Fiery Dance</strong>!<br></div><div class="battle-history"><small>Clefable protected itself!</small><br></div><div class="spacer battle-history"><br></div><div class="battle-history"><small>Clefable's wish came true!</small><br></div><div class="battle-history"><small>The opposing Volcarona restored a little HP using its Leftovers!</small><br></div><div class="battle-history"><small>Clefable restored a little HP using its Leftovers!</small><br></div><div class="spacer battle-history"><br></div><h2 class="battle-history">Turn 12</h2><div class="spacer battle-history"><br></div><div class="battle-history">The opposing Volcarona used <strong>Fiery Dance</strong>!<br></div><div class="battle-history"><small>A critical hit!</small><br></div><div class="battle-history"><small>(Clefable lost <abbr title="−246/394">62.4%</abbr> of its health!)</small><br></div><div class="battle-history"><small>The opposing Volcarona's Special Attack rose!</small><br></div><div class="spacer battle-history"><br></div><div class="battle-history">Clefable fainted!<br></div><div class="spacer battle-history"><br></div><div class="battle-history"><small>The opposing Volcarona restored a little HP using its Leftovers!</small><br></div><div class="chat message-error">ElTioDeJohan tiene 135 segundos restantes.</div><div class="spacer battle-history"><br></div><div class="battle-history">Go! <strong>Zygarde</strong>!<br></div><div class="battle-history"><small>[Zygarde's Aura Break]</small><br><small>Zygarde reversed all other Pokémon's auras!</small><br></div><div class="spacer battle-history"><br></div><h2 class="battle-history">Turn 13</h2><div class="spacer battle-history"><br></div><div class="battle-history">The opposing Volcarona used <strong>Bug Buzz</strong>!<br></div><div class="battle-history"><small>(Zygarde lost <abbr title="−357/357">100%</abbr> of its health!)</small><br></div><div class="spacer battle-history"><br></div><div class="battle-history">Zygarde fainted!<br></div><div class="spacer battle-history"><br></div><div class="battle-history">Go! <strong>Heatran</strong>!<br></div><div class="spacer battle-history"><br></div><h2 class="battle-history">Turn 14</h2><div class="spacer battle-history"><br></div><div class="battle-history">The opposing Volcarona used <strong>Bug Buzz</strong>!<br></div><div class="battle-history"><small>It's not very effective...</small><br></div><div class="battle-history"><small>(Heatran lost <abbr title="−106/386">27.5%</abbr> of its health!)</small><br></div><div class="battle-history"><small>Heatran's Special Defense fell!</small><br></div><div class="spacer battle-history"><br></div><div class="battle-history">Heatran used <strong>Magma Storm</strong>!<br></div><div class="battle-history"><small>The opposing Volcarona avoided the attack!</small><br></div><div class="spacer battle-history"><br></div><div class="battle-history"><small>Heatran restored a little HP using its Leftovers!</small><br></div><div class="spacer battle-history"><br></div><h2 class="battle-history">Turn 15</h2><div class="spacer battle-history"><br></div><div class="battle-history">The opposing Volcarona used <strong>Bug Buzz</strong>!<br></div><div class="battle-history"><small>It's not very effective...</small><br></div><div class="battle-history"><small>(Heatran lost <abbr title="−144/386">37.3%</abbr> of its health!)</small><br></div><div class="spacer battle-history"><br></div><div class="battle-history">Heatran used <strong>Magma Storm</strong>!<br></div><div class="battle-history"><small>(The opposing Volcarona lost <abbr title="−84/314">26.8%</abbr> of its health!)</small><br></div><div class="battle-history"><small>The opposing Volcarona became trapped by swirling magma!</small><br></div><div class="spacer battle-history"><br></div><div class="battle-history"><small>The opposing Volcarona restored a little HP using its Leftovers!</small><br></div><div class="battle-history"><small>Heatran restored a little HP using its Leftovers!</small><br></div><div class="battle-history"><small>The opposing Volcarona is hurt by Magma Storm!</small><br></div><div class="spacer battle-history"><br></div><h2 class="battle-history">Turn 16</h2><div class="spacer battle-history"><br></div><div class="battle-history">The opposing Volcarona used <strong>Bug Buzz</strong>!<br></div><div class="battle-history"><small>It's not very effective...</small><br></div><div class="battle-history"><small>(Heatran lost <abbr title="−161/386">41.7%</abbr> of its health!)</small><br></div><div class="spacer battle-history"><br></div><div class="battle-history">Heatran used <strong>Magma Storm</strong>!<br></div><div class="battle-history"><small>The opposing Volcarona avoided the attack!</small><br></div><div class="spacer battle-history"><br></div><div class="battle-history"><small>The opposing Volcarona restored a little HP using its Leftovers!</small><br></div><div class="battle-history"><small>Heatran restored a little HP using its Leftovers!</small><br></div><div class="battle-history"><small>The opposing Volcarona is hurt by Magma Storm!</small><br></div><div class="spacer battle-history"><br></div><h2 class="battle-history">Turn 17</h2><div class="spacer battle-history"><br></div><div class="battle-history">The opposing Volcarona used <strong>Bug Buzz</strong>!<br></div><div class="battle-history"><small>It's not very effective...</small><br></div><div class="battle-history"><small>(Heatran lost <abbr title="−47/386">12.2%</abbr> of its health!)</small><br></div><div class="spacer battle-history"><br></div><div class="battle-history">Heatran fainted!<br></div><div class="spacer battle-history"><br></div><div class="battle-history"><small>The opposing Volcarona restored a little HP using its Leftovers!</small><br></div><div class="spacer battle-history"><br></div><div class="battle-history">Go! <strong>Scizor</strong>!<br></div><div class="spacer battle-history"><br></div><h2 class="battle-history">Turn 18</h2><div class="spacer battle-history"><br></div><div class="battle-history"><small>Scizor's Scizorite is reacting to the Key Stone!</small><br>Scizor has Mega Evolved into Mega Scizor!<br></div><div class="spacer battle-history"><br></div><div class="battle-history">Scizor used <strong>Bullet Punch</strong>!<br></div><div class="battle-history"><small>It's not very effective...</small><br></div><div class="battle-history"><small>(The opposing Volcarona lost <abbr title="−68/314">21.7%</abbr> of its health!)</small><br></div><div class="spacer battle-history"><br></div><div class="battle-history">The opposing Volcarona used <strong>Fiery Dance</strong>!<br></div><div class="battle-history"><small>It's super effective!</small><br></div><div class="battle-history"><small>(Scizor lost <abbr title="−343/343">100%</abbr> of its health!)</small><br></div><div class="spacer battle-history"><br></div><div class="battle-history">Scizor fainted!<br></div><div class="spacer battle-history"><br></div><div class="battle-history"><small>The opposing Volcarona restored a little HP using its Leftovers!</small><br></div><div class="spacer battle-history"><br></div><div class="battle-history">Go! <strong>Zapdos</strong>!<br></div><div class="spacer battle-history"><br></div><h2 class="battle-history">Turn 19</h2><div class="spacer battle-history"><br></div><div class="battle-history">The opposing Volcarona used <strong>Fiery Dance</strong>!<br></div><div class="battle-history"><small>(Zapdos lost <abbr title="−327/383">85.4%</abbr> of its health!)</small><br></div><div class="battle-history"><small>The opposing Volcarona's Special Attack rose!</small><br></div><div class="spacer battle-history"><br></div><div class="battle-history">Zapdos fainted!<br></div><div class="spacer battle-history"><br></div><div class="battle-history"><small>The opposing Volcarona restored a little HP using its Leftovers!</small><br></div><div class="spacer battle-history"><br></div><div class="battle-history">Go! <strong>Tapu Bulu</strong>!<br></div><div class="battle-history"><small>[Tapu Bulu's Grassy Surge]</small><br><small>Grass grew to cover the battlefield!</small><br></div><div class="spacer battle-history"><br></div><h2 class="battle-history">Turn 20</h2><div class="spacer battle-history"><br></div><div class="battle-history">The opposing Volcarona used <strong>Fiery Dance</strong>!<br></div><div class="battle-history"><small>It's super effective!</small><br></div><div class="battle-history"><small>(Tapu Bulu lost <abbr title="−268/343">78.1%</abbr> of its health!)</small><br></div><div class="battle-history"><small>The opposing Volcarona's Special Attack rose!</small><br></div><div class="spacer battle-history"><br></div><div class="battle-history">Tapu Bulu fainted!<br></div><div class="spacer battle-history"><br></div><div class="battle-history"><strong>xxxjossxxx</strong> won the battle!<br></div><div class="chat">xxxjossxxx ha ganado 6.75 PokeDolares.</div><div class="chat">Puntaje de ElTioDeJohan: 1429 → <strong>1404</strong><br>(-25 por perder)</div><div class="chat">Puntaje de xxxjossxxx: 1343 → <strong>1374</strong><br>(+31 por ganar)</div></div><div class="inner-preempt"></div></div></div>
</div>
<script>
let daily = Math.floor(Date.now()/1000/60/60/24);document.write('<script src="https://play.pokemonshowdown.com/js/replay-embed.js?version'+daily+'"></'+'script>');
</script>
