<!DOCTYPE html>
<meta charset="utf-8" />
<!-- version 1 -->
<title>OU replay: Jit El Sicario vs. Makesuit</title>
<style>
html,body {font-family:Verdana, sans-serif;font-size:10pt;margin:0;padding:0;}body{padding:12px 0;} .battle-log {font-family:Verdana, sans-serif;font-size:10pt;} .battle-log-inline {border:1px solid #AAAAAA;background:#EEF2F5;color:black;max-width:640px;margin:0 auto 80px;padding-bottom:5px;} .battle-log .inner {padding:4px 8px 0px 8px;} .battle-log .inner-preempt {padding:0 8px 4px 8px;} .battle-log .inner-after {margin-top:0.5em;} .battle-log h2 {margin:0.5em -8px;padding:4px 8px;border:1px solid #AAAAAA;background:#E0E7EA;border-left:0;border-right:0;font-family:Verdana, sans-serif;font-size:13pt;} .battle-log .chat {vertical-align:middle;padding:3px 0 3px 0;font-size:8pt;} .battle-log .chat strong {color:#40576A;} .battle-log .chat em {padding:1px 4px 1px 3px;color:#000000;font-style:normal;} .chat.mine {background:rgba(0,0,0,0.05);margin-left:-8px;margin-right:-8px;padding-left:8px;padding-right:8px;} .spoiler {color:#BBBBBB;background:#BBBBBB;padding:0px 3px;} .spoiler:hover, .spoiler:active, .spoiler-shown {color:#000000;background:#E2E2E2;padding:0px 3px;} .spoiler a {color:#BBBBBB;} .spoiler:hover a, .spoiler:active a, .spoiler-shown a {color:#2288CC;} .chat code, .chat .spoiler:hover code, .chat .spoiler:active code, .chat .spoiler-shown code {border:1px solid #C0C0C0;background:#EEEEEE;color:black;padding:0 2px;} .chat .spoiler code {border:1px solid #CCCCCC;background:#CCCCCC;color:#CCCCCC;} .battle-log .rated {padding:3px 4px;} .battle-log .rated strong {color:white;background:#89A;padding:1px 4px;border-radius:4px;} .spacer {margin-top:0.5em;} .message-announce {background:#6688AA;color:white;padding:1px 4px 2px;} .message-announce a, .broadcast-green a, .broadcast-blue a, .broadcast-red a {color:#DDEEFF;} .broadcast-green {background-color:#559955;color:white;padding:2px 4px;} .broadcast-blue {background-color:#6688AA;color:white;padding:2px 4px;} .infobox {border:1px solid #6688AA;padding:2px 4px;} .infobox-limited {max-height:200px;overflow:auto;overflow-x:hidden;} .broadcast-red {background-color:#AA5544;color:white;padding:2px 4px;} .message-learn-canlearn {font-weight:bold;color:#228822;text-decoration:underline;} .message-learn-cannotlearn {font-weight:bold;color:#CC2222;text-decoration:underline;} .message-effect-weak {font-weight:bold;color:#CC2222;} .message-effect-resist {font-weight:bold;color:#6688AA;} .message-effect-immune {font-weight:bold;color:#666666;} .message-learn-list {margin-top:0;margin-bottom:0;} .message-throttle-notice, .message-error {color:#992222;} .message-overflow, .chat small.message-overflow {font-size:0pt;} .message-overflow::before {font-size:9pt;content:'...';} .subtle {color:#3A4A66;}
</style>
<div class="wrapper replay-wrapper" style="max-width:1180px;margin:0 auto">
<input type="hidden" name="replayid" value="destiny-ou-418035" />
<div class="battle"></div><div class="battle-log"></div><div class="replay-controls"></div><div class="replay-controls-2"></div>
<h1 style="font-weight:normal;text-align:center"><strong>OU</strong><br /><a href="http://pokemonshowdown.com/users/jitelsicario" class="subtle" target="_blank">Jit El Sicario</a> vs. <a href="http://pokemonshowdown.com/users/makesuit" class="subtle" target="_blank">Makesuit</a></h1>
<script type="text/plain" class="battle-log-data">|player|p1|Jit El Sicario|1087
|teamsize|p1|6
|player|p2|Makesuit|1048
|teamsize|p2|6
|teamsize|p1|6
|teamsize|p2|6
|gametype|singles
|gen|7
|tier|OU
|seed|26344,50308,11744,23002
|rule|Cláusula-Mod de Dormir: solo puedes dormir a uno de tus oponentes a la vez.
|rule|Cláusula de Especie: Hasta un Pokémon de cada especie
|rule|Cláusula de Golpe Fulminante: los movimientos fulminantes (OHKO) estan prohibidos
|rule|Cláusula de Veleta: la habilidad Veleta está prohibida
|rule|Cláusula de Movimientos Evasivos: los movimientos de Evasión están prohibidos.
|rule|Cláusula de Batallas Eternas: forzar batallas eternas está prohibido
|clearpoke
|poke|p1|Tapu Lele|item
|poke|p1|Hawlucha, M|item
|poke|p1|Heatran, M|item
|poke|p1|Landorus-Therian, M|item
|poke|p1|Toxapex, M|item
|poke|p1|Lopunny, F|item
|poke|p2|Weavile, M|item
|poke|p2|Mew|item
|poke|p2|Heatran, M|item
|poke|p2|Landorus-Therian, M|item
|poke|p2|Tapu Bulu|item
|poke|p2|Toxapex, F|item
|teampreview|undefined
|choice|*|*team 423156
|choice|*team 423156|*
|choice|team 4, 2, 3, 1, 5, 6|team 4, 2, 3, 1, 5, 6
|
|start
|switch|p1a: Landorus|Landorus-Therian, M|319\/319
|switch|p2a: Landorus|Landorus-Therian, M|319\/319
|-ability|p1a: Landorus|Intimidate|boost
|-unboost|p2a: Landorus|atk|1
|-ability|p2a: Landorus|Intimidate|boost
|-unboost|p1a: Landorus|atk|1
|turn|1
|choice|*move 3|*
|choice|*move 3|*
|choice|*|*move 3
|choice|move uturn|move hiddenpower
|
|move|p2a: Landorus|Hidden Power|p1a: Landorus
|-supereffective|p1a: Landorus
|-damage|p1a: Landorus|59\/319
|move|p1a: Landorus|U-turn|p2a: Landorus
|-resisted|p2a: Landorus
|-damage|p2a: Landorus|286\/319
|choice|*switch 3|*
|choice|switch 3|
|
|switch|p1a: Heatran|Heatran, M|385\/385|[from]move: U-turn
|
|upkeep
|turn|2
|choice|*move 4|*
|choice|*|*switch 3
|choice|move stealthrock|switch 3
|
|switch|p2a: Heatran|Heatran, M|386\/386
|move|p1a: Heatran|Stealth Rock|p2a: Heatran
|-sidestart|p2: Makesuit|move: Stealth Rock
|
|upkeep
|turn|3
|choice|*move 3|*
|choice|*|*move 4
|choice|move earthpower|move stealthrock
|
|move|p2a: Heatran|Stealth Rock|p1a: Heatran
|-sidestart|p1: Jit El Sicario|move: Stealth Rock
|move|p1a: Heatran|Earth Power|p2a: Heatran
|-supereffective|p2a: Heatran
|-damage|p2a: Heatran|66\/386
|
|-heal|p2a: Heatran|90\/386|[from] item: Leftovers
|upkeep
|turn|4
|choice|*|*move 2
|choice|*move 3|*
|choice|move earthpower|move earthpower
|
|move|p2a: Heatran|Earth Power|p1a: Heatran
|-supereffective|p1a: Heatran
|-damage|p1a: Heatran|125\/385
|move|p1a: Heatran|Earth Power|p2a: Heatran
|-supereffective|p2a: Heatran
|-damage|p2a: Heatran|0 fnt
|faint|p2a: Heatran
|
|-heal|p1a: Heatran|149\/385|[from] item: Leftovers
|upkeep
|c|☆Makesuit|lol
|c|☆Makesuit|tran spd
|choice|*|*switch 4
|choice||switch 4
|
|switch|p2a: Weavile|Weavile, M|281\/281
|-damage|p2a: Weavile|211\/281|[from] Stealth Rock
|-ability|p2a: Weavile|Pressure
|turn|5
|choice|*|*move 2
|choice|*switch 3|*
|choice|switch 3|move knockoff
|
|switch|p1a: Landorus|Landorus-Therian, M|59\/319
|-damage|p1a: Landorus|20\/319|[from] Stealth Rock
|-ability|p1a: Landorus|Intimidate|boost
|-unboost|p2a: Weavile|atk|1
|move|p2a: Weavile|Knock Off|p1a: Landorus
|-damage|p1a: Landorus|0 fnt
|-enditem|p1a: Landorus|Choice Scarf|[from] move: Knock Off|[of] p2a: Weavile
|faint|p1a: Landorus
|
|upkeep
|choice|*switch 5|*
|choice|switch 5|
|
|switch|p1a: Toxapex|Toxapex, M|301\/301
|-damage|p1a: Toxapex|264\/301|[from] Stealth Rock
|turn|6
|choice|*move 2|*
|choice|*|*switch 2
|choice|move toxic|switch 2
|
|switch|p2a: Mew|Mew|401\/401
|-damage|p2a: Mew|351\/401|[from] Stealth Rock
|move|p1a: Toxapex|Toxic|p2a: Mew
|-status|p2a: Mew|tox
|-activate|p2a: Mew|ability: Synchronize
|-immune|p1a: Toxapex|[msg]
|
|-heal|p2a: Mew|376\/401 tox|[from] item: Leftovers
|-heal|p1a: Toxapex|282\/301|[from] item: Black Sludge
|-damage|p2a: Mew|351\/401 tox|[from] psn
|upkeep
|turn|7
|choice|*|*move 2
|choice|*|*move 4
|choice|*move 1|*
|choice|move scald|move defog
|
|move|p2a: Mew|Defog|p1a: Toxapex
|-unboost|p1a: Toxapex|evasion|1
|-sideend|p1: Jit El Sicario|Stealth Rock|[from] move: Defog|[of] p1a: Toxapex
|-sideend|p2: Makesuit|Stealth Rock|[from] move: Defog|[of] p2a: Mew
|move|p1a: Toxapex|Scald|p2a: Mew
|-damage|p2a: Mew|294\/401 tox
|
|-heal|p2a: Mew|319\/401 tox|[from] item: Leftovers
|-heal|p1a: Toxapex|300\/301|[from] item: Black Sludge
|-damage|p2a: Mew|269\/401 tox|[from] psn
|upkeep
|turn|8
|choice|*switch 3|*
|choice|*|*move 2
|choice|switch 3|move willowisp
|
|switch|p1a: Heatran|Heatran, M|149\/385
|move|p2a: Mew|Will-O-Wisp|p1a: Heatran
|-start|p1a: Heatran|ability: Flash Fire
|
|-heal|p2a: Mew|294\/401 tox|[from] item: Leftovers
|-heal|p1a: Heatran|173\/385|[from] item: Leftovers
|-damage|p2a: Mew|219\/401 tox|[from] psn
|upkeep
|turn|9
|choice|*move 4|*
|choice|*|*switch 6
|choice|move stealthrock|switch 6
|
|switch|p2a: Toxapex|Toxapex, F|303\/303
|move|p1a: Heatran|Stealth Rock|p2a: Toxapex
|-sidestart|p2: Makesuit|move: Stealth Rock
|
|-heal|p1a: Heatran|197\/385|[from] item: Leftovers
|upkeep
|turn|10
|choice|*|*move 1
|choice|*switch 4|*
|choice|switch 4|move scald
|
|-end|p1a: Heatran|ability: Flash Fire|[silent]
|switch|p1a: Tapu Lele|Tapu Lele|281\/281
|-fieldstart|move: Psychic Terrain|[from] ability: Psychic Surge|[of] p1a: Tapu Lele
|move|p2a: Toxapex|Scald|p1a: Tapu Lele
|-damage|p1a: Tapu Lele|233\/281
|
|upkeep
|turn|11
|choice|*move 2|*
|choice|*|*switch 5
|choice|move moonblast|switch 5
|
|switch|p2a: Tapu Bulu|Tapu Bulu|343\/343
|-damage|p2a: Tapu Bulu|301\/343|[from] Stealth Rock
|-fieldstart|move: Grassy Terrain|[from] ability: Grassy Surge|[of] p2a: Tapu Bulu
|move|p1a: Tapu Lele|Moonblast|p2a: Tapu Bulu
|-damage|p2a: Tapu Bulu|193\/343
|
|-heal|p1a: Tapu Lele|250\/281|[from] Grassy Terrain
|-heal|p2a: Tapu Bulu|214\/343|[from] Grassy Terrain
|upkeep
|turn|12
|choice|*switch 3|*
|choice|*switch 4|*
|choice|*|*move 3
|choice|switch 4|move superpower
|
|switch|p1a: Heatran|Heatran, M|197\/385
|move|p2a: Tapu Bulu|Superpower|p1a: Heatran
|-supereffective|p1a: Heatran
|-damage|p1a: Heatran|0 fnt
|-unboost|p2a: Tapu Bulu|atk|1
|-unboost|p2a: Tapu Bulu|def|1
|faint|p1a: Heatran
|
|-heal|p2a: Tapu Bulu|235\/343|[from] Grassy Terrain
|upkeep
|choice|*switch 4|*
|choice|switch 4|
|
|switch|p1a: Tapu Lele|Tapu Lele|250\/281
|-fieldstart|move: Psychic Terrain|[from] ability: Psychic Surge|[of] p1a: Tapu Lele
|turn|13
|choice|*move 2|*
|choice|*|*switch 5
|choice|move moonblast|switch 5
|
|switch|p2a: Toxapex|Toxapex, F|303\/303
|-damage|p2a: Toxapex|266\/303|[from] Stealth Rock
|move|p1a: Tapu Lele|Moonblast|p2a: Toxapex
|-resisted|p2a: Toxapex
|-damage|p2a: Toxapex|216\/303
|
|-heal|p2a: Toxapex|234\/303|[from] item: Black Sludge
|upkeep
|turn|14
|choice|*move 1|*
|choice|*|*move 1
|choice|move psychic|move scald
|
|move|p1a: Tapu Lele|Psychic|p2a: Toxapex
|-supereffective|p2a: Toxapex
|-damage|p2a: Toxapex|0 fnt
|faint|p2a: Toxapex
|
|upkeep
|c|☆Makesuit|q
|choice|*|*switch 5
|choice||switch 5
|
|switch|p2a: Tapu Bulu|Tapu Bulu|235\/343
|-damage|p2a: Tapu Bulu|193\/343|[from] Stealth Rock
|-fieldstart|move: Grassy Terrain|[from] ability: Grassy Surge|[of] p2a: Tapu Bulu
|turn|15
|choice|*|*move 1
|choice|*switch 3|*
|choice|switch 3|move hornleech
|
|switch|p1a: Toxapex|Toxapex, M|301\/301
|move|p2a: Tapu Bulu|Horn Leech|p1a: Toxapex
|-damage|p1a: Toxapex|183\/301
|-heal|p2a: Tapu Bulu|252\/343|[from] drain|[of] p1a: Toxapex
|
|-heal|p2a: Tapu Bulu|273\/343|[from] Grassy Terrain
|-heal|p1a: Toxapex|201\/301|[from] item: Black Sludge
|-heal|p1a: Toxapex|219\/301|[from] Grassy Terrain
|upkeep
|turn|16
|choice|*move 4|*
|choice|*|*move 1
|choice|move recover|move hornleech
|
|move|p2a: Tapu Bulu|Horn Leech|p1a: Toxapex
|-damage|p1a: Toxapex|114\/301
|-heal|p2a: Tapu Bulu|326\/343|[from] drain|[of] p1a: Toxapex
|move|p1a: Toxapex|Recover|p1a: Toxapex
|-heal|p1a: Toxapex|265\/301
|
|-heal|p2a: Tapu Bulu|343\/343|[from] Grassy Terrain
|-heal|p1a: Toxapex|283\/301|[from] item: Black Sludge
|-heal|p1a: Toxapex|301\/301|[from] Grassy Terrain
|upkeep
|turn|17
|choice|*move 2|*
|choice|*move 1|*
|choice|*|*switch 6
|choice|move scald|switch 6
|
|switch|p2a: Mew|Mew|219\/401 tox
|-damage|p2a: Mew|169\/401 tox|[from] Stealth Rock
|move|p1a: Toxapex|Scald|p2a: Mew
|-damage|p2a: Mew|115\/401 tox
|
|-heal|p2a: Mew|140\/401 tox|[from] item: Leftovers
|-heal|p2a: Mew|165\/401 tox|[from] Grassy Terrain
|-damage|p2a: Mew|140\/401 tox|[from] psn
|upkeep
|turn|18
|choice|*|*move 4
|choice|*switch 3|*
|choice|switch 3|move defog
|
|switch|p1a: Tapu Lele|Tapu Lele|250\/281
|-fieldstart|move: Psychic Terrain|[from] ability: Psychic Surge|[of] p1a: Tapu Lele
|move|p2a: Mew|Defog|p1a: Tapu Lele
|-unboost|p1a: Tapu Lele|evasion|1
|-sideend|p2: Makesuit|Stealth Rock|[from] move: Defog|[of] p2a: Mew
|
|-heal|p2a: Mew|165\/401 tox|[from] item: Leftovers
|-damage|p2a: Mew|115\/401 tox|[from] psn
|upkeep
|turn|19
|choice|*move 2|*
|choice|*|*move 3
|choice|move moonblast|move softboiled
|
|move|p1a: Tapu Lele|Moonblast|p2a: Mew
|-damage|p2a: Mew|0 fnt
|faint|p2a: Mew
|
|upkeep
|choice|*|*switch 2
|choice||switch 2
|
|switch|p2a: Weavile|Weavile, M|211\/281
|-ability|p2a: Weavile|Pressure
|turn|20
|choice|*move 2|*
|choice|*|*move 1 zmove
|choice|move moonblast|move iciclecrash zmove
|
|move|p1a: Tapu Lele|Moonblast|p2a: Weavile
|-supereffective|p2a: Weavile
|-damage|p2a: Weavile|0 fnt
|faint|p2a: Weavile
|
|upkeep
|c|☆Jit El Sicario|lel
|c|☆Makesuit|k
|c|☆Makesuit|a lul
|c|☆Jit El Sicario|weavile sin speed?
|c|☆Makesuit|c borraron los evs
|c|☆Jit El Sicario|bueno
|c|☆Makesuit|como k weavile sin speed lmao
|c|☆Jit El Sicario|igual tenia las de ganar
|choice|*|*switch 6
|choice||switch 6
|
|switch|p2a: Tapu Bulu|Tapu Bulu|343\/343
|-fieldstart|move: Grassy Terrain|[from] ability: Grassy Surge|[of] p2a: Tapu Bulu
|turn|21
|choice|*|*move 2
|choice|*switch 3|*
|choice|switch 3|move woodhammer
|
|switch|p1a: Toxapex|Toxapex, M|301\/301
|move|p2a: Tapu Bulu|Wood Hammer|p1a: Toxapex
|-damage|p1a: Toxapex|121\/301
|-damage|p2a: Tapu Bulu|284\/343|[from] recoil
|
|-heal|p2a: Tapu Bulu|305\/343|[from] Grassy Terrain
|-heal|p1a: Toxapex|139\/301|[from] item: Black Sludge
|-heal|p1a: Toxapex|157\/301|[from] Grassy Terrain
|upkeep
|turn|22
|choice|*switch 3|*
|c|☆Makesuit|n
|c|☆Jit El Sicario|si
|c|☆Makesuit|entraba bulu ganaba weavile
|c|☆Makesuit|k
|c|☆Jit El Sicario|nop
|c|☆Jit El Sicario|habias tirado knock
|choice|*|*move 1
|choice|switch 3|move hornleech
|
|switch|p1a: Tapu Lele|Tapu Lele|250\/281
|-fieldstart|move: Psychic Terrain|[from] ability: Psychic Surge|[of] p1a: Tapu Lele
|move|p2a: Tapu Bulu|Horn Leech|p1a: Tapu Lele
|-damage|p1a: Tapu Lele|105\/281
|-heal|p2a: Tapu Bulu|343\/343|[from] drain|[of] p1a: Tapu Lele
|
|upkeep
|turn|23
|c|☆Jit El Sicario|so
|c|☆Jit El Sicario|muere lele
|choice|*|*move 1
|c|☆Jit El Sicario|entra lucha
|c|☆Jit El Sicario|y gano
|choice|*move 1|*
|c|☆Makesuit|tire z
|c|☆Makesuit|no knock
|c|☆Makesuit|k
|c|☆Jit El Sicario|de todos modos gana licha xD
|choice|*|*move 1
|choice|move psychic|move hornleech
|
|move|p1a: Tapu Lele|Psychic|p2a: Tapu Bulu
|-damage|p2a: Tapu Bulu|187\/343
|move|p2a: Tapu Bulu|Horn Leech|p1a: Tapu Lele
|-damage|p1a: Tapu Lele|0 fnt
|-heal|p2a: Tapu Bulu|240\/343|[from] drain|[of] p1a: Tapu Lele
|faint|p1a: Tapu Lele
|
|upkeep
|choice|*switch 2|*
|choice|switch 2|
|
|switch|p1a: Hawlucha|Hawlucha, M|359\/359
|-enditem|p1a: Hawlucha|Psychic Seed
|-boost|p1a: Hawlucha|spd|1
|turn|24
|choice|*move 3|*
|choice|*|*switch 3
|choice|move bulkup|switch 3
|
|switch|p2a: Landorus|Landorus-Therian, M|286\/319
|-ability|p2a: Landorus|Intimidate|boost
|-unboost|p1a: Hawlucha|atk|1
|move|p1a: Hawlucha|Bulk Up|p1a: Hawlucha
|-boost|p1a: Hawlucha|atk|1
|-boost|p1a: Hawlucha|def|1
|
|upkeep
|turn|25
|choice|*|*move 3
|choice|*move 3|*
|choice|move bulkup|move hiddenpower
|
|move|p1a: Hawlucha|Bulk Up|p1a: Hawlucha
|-boost|p1a: Hawlucha|atk|1
|-boost|p1a: Hawlucha|def|1
|move|p2a: Landorus|Hidden Power|p1a: Hawlucha
|-supereffective|p1a: Hawlucha
|-damage|p1a: Hawlucha|291\/359
|
|upkeep
|turn|26
|choice|*move 3|*
|c|☆Makesuit|tengo otros teams
|c|☆Makesuit|quieres otra?
|c|☆Jit El Sicario|ok
|c|☆Jit El Sicario|si
|-message|Makesuit se rindió.
|
|win|Jit El Sicario
</script>
</div>
<div class="battle-log battle-log-inline"><div class="inner"><div class="battle-options"></div><div class="inner"><div class=""><small>Format:</small> <br><strong>OU</strong></div><div class=""><small><em>Cláusula-Mod de Dormir:</em> solo puedes dormir a uno de tus oponentes a la vez.</small></div><div class=""><small><em>Cláusula de Especie:</em> Hasta un Pokémon de cada especie</small></div><div class=""><small><em>Cláusula de Golpe Fulminante:</em> los movimientos fulminantes (OHKO) estan prohibidos</small></div><div class=""><small><em>Cláusula de Veleta:</em> la habilidad Veleta está prohibida</small></div><div class=""><small><em>Cláusula de Movimientos Evasivos:</em> los movimientos de Evasión están prohibidos.</small></div><div class=""><small><em>Cláusula de Batallas Eternas:</em> forzar batallas eternas está prohibido</small></div><div class="chat battle-history"><strong>Jit El Sicario's team:</strong> <em style="color:#445566;display:block;">Tapu Lele / Hawlucha / Heatran / Landorus-Therian / Toxapex / Lopunny</em></div><div class="chat battle-history"><strong>Makesuit's team:</strong> <em style="color:#445566;display:block;">Weavile / Mew / Heatran / Landorus-Therian / Tapu Bulu / Toxapex</em></div><div class="spacer battle-history"><br></div><div class="battle-history">Battle started between Jit El Sicario and Makesuit!<br></div><div class="spacer battle-history"><br></div><div class="battle-history">Go! Landorus (<strong>Landorus-Therian</strong>)!<br></div><div class="spacer battle-history"><br></div><div class="battle-history">Makesuit sent out Landorus (<strong>Landorus-Therian</strong>)!<br></div><div class="battle-history"><small>[Landorus's Intimidate]</small><br></div><div class="battle-history"><small>The opposing Landorus's Attack fell!</small><br></div><div class="battle-history"><small>[The opposing Landorus's Intimidate]</small><br></div><div class="battle-history"><small>Landorus's Attack fell!</small><br></div><div class="spacer battle-history"><br></div><h2 class="battle-history">Turn 1</h2><div class="spacer battle-history"><br></div><div class="battle-history">The opposing Landorus used <strong>Hidden Power</strong>!<br></div><div class="battle-history"><small>It's super effective!</small><br></div><div class="battle-history"><small>(Landorus lost <abbr title="−260/319">81.5%</abbr> of its health!)</small><br></div><div class="spacer battle-history"><br></div><div class="battle-history">Landorus used <strong>U-turn</strong>!<br></div><div class="battle-history"><small>It's not very effective...</small><br></div><div class="battle-history"><small>(The opposing Landorus lost <abbr title="−33/319">10.3%</abbr> of its health!)</small><br></div><div class="spacer battle-history"><br></div><div class="battle-history">Landorus went back to Jit El Sicario!<br></div><div class="battle-history">Go! <strong>Heatran</strong>!<br></div><div class="spacer battle-history"><br></div><h2 class="battle-history">Turn 2</h2><div class="spacer battle-history"><br></div><div class="battle-history">Makesuit withdrew Landorus!<br></div><div class="battle-history">Makesuit sent out <strong>Heatran</strong>!<br></div><div class="spacer battle-history"><br></div><div class="battle-history">Heatran used <strong>Stealth Rock</strong>!<br></div><div class="battle-history"><small>Pointed stones float in the air around the opposing team!</small><br></div><div class="spacer battle-history"><br></div><h2 class="battle-history">Turn 3</h2><div class="spacer battle-history"><br></div><div class="battle-history">The opposing Heatran used <strong>Stealth Rock</strong>!<br></div><div class="battle-history"><small>Pointed stones float in the air around your team!</small><br></div><div class="spacer battle-history"><br></div><div class="battle-history">Heatran used <strong>Earth Power</strong>!<br></div><div class="battle-history"><small>It's super effective!</small><br></div><div class="battle-history"><small>(The opposing Heatran lost <abbr title="−320/386">82.9%</abbr> of its health!)</small><br></div><div class="spacer battle-history"><br></div><div class="battle-history"><small>The opposing Heatran restored a little HP using its Leftovers!</small><br></div><div class="spacer battle-history"><br></div><h2 class="battle-history">Turn 4</h2><div class="spacer battle-history"><br></div><div class="battle-history">The opposing Heatran used <strong>Earth Power</strong>!<br></div><div class="battle-history"><small>It's super effective!</small><br></div><div class="battle-history"><small>(Heatran lost <abbr title="−260/385">67.5%</abbr> of its health!)</small><br></div><div class="spacer battle-history"><br></div><div class="battle-history">Heatran used <strong>Earth Power</strong>!<br></div><div class="battle-history"><small>It's super effective!</small><br></div><div class="battle-history"><small>(The opposing Heatran lost <abbr title="−90/386">23.3%</abbr> of its health!)</small><br></div><div class="spacer battle-history"><br></div><div class="battle-history">The opposing Heatran fainted!<br></div><div class="spacer battle-history"><br></div><div class="battle-history"><small>Heatran restored a little HP using its Leftovers!</small><br></div><div class="chat chatmessage-makesuit"><strong style="color:hsl(57,64%,37%)"><small>☆</small><span class="username" data-name="Makesuit">Makesuit</span>:</strong> <em>lol</em></div><div class="chat chatmessage-makesuit"><strong style="color:hsl(57,64%,37%)"><small>☆</small><span class="username" data-name="Makesuit">Makesuit</span>:</strong> <em>tran spd</em></div><div class="spacer battle-history"><br></div><div class="battle-history">Makesuit sent out <strong>Weavile</strong>!<br></div><div class="battle-history"><small>Pointed stones dug into the opposing Weavile!</small><br></div><div class="battle-history"><small>[The opposing Weavile's Pressure]</small><br><small>The opposing Weavile is exerting its pressure!</small><br></div><div class="spacer battle-history"><br></div><h2 class="battle-history">Turn 5</h2><div class="spacer battle-history"><br></div><div class="battle-history">Heatran, come back!<br></div><div class="battle-history">Go! Landorus (<strong>Landorus-Therian</strong>)!<br></div><div class="battle-history"><small>Pointed stones dug into Landorus!</small><br></div><div class="battle-history"><small>[Landorus's Intimidate]</small><br></div><div class="battle-history"><small>The opposing Weavile's Attack fell!</small><br></div><div class="spacer battle-history"><br></div><div class="battle-history">The opposing Weavile used <strong>Knock Off</strong>!<br></div><div class="battle-history"><small>(Landorus lost <abbr title="−20/319">6.3%</abbr> of its health!)</small><br></div><div class="battle-history"><small>The opposing Weavile knocked off Landorus's Choice Scarf!</small><br></div><div class="spacer battle-history"><br></div><div class="battle-history">Landorus fainted!<br></div><div class="spacer battle-history"><br></div><div class="battle-history">Go! <strong>Toxapex</strong>!<br></div><div class="battle-history"><small>Pointed stones dug into Toxapex!</small><br></div><div class="spacer battle-history"><br></div><h2 class="battle-history">Turn 6</h2><div class="spacer battle-history"><br></div><div class="battle-history">Makesuit withdrew Weavile!<br></div><div class="battle-history">Makesuit sent out <strong>Mew</strong>!<br></div><div class="battle-history"><small>Pointed stones dug into the opposing Mew!</small><br></div><div class="spacer battle-history"><br></div><div class="battle-history">Toxapex used <strong>Toxic</strong>!<br></div><div class="battle-history"><small>The opposing Mew was badly poisoned!</small><br></div><div class="battle-history"><small>[The opposing Mew's Synchronize]</small><br></div><div class="battle-history"><small>It doesn't affect Toxapex...</small><br></div><div class="spacer battle-history"><br></div><div class="battle-history"><small>The opposing Mew restored a little HP using its Leftovers!</small><br></div><div class="battle-history"><small>Toxapex restored a little HP using its Black Sludge!</small><br></div><div class="battle-history"><small>The opposing Mew was hurt by poison!</small><br></div><div class="spacer battle-history"><br></div><h2 class="battle-history">Turn 7</h2><div class="spacer battle-history"><br></div><div class="battle-history">The opposing Mew used <strong>Defog</strong>!<br></div><div class="battle-history"><small>Toxapex's evasiveness fell!</small><br></div><div class="battle-history"><small>The pointed stones disappeared from around your team!</small><br></div><div class="battle-history"><small>The pointed stones disappeared from around the opposing team!</small><br></div><div class="spacer battle-history"><br></div><div class="battle-history">Toxapex used <strong>Scald</strong>!<br></div><div class="battle-history"><small>(The opposing Mew lost <abbr title="−57/401">14.2%</abbr> of its health!)</small><br></div><div class="spacer battle-history"><br></div><div class="battle-history"><small>The opposing Mew restored a little HP using its Leftovers!</small><br></div><div class="battle-history"><small>Toxapex restored a little HP using its Black Sludge!</small><br></div><div class="battle-history"><small>The opposing Mew was hurt by poison!</small><br></div><div class="spacer battle-history"><br></div><h2 class="battle-history">Turn 8</h2><div class="spacer battle-history"><br></div><div class="battle-history">Toxapex, come back!<br></div><div class="battle-history">Go! <strong>Heatran</strong>!<br></div><div class="spacer battle-history"><br></div><div class="battle-history">The opposing Mew used <strong>Will-O-Wisp</strong>!<br></div><div class="battle-history"><small>[Heatran's Flash Fire]</small><br><small>The power of Heatran's Fire-type moves rose!</small><br></div><div class="spacer battle-history"><br></div><div class="battle-history"><small>The opposing Mew restored a little HP using its Leftovers!</small><br></div><div class="battle-history"><small>Heatran restored a little HP using its Leftovers!</small><br></div><div class="battle-history"><small>The opposing Mew was hurt by poison!</small><br></div><div class="spacer battle-history"><br></div><h2 class="battle-history">Turn 9</h2><div class="spacer battle-history"><br></div><div class="battle-history">Makesuit withdrew Mew!<br></div><div class="battle-history">Makesuit sent out <strong>Toxapex</strong>!<br></div><div class="spacer battle-history"><br></div><div class="battle-history">Heatran used <strong>Stealth Rock</strong>!<br></div><div class="battle-history"><small>Pointed stones float in the air around the opposing team!</small><br></div><div class="spacer battle-history"><br></div><div class="battle-history"><small>Heatran restored a little HP using its Leftovers!</small><br></div><div class="spacer battle-history"><br></div><h2 class="battle-history">Turn 10</h2><div class="spacer battle-history"><br></div><div class="battle-history">Heatran, come back!<br></div><div class="battle-history">Go! <strong>Tapu Lele</strong>!<br></div><div class="battle-history"><small>[Tapu Lele's Psychic Surge]</small><br><small>The battlefield got weird!</small><br></div><div class="spacer battle-history"><br></div><div class="battle-history">The opposing Toxapex used <strong>Scald</strong>!<br></div><div class="battle-history"><small>(Tapu Lele lost <abbr title="−48/281">17.1%</abbr> of its health!)</small><br></div><div class="spacer battle-history"><br></div><h2 class="battle-history">Turn 11</h2><div class="spacer battle-history"><br></div><div class="battle-history">Makesuit withdrew Toxapex!<br></div><div class="battle-history">Makesuit sent out <strong>Tapu Bulu</strong>!<br></div><div class="battle-history"><small>Pointed stones dug into the opposing Tapu Bulu!</small><br></div><div class="battle-history"><small>[The opposing Tapu Bulu's Grassy Surge]</small><br><small>Grass grew to cover the battlefield!</small><br></div><div class="spacer battle-history"><br></div><div class="battle-history">Tapu Lele used <strong>Moonblast</strong>!<br></div><div class="battle-history"><small>(The opposing Tapu Bulu lost <abbr title="−108/343">31.5%</abbr> of its health!)</small><br></div><div class="spacer battle-history"><br></div><div class="battle-history"><small>Tapu Lele restored HP using its Grassy Terrain!</small><br></div><div class="battle-history"><small>The opposing Tapu Bulu restored HP using its Grassy Terrain!</small><br></div><div class="spacer battle-history"><br></div><h2 class="battle-history">Turn 12</h2><div class="spacer battle-history"><br></div><div class="battle-history">Tapu Lele, come back!<br></div><div class="battle-history">Go! <strong>Heatran</strong>!<br></div><div class="spacer battle-history"><br></div><div class="battle-history">The opposing Tapu Bulu used <strong>Superpower</strong>!<br></div><div class="battle-history"><small>It's super effective!</small><br></div><div class="battle-history"><small>(Heatran lost <abbr title="−197/385">51.2%</abbr> of its health!)</small><br></div><div class="battle-history"><small>The opposing Tapu Bulu's Attack fell!</small><br></div><div class="battle-history"><small>The opposing Tapu Bulu's Defense fell!</small><br></div><div class="spacer battle-history"><br></div><div class="battle-history">Heatran fainted!<br></div><div class="spacer battle-history"><br></div><div class="battle-history"><small>The opposing Tapu Bulu restored HP using its Grassy Terrain!</small><br></div><div class="spacer battle-history"><br></div><div class="battle-history">Go! <strong>Tapu Lele</strong>!<br></div><div class="battle-history"><small>[Tapu Lele's Psychic Surge]</small><br><small>The battlefield got weird!</small><br></div><div class="spacer battle-history"><br></div><h2 class="battle-history">Turn 13</h2><div class="spacer battle-history"><br></div><div class="battle-history">Makesuit withdrew Tapu Bulu!<br></div><div class="battle-history">Makesuit sent out <strong>Toxapex</strong>!<br></div><div class="battle-history"><small>Pointed stones dug into the opposing Toxapex!</small><br></div><div class="spacer battle-history"><br></div><div class="battle-history">Tapu Lele used <strong>Moonblast</strong>!<br></div><div class="battle-history"><small>It's not very effective...</small><br></div><div class="battle-history"><small>(The opposing Toxapex lost <abbr title="−50/303">16.5%</abbr> of its health!)</small><br></div><div class="spacer battle-history"><br></div><div class="battle-history"><small>The opposing Toxapex restored a little HP using its Black Sludge!</small><br></div><div class="spacer battle-history"><br></div><h2 class="battle-history">Turn 14</h2><div class="spacer battle-history"><br></div><div class="battle-history">Tapu Lele used <strong>Psychic</strong>!<br></div><div class="battle-history"><small>It's super effective!</small><br></div><div class="battle-history"><small>(The opposing Toxapex lost <abbr title="−234/303">77.2%</abbr> of its health!)</small><br></div><div class="spacer battle-history"><br></div><div class="battle-history">The opposing Toxapex fainted!<br></div><div class="chat chatmessage-makesuit"><strong style="color:hsl(57,64%,37%)"><small>☆</small><span class="username" data-name="Makesuit">Makesuit</span>:</strong> <em>q</em></div><div class="spacer battle-history"><br></div><div class="battle-history">Makesuit sent out <strong>Tapu Bulu</strong>!<br></div><div class="battle-history"><small>Pointed stones dug into the opposing Tapu Bulu!</small><br></div><div class="battle-history"><small>[The opposing Tapu Bulu's Grassy Surge]</small><br><small>Grass grew to cover the battlefield!</small><br></div><div class="spacer battle-history"><br></div><h2 class="battle-history">Turn 15</h2><div class="spacer battle-history"><br></div><div class="battle-history">Tapu Lele, come back!<br></div><div class="battle-history">Go! <strong>Toxapex</strong>!<br></div><div class="spacer battle-history"><br></div><div class="battle-history">The opposing Tapu Bulu used <strong>Horn Leech</strong>!<br></div><div class="battle-history"><small>(Toxapex lost <abbr title="−118/301">39.2%</abbr> of its health!)</small><br></div><div class="battle-history"><small>Toxapex had its energy drained!</small><br></div><div class="spacer battle-history"><br></div><div class="battle-history"><small>The opposing Tapu Bulu restored HP using its Grassy Terrain!</small><br></div><div class="battle-history"><small>Toxapex restored a little HP using its Black Sludge!</small><br></div><div class="battle-history"><small>Toxapex restored HP using its Grassy Terrain!</small><br></div><div class="spacer battle-history"><br></div><h2 class="battle-history">Turn 16</h2><div class="spacer battle-history"><br></div><div class="battle-history">The opposing Tapu Bulu used <strong>Horn Leech</strong>!<br></div><div class="battle-history"><small>(Toxapex lost <abbr title="−105/301">34.9%</abbr> of its health!)</small><br></div><div class="battle-history"><small>Toxapex had its energy drained!</small><br></div><div class="spacer battle-history"><br></div><div class="battle-history">Toxapex used <strong>Recover</strong>!<br></div><div class="battle-history"><small>Toxapex restored its HP.</small><br></div><div class="spacer battle-history"><br></div><div class="battle-history"><small>The opposing Tapu Bulu restored HP using its Grassy Terrain!</small><br></div><div class="battle-history"><small>Toxapex restored a little HP using its Black Sludge!</small><br></div><div class="battle-history"><small>Toxapex restored HP using its Grassy Terrain!</small><br></div><div class="spacer battle-history"><br></div><h2 class="battle-history">Turn 17</h2><div class="spacer battle-history"><br></div><div class="battle-history">Makesuit withdrew Tapu Bulu!<br></div><div class="battle-history">Makesuit sent out <strong>Mew</strong>!<br></div><div class="battle-history"><small>Pointed stones dug into the opposing Mew!</small><br></div><div class="spacer battle-history"><br></div><div class="battle-history">Toxapex used <strong>Scald</strong>!<br></div><div class="battle-history"><small>(The opposing Mew lost <abbr title="−54/401">13.5%</abbr> of its health!)</small><br></div><div class="spacer battle-history"><br></div><div class="battle-history"><small>The opposing Mew restored a little HP using its Leftovers!</small><br></div><div class="battle-history"><small>The opposing Mew restored HP using its Grassy Terrain!</small><br></div><div class="battle-history"><small>The opposing Mew was hurt by poison!</small><br></div><div class="spacer battle-history"><br></div><h2 class="battle-history">Turn 18</h2><div class="spacer battle-history"><br></div><div class="battle-history">Toxapex, come back!<br></div><div class="battle-history">Go! <strong>Tapu Lele</strong>!<br></div><div class="battle-history"><small>[Tapu Lele's Psychic Surge]</small><br><small>The battlefield got weird!</small><br></div><div class="spacer battle-history"><br></div><div class="battle-history">The opposing Mew used <strong>Defog</strong>!<br></div><div class="battle-history"><small>Tapu Lele's evasiveness fell!</small><br></div><div class="battle-history"><small>The pointed stones disappeared from around the opposing team!</small><br></div><div class="spacer battle-history"><br></div><div class="battle-history"><small>The opposing Mew restored a little HP using its Leftovers!</small><br></div><div class="battle-history"><small>The opposing Mew was hurt by poison!</small><br></div><div class="spacer battle-history"><br></div><h2 class="battle-history">Turn 19</h2><div class="spacer battle-history"><br></div><div class="battle-history">Tapu Lele used <strong>Moonblast</strong>!<br></div><div class="battle-history"><small>(The opposing Mew lost <abbr title="−115/401">28.7%</abbr> of its health!)</small><br></div><div class="spacer battle-history"><br></div><div class="battle-history">The opposing Mew fainted!<br></div><div class="spacer battle-history"><br></div><div class="battle-history">Makesuit sent out <strong>Weavile</strong>!<br></div><div class="battle-history"><small>[The opposing Weavile's Pressure]</small><br><small>The opposing Weavile is exerting its pressure!</small><br></div><div class="spacer battle-history"><br></div><h2 class="battle-history">Turn 20</h2><div class="spacer battle-history"><br></div><div class="battle-history">Tapu Lele used <strong>Moonblast</strong>!<br></div><div class="battle-history"><small>It's super effective!</small><br></div><div class="battle-history"><small>(The opposing Weavile lost <abbr title="−211/281">75.1%</abbr> of its health!)</small><br></div><div class="spacer battle-history"><br></div><div class="battle-history">The opposing Weavile fainted!<br></div><div class="chat chatmessage-jitelsicario"><strong style="color:hsl(339,86%,43%)"><small>☆</small><span class="username" data-name="Jit El Sicario">Jit El Sicario</span>:</strong> <em>lel</em></div><div class="chat chatmessage-makesuit"><strong style="color:hsl(57,64%,37%)"><small>☆</small><span class="username" data-name="Makesuit">Makesuit</span>:</strong> <em>k</em></div><div class="chat chatmessage-makesuit"><strong style="color:hsl(57,64%,37%)"><small>☆</small><span class="username" data-name="Makesuit">Makesuit</span>:</strong> <em>a lul</em></div><div class="chat chatmessage-jitelsicario"><strong style="color:hsl(339,86%,43%)"><small>☆</small><span class="username" data-name="Jit El Sicario">Jit El Sicario</span>:</strong> <em>weavile sin speed?</em></div><div class="chat chatmessage-makesuit"><strong style="color:hsl(57,64%,37%)"><small>☆</small><span class="username" data-name="Makesuit">Makesuit</span>:</strong> <em>c borraron los evs</em></div><div class="chat chatmessage-jitelsicario"><strong style="color:hsl(339,86%,43%)"><small>☆</small><span class="username" data-name="Jit El Sicario">Jit El Sicario</span>:</strong> <em>bueno</em></div><div class="chat chatmessage-makesuit"><strong style="color:hsl(57,64%,37%)"><small>☆</small><span class="username" data-name="Makesuit">Makesuit</span>:</strong> <em>como k weavile sin speed lmao</em></div><div class="chat chatmessage-jitelsicario"><strong style="color:hsl(339,86%,43%)"><small>☆</small><span class="username" data-name="Jit El Sicario">Jit El Sicario</span>:</strong> <em>igual tenia las de ganar</em></div><div class="spacer battle-history"><br></div><div class="battle-history">Makesuit sent out <strong>Tapu Bulu</strong>!<br></div><div class="battle-history"><small>[The opposing Tapu Bulu's Grassy Surge]</small><br><small>Grass grew to cover the battlefield!</small><br></div><div class="spacer battle-history"><br></div><h2 class="battle-history">Turn 21</h2><div class="spacer battle-history"><br></div><div class="battle-history">Tapu Lele, come back!<br></div><div class="battle-history">Go! <strong>Toxapex</strong>!<br></div><div class="spacer battle-history"><br></div><div class="battle-history">The opposing Tapu Bulu used <strong>Wood Hammer</strong>!<br></div><div class="battle-history"><small>(Toxapex lost <abbr title="−180/301">59.8%</abbr> of its health!)</small><br></div><div class="battle-history"><small>The opposing Tapu Bulu is damaged by the recoil!</small><br></div><div class="spacer battle-history"><br></div><div class="battle-history"><small>The opposing Tapu Bulu restored HP using its Grassy Terrain!</small><br></div><div class="battle-history"><small>Toxapex restored a little HP using its Black Sludge!</small><br></div><div class="battle-history"><small>Toxapex restored HP using its Grassy Terrain!</small><br></div><div class="spacer battle-history"><br></div><h2 class="battle-history">Turn 22</h2><div class="chat chatmessage-makesuit"><strong style="color:hsl(57,64%,37%)"><small>☆</small><span class="username" data-name="Makesuit">Makesuit</span>:</strong> <em>n</em></div><div class="chat chatmessage-jitelsicario"><strong style="color:hsl(339,86%,43%)"><small>☆</small><span class="username" data-name="Jit El Sicario">Jit El Sicario</span>:</strong> <em>si</em></div><div class="chat chatmessage-makesuit"><strong style="color:hsl(57,64%,37%)"><small>☆</small><span class="username" data-name="Makesuit">Makesuit</span>:</strong> <em>entraba bulu ganaba weavile</em></div><div class="chat chatmessage-makesuit"><strong style="color:hsl(57,64%,37%)"><small>☆</small><span class="username" data-name="Makesuit">Makesuit</span>:</strong> <em>k</em></div><div class="chat chatmessage-jitelsicario"><strong style="color:hsl(339,86%,43%)"><small>☆</small><span class="username" data-name="Jit El Sicario">Jit El Sicario</span>:</strong> <em>nop</em></div><div class="chat chatmessage-jitelsicario"><strong style="color:hsl(339,86%,43%)"><small>☆</small><span class="username" data-name="Jit El Sicario">Jit El Sicario</span>:</strong> <em>habias tirado knock</em></div><div class="spacer battle-history"><br></div><div class="battle-history">Toxapex, come back!<br></div><div class="battle-history">Go! <strong>Tapu Lele</strong>!<br></div><div class="battle-history"><small>[Tapu Lele's Psychic Surge]</small><br><small>The battlefield got weird!</small><br></div><div class="spacer battle-history"><br></div><div class="battle-history">The opposing Tapu Bulu used <strong>Horn Leech</strong>!<br></div><div class="battle-history"><small>(Tapu Lele lost <abbr title="−145/281">51.6%</abbr> of its health!)</small><br></div><div class="battle-history"><small>Tapu Lele had its energy drained!</small><br></div><div class="spacer battle-history"><br></div><h2 class="battle-history">Turn 23</h2><div class="chat chatmessage-jitelsicario"><strong style="color:hsl(339,86%,43%)"><small>☆</small><span class="username" data-name="Jit El Sicario">Jit El Sicario</span>:</strong> <em>so</em></div><div class="chat chatmessage-jitelsicario"><strong style="color:hsl(339,86%,43%)"><small>☆</small><span class="username" data-name="Jit El Sicario">Jit El Sicario</span>:</strong> <em>muere lele</em></div><div class="chat chatmessage-jitelsicario"><strong style="color:hsl(339,86%,43%)"><small>☆</small><span class="username" data-name="Jit El Sicario">Jit El Sicario</span>:</strong> <em>entra lucha</em></div><div class="chat chatmessage-jitelsicario"><strong style="color:hsl(339,86%,43%)"><small>☆</small><span class="username" data-name="Jit El Sicario">Jit El Sicario</span>:</strong> <em>y gano</em></div><div class="chat chatmessage-makesuit"><strong style="color:hsl(57,64%,37%)"><small>☆</small><span class="username" data-name="Makesuit">Makesuit</span>:</strong> <em>tire z</em></div><div class="chat chatmessage-makesuit"><strong style="color:hsl(57,64%,37%)"><small>☆</small><span class="username" data-name="Makesuit">Makesuit</span>:</strong> <em>no knock</em></div><div class="chat chatmessage-makesuit"><strong style="color:hsl(57,64%,37%)"><small>☆</small><span class="username" data-name="Makesuit">Makesuit</span>:</strong> <em>k</em></div><div class="chat chatmessage-jitelsicario"><strong style="color:hsl(339,86%,43%)"><small>☆</small><span class="username" data-name="Jit El Sicario">Jit El Sicario</span>:</strong> <em>de todos modos gana licha xD</em></div><div class="spacer battle-history"><br></div><div class="battle-history">Tapu Lele used <strong>Psychic</strong>!<br></div><div class="battle-history"><small>(The opposing Tapu Bulu lost <abbr title="−156/343">45.5%</abbr> of its health!)</small><br></div><div class="spacer battle-history"><br></div><div class="battle-history">The opposing Tapu Bulu used <strong>Horn Leech</strong>!<br></div><div class="battle-history"><small>(Tapu Lele lost <abbr title="−105/281">37.4%</abbr> of its health!)</small><br></div><div class="battle-history"><small>Tapu Lele had its energy drained!</small><br></div><div class="spacer battle-history"><br></div><div class="battle-history">Tapu Lele fainted!<br></div><div class="spacer battle-history"><br></div><div class="battle-history">Go! <strong>Hawlucha</strong>!<br></div><div class="battle-history"><small>(Hawlucha used its Psychic Seed!)</small><br></div><div class="battle-history"><small>Hawlucha's Special Defense rose!</small><br></div><div class="spacer battle-history"><br></div><h2 class="battle-history">Turn 24</h2><div class="spacer battle-history"><br></div><div class="battle-history">Makesuit withdrew Tapu Bulu!<br></div><div class="battle-history">Makesuit sent out Landorus (<strong>Landorus-Therian</strong>)!<br></div><div class="battle-history"><small>[The opposing Landorus's Intimidate]</small><br></div><div class="battle-history"><small>Hawlucha's Attack fell!</small><br></div><div class="spacer battle-history"><br></div><div class="battle-history">Hawlucha used <strong>Bulk Up</strong>!<br></div><div class="battle-history"><small>Hawlucha's Attack rose!</small><br></div><div class="battle-history"><small>Hawlucha's Defense rose!</small><br></div><div class="spacer battle-history"><br></div><h2 class="battle-history">Turn 25</h2><div class="spacer battle-history"><br></div><div class="battle-history">Hawlucha used <strong>Bulk Up</strong>!<br></div><div class="battle-history"><small>Hawlucha's Attack rose!</small><br></div><div class="battle-history"><small>Hawlucha's Defense rose!</small><br></div><div class="spacer battle-history"><br></div><div class="battle-history">The opposing Landorus used <strong>Hidden Power</strong>!<br></div><div class="battle-history"><small>It's super effective!</small><br></div><div class="battle-history"><small>(Hawlucha lost <abbr title="−68/359">18.9%</abbr> of its health!)</small><br></div><div class="spacer battle-history"><br></div><h2 class="battle-history">Turn 26</h2><div class="chat chatmessage-makesuit"><strong style="color:hsl(57,64%,37%)"><small>☆</small><span class="username" data-name="Makesuit">Makesuit</span>:</strong> <em>tengo otros teams</em></div><div class="chat chatmessage-makesuit"><strong style="color:hsl(57,64%,37%)"><small>☆</small><span class="username" data-name="Makesuit">Makesuit</span>:</strong> <em>quieres otra?</em></div><div class="chat chatmessage-jitelsicario"><strong style="color:hsl(339,86%,43%)"><small>☆</small><span class="username" data-name="Jit El Sicario">Jit El Sicario</span>:</strong> <em>ok</em></div><div class="chat chatmessage-jitelsicario"><strong style="color:hsl(339,86%,43%)"><small>☆</small><span class="username" data-name="Jit El Sicario">Jit El Sicario</span>:</strong> <em>si</em></div><div class="spacer battle-history"><br></div><div class="battle-history"><small>Makesuit se rindió.</small><br></div><div class="spacer battle-history"><br></div><div class="battle-history"><strong>Jit El Sicario</strong> won the battle!<br></div></div><div class="inner-preempt"></div></div></div>
</div>
<script>
let daily = Math.floor(Date.now()/1000/60/60/24);document.write('<script src="https://play.pokemonshowdown.com/js/replay-embed.js?version'+daily+'"></'+'script>');
</script>
