<!DOCTYPE html>
<meta charset="utf-8" />
<!-- version 1 -->
<title>OU replay: Onii Chan 7w7 vs. Jamonnn</title>
<style>
html,body {font-family:Verdana, sans-serif;font-size:10pt;margin:0;padding:0;}body{padding:12px 0;} .battle-log {font-family:Verdana, sans-serif;font-size:10pt;} .battle-log-inline {border:1px solid #AAAAAA;background:#EEF2F5;color:black;max-width:640px;margin:0 auto 80px;padding-bottom:5px;} .battle-log .inner {padding:4px 8px 0px 8px;} .battle-log .inner-preempt {padding:0 8px 4px 8px;} .battle-log .inner-after {margin-top:0.5em;} .battle-log h2 {margin:0.5em -8px;padding:4px 8px;border:1px solid #AAAAAA;background:#E0E7EA;border-left:0;border-right:0;font-family:Verdana, sans-serif;font-size:13pt;} .battle-log .chat {vertical-align:middle;padding:3px 0 3px 0;font-size:8pt;} .battle-log .chat strong {color:#40576A;} .battle-log .chat em {padding:1px 4px 1px 3px;color:#000000;font-style:normal;} .chat.mine {background:rgba(0,0,0,0.05);margin-left:-8px;margin-right:-8px;padding-left:8px;padding-right:8px;} .spoiler {color:#BBBBBB;background:#BBBBBB;padding:0px 3px;} .spoiler:hover, .spoiler:active, .spoiler-shown {color:#000000;background:#E2E2E2;padding:0px 3px;} .spoiler a {color:#BBBBBB;} .spoiler:hover a, .spoiler:active a, .spoiler-shown a {color:#2288CC;} .chat code, .chat .spoiler:hover code, .chat .spoiler:active code, .chat .spoiler-shown code {border:1px solid #C0C0C0;background:#EEEEEE;color:black;padding:0 2px;} .chat .spoiler code {border:1px solid #CCCCCC;background:#CCCCCC;color:#CCCCCC;} .battle-log .rated {padding:3px 4px;} .battle-log .rated strong {color:white;background:#89A;padding:1px 4px;border-radius:4px;} .spacer {margin-top:0.5em;} .message-announce {background:#6688AA;color:white;padding:1px 4px 2px;} .message-announce a, .broadcast-green a, .broadcast-blue a, .broadcast-red a {color:#DDEEFF;} .broadcast-green {background-color:#559955;color:white;padding:2px 4px;} .broadcast-blue {background-color:#6688AA;color:white;padding:2px 4px;} .infobox {border:1px solid #6688AA;padding:2px 4px;} .infobox-limited {max-height:200px;overflow:auto;overflow-x:hidden;} .broadcast-red {background-color:#AA5544;color:white;padding:2px 4px;} .message-learn-canlearn {font-weight:bold;color:#228822;text-decoration:underline;} .message-learn-cannotlearn {font-weight:bold;color:#CC2222;text-decoration:underline;} .message-effect-weak {font-weight:bold;color:#CC2222;} .message-effect-resist {font-weight:bold;color:#6688AA;} .message-effect-immune {font-weight:bold;color:#666666;} .message-learn-list {margin-top:0;margin-bottom:0;} .message-throttle-notice, .message-error {color:#992222;} .message-overflow, .chat small.message-overflow {font-size:0pt;} .message-overflow::before {font-size:9pt;content:'...';} .subtle {color:#3A4A66;}
</style>
<div class="wrapper replay-wrapper" style="max-width:1180px;margin:0 auto">
<input type="hidden" name="replayid" value="destiny-ou-526966" />
<div class="battle"></div><div class="battle-log"></div><div class="replay-controls"></div><div class="replay-controls-2"></div>
<h1 style="font-weight:normal;text-align:center"><strong>OU</strong><br /><a href="http://pokemonshowdown.com/users/oniichan7w7" class="subtle" target="_blank">Onii Chan 7w7</a> vs. <a href="http://pokemonshowdown.com/users/jamonnn" class="subtle" target="_blank">Jamonnn</a></h1>
<script type="text/plain" class="battle-log-data">|player|p1|Onii Chan 7w7|2006
|teamsize|p1|6
|player|p2|Jamonnn|247
|teamsize|p2|6
|teamsize|p1|6
|teamsize|p2|6
|gametype|singles
|gen|7
|tier|OU
|rated
|seed|53705,4448,29480,8826
|rule|Cláusula-Mod de Dormir: solo puedes dormir a uno de tus oponentes a la vez.
|rule|Cláusula de Especie: Hasta un Pokémon de cada especie
|rule|Cláusula de Golpe Fulminante: los movimientos fulminantes (OHKO) estan prohibidos
|rule|Cláusula de Veleta: la habilidad Veleta está prohibida
|rule|Cláusula de Movimientos Evasivos: los movimientos de Evasión están prohibidos.
|rule|Cláusula de Batallas Eternas: forzar batallas eternas está prohibido
|clearpoke
|poke|p1|Charizard, M, shiny|item
|poke|p1|Magearna|item
|poke|p1|Zeraora|item
|poke|p1|Rotom-Wash, shiny|item
|poke|p1|Tapu Lele|item
|poke|p1|Landorus-Therian, M, shiny|item
|poke|p2|Charizard, F|item
|poke|p2|Hippowdon, F|item
|poke|p2|Keldeo|item
|poke|p2|Heatran, F|item
|poke|p2|Dragonite, F|item
|poke|p2|Clefable, F|item
|teampreview|undefined
|choice|*|*team 523416
|choice|*team 321456|*
|choice|team 3, 2, 1, 4, 5, 6|team 5, 2, 3, 4, 1, 6
|
|start
|switch|p1a: Zeraora|Zeraora|317\/317
|switch|p2a: Dragonite|Dragonite, F|323\/323
|-item|p1a: Zeraora|Air Balloon
|turn|1
|choice|*move 4|*
|choice|*|*move 2
|choice|move outrage|move earthquake
|
|move|p1a: Zeraora|Outrage|p2a: Dragonite
|-supereffective|p2a: Dragonite
|-damage|p2a: Dragonite|183\/323
|move|p2a: Dragonite|Earthquake|p1a: Zeraora
|-immune|p1a: Zeraora|[msg]
|
|upkeep
|turn|2
|choice|*move 1|*
|choice|*|*switch 2
|choice|move outrage|switch 2
|
|switch|p2a: Hippowdon|Hippowdon, F|420\/420
|-weather|Sandstorm|[from] ability: Sand Stream|[of] p2a: Hippowdon
|move|p1a: Zeraora|Outrage|p2a: Hippowdon|[from]lockedmove
|-damage|p2a: Hippowdon|307\/420
|-start|p1a: Zeraora|confusion|[fatigue]
|
|-weather|Sandstorm|[upkeep]
|-damage|p1a: Zeraora|298\/317|[from] sandstorm
|-heal|p2a: Hippowdon|333\/420|[from] item: Leftovers
|upkeep
|turn|3
|choice|*|*move 3
|choice|*switch 4|*
|choice|switch 4|move toxic
|
|switch|p1a: Rotom|Rotom-Wash, shiny|303\/303
|move|p2a: Hippowdon|Toxic|p1a: Rotom
|-status|p1a: Rotom|tox
|
|-weather|Sandstorm|[upkeep]
|-damage|p1a: Rotom|285\/303 tox|[from] sandstorm
|-heal|p1a: Rotom|303\/303 tox|[from] item: Leftovers
|-heal|p2a: Hippowdon|359\/420|[from] item: Leftovers
|-damage|p1a: Rotom|285\/303 tox|[from] psn
|upkeep
|turn|4
|choice|*|*move 2
|choice|*move 2|*
|choice|move willowisp|move stealthrock
|
|move|p1a: Rotom|Will-O-Wisp|p2a: Hippowdon
|-status|p2a: Hippowdon|brn
|move|p2a: Hippowdon|Stealth Rock|p1a: Rotom
|-sidestart|p1: Onii Chan 7w7|move: Stealth Rock
|
|-weather|Sandstorm|[upkeep]
|-damage|p1a: Rotom|267\/303 tox|[from] sandstorm
|-heal|p1a: Rotom|285\/303 tox|[from] item: Leftovers
|-heal|p2a: Hippowdon|385\/420 brn|[from] item: Leftovers
|-damage|p1a: Rotom|249\/303 tox|[from] psn
|-damage|p2a: Hippowdon|359\/420 brn|[from] brn
|upkeep
|turn|5
|choice|*move 1|*
|choice|*|*move 4
|choice|move defog|move earthquake
|
|move|p1a: Rotom|Defog|p2a: Hippowdon
|-unboost|p2a: Hippowdon|evasion|1
|-sideend|p1: Onii Chan 7w7|Stealth Rock|[from] move: Defog|[of] p1a: Rotom
|move|p2a: Hippowdon|Earthquake|p1a: Rotom
|-immune|p1a: Rotom|[msg]|[from] ability: Levitate
|
|-weather|Sandstorm|[upkeep]
|-damage|p1a: Rotom|231\/303 tox|[from] sandstorm
|-heal|p1a: Rotom|249\/303 tox|[from] item: Leftovers
|-heal|p2a: Hippowdon|385\/420 brn|[from] item: Leftovers
|-damage|p1a: Rotom|195\/303 tox|[from] psn
|-damage|p2a: Hippowdon|359\/420 brn|[from] brn
|upkeep
|turn|6
|choice|*|*move 1
|choice|*switch 5|*
|choice|switch 5|move slackoff
|
|switch|p1a: Tapu Lele|Tapu Lele|281\/281
|-fieldstart|move: Psychic Terrain|[from] ability: Psychic Surge|[of] p1a: Tapu Lele
|move|p2a: Hippowdon|Slack Off|p2a: Hippowdon
|-heal|p2a: Hippowdon|420\/420 brn
|
|-weather|none
|-damage|p2a: Hippowdon|394\/420 brn|[from] brn
|upkeep
|turn|7
|choice|*move 2|*
|choice|*move 2|*
|choice|*|*move 3
|choice|move aromatherapy|move toxic
|
|move|p1a: Tapu Lele|Aromatherapy|p1a: Tapu Lele
|-activate|p1a: Tapu Lele|move: Aromatherapy
|-curestatus|p1: Rotom|tox|[msg]
|move|p2a: Hippowdon|Toxic|p1a: Tapu Lele
|-status|p1a: Tapu Lele|tox
|
|-heal|p2a: Hippowdon|420\/420 brn|[from] item: Leftovers
|-damage|p1a: Tapu Lele|264\/281 tox|[from] psn
|-damage|p2a: Hippowdon|394\/420 brn|[from] brn
|upkeep
|turn|8
|choice|*move 2|*
|choice|*|*move 4
|choice|move aromatherapy|move earthquake
|
|move|p1a: Tapu Lele|Aromatherapy|p1a: Tapu Lele
|-activate|p1a: Tapu Lele|move: Aromatherapy
|-curestatus|p1a: Tapu Lele|tox|[msg]
|move|p2a: Hippowdon|Earthquake|p1a: Tapu Lele
|-damage|p1a: Tapu Lele|187\/281
|
|-heal|p2a: Hippowdon|420\/420 brn|[from] item: Leftovers
|-damage|p2a: Hippowdon|394\/420 brn|[from] brn
|upkeep
|turn|9
|choice|*|*move 4
|choice|*switch 6|*
|choice|switch 6|move earthquake
|
|switch|p1a: Landorus|Landorus-Therian, M, shiny|319\/319
|-ability|p1a: Landorus|Intimidate|boost
|-unboost|p2a: Hippowdon|atk|1
|move|p2a: Hippowdon|Earthquake|p1a: Landorus
|-immune|p1a: Landorus|[msg]
|
|-heal|p2a: Hippowdon|420\/420 brn|[from] item: Leftovers
|-damage|p2a: Hippowdon|394\/420 brn|[from] brn
|upkeep
|turn|10
|choice|*|*move 3
|choice|*move 2|*
|choice|move knockoff|move toxic
|
|move|p1a: Landorus|Knock Off|p2a: Hippowdon
|-damage|p2a: Hippowdon|282\/420 brn
|-enditem|p2a: Hippowdon|Leftovers|[from] move: Knock Off|[of] p1a: Landorus
|move|p2a: Hippowdon|Toxic|p1a: Landorus
|-status|p1a: Landorus|tox
|
|-damage|p1a: Landorus|300\/319 tox|[from] psn
|-damage|p2a: Hippowdon|256\/420 brn|[from] brn
|-fieldend|move: Psychic Terrain
|upkeep
|turn|11
|choice|*|*move 2
|choice|*|*move 1
|choice|*move 1|*
|choice|move stealthrock|move slackoff
|
|move|p1a: Landorus|Stealth Rock|p2a: Hippowdon
|-sidestart|p2: Jamonnn|move: Stealth Rock
|move|p2a: Hippowdon|Slack Off|p2a: Hippowdon
|-heal|p2a: Hippowdon|420\/420 brn
|
|-damage|p1a: Landorus|262\/319 tox|[from] psn
|-damage|p2a: Hippowdon|394\/420 brn|[from] brn
|upkeep
|turn|12
|c| AJ Sol De Mayo|q
|choice|*|*move 2
|choice|*move 4|*
|choice|move uturn|move stealthrock
|
|move|p1a: Landorus|U-turn|p2a: Hippowdon
|-damage|p2a: Hippowdon|302\/420 brn
|choice|*switch 5|*
|choice|switch 5|
|
|switch|p1a: Rotom|Rotom-Wash, shiny|195\/303|[from]move: U-turn
|move|p2a: Hippowdon|Stealth Rock|p1a: Rotom
|-sidestart|p1: Onii Chan 7w7|move: Stealth Rock
|
|-heal|p1a: Rotom|213\/303|[from] item: Leftovers
|-damage|p2a: Hippowdon|276\/420 brn|[from] brn
|upkeep
|turn|13
|choice|*move 3|*
|choice|*|*move 3
|choice|move hydropump|move toxic
|
|move|p1a: Rotom|Hydro Pump|p2a: Hippowdon
|-supereffective|p2a: Hippowdon
|-crit|p2a: Hippowdon
|-damage|p2a: Hippowdon|0 fnt
|faint|p2a: Hippowdon
|
|-heal|p1a: Rotom|231\/303|[from] item: Leftovers
|upkeep
|choice|*|*switch 2
|choice||switch 2
|
|switch|p2a: Dragonite|Dragonite, F|183\/323
|-damage|p2a: Dragonite|103\/323|[from] Stealth Rock
|turn|14
|choice|*|*move 3
|choice|*move 4|*
|choice|move thunderwave|move outrage
|
|move|p2a: Dragonite|Outrage|p1a: Rotom
|-damage|p1a: Rotom|0 fnt
|faint|p1a: Rotom
|
|upkeep
|choice|*switch 6|*
|choice|switch 6|
|
|switch|p1a: Tapu Lele|Tapu Lele|187\/281
|-damage|p1a: Tapu Lele|152\/281|[from] Stealth Rock
|-fieldstart|move: Psychic Terrain|[from] ability: Psychic Surge|[of] p1a: Tapu Lele
|turn|15
|choice|*|*move 1
|choice|*move 3|*
|choice|move moonblast|move outrage
|
|move|p1a: Tapu Lele|Moonblast|p2a: Dragonite
|-supereffective|p2a: Dragonite
|-damage|p2a: Dragonite|0 fnt
|faint|p2a: Dragonite
|
|upkeep
|choice|*|*switch 4
|choice||switch 4
|
|switch|p2a: Heatran|Heatran, F|323\/323
|-damage|p2a: Heatran|283\/323|[from] Stealth Rock
|-item|p2a: Heatran|Air Balloon
|turn|16
|choice|*|*move 2
|choice|*switch 5|*
|choice|switch 5|move fireblast
|
|switch|p1a: Landorus|Landorus-Therian, M, shiny|262\/319 tox
|-damage|p1a: Landorus|223\/319 tox|[from] Stealth Rock
|-ability|p1a: Landorus|Intimidate|boost
|-unboost|p2a: Heatran|atk|1
|move|p2a: Heatran|Fire Blast|p1a: Landorus
|-damage|p1a: Landorus|0 fnt
|faint|p1a: Landorus
|
|upkeep
|choice|*switch 4|*
|choice|switch 4|
|
|switch|p1a: Zeraora|Zeraora|298\/317
|-damage|p1a: Zeraora|259\/317|[from] Stealth Rock
|-item|p1a: Zeraora|Air Balloon
|turn|17
|choice|*move 3|*
|choice|*|*move 3
|choice|move closecombat|move earthpower
|
|move|p1a: Zeraora|Close Combat|p2a: Heatran
|-supereffective|p2a: Heatran
|-damage|p2a: Heatran|23\/323
|-enditem|p2a: Heatran|Air Balloon
|-unboost|p1a: Zeraora|def|1
|-unboost|p1a: Zeraora|spd|1
|move|p2a: Heatran|Earth Power|p1a: Zeraora
|-immune|p1a: Zeraora|[msg]
|
|upkeep
|turn|18
|choice|*|*move 2
|choice|*|*move 2
|c|☆Onii Chan 7w7|No me parece que seas muy listo :3
|choice|*move 1|*
|choice|move voltswitch|move fireblast
|
|move|p1a: Zeraora|Volt Switch|p2a: Heatran
|-crit|p2a: Heatran
|-damage|p2a: Heatran|0 fnt
|faint|p2a: Heatran
|choice|*switch 2|*
|choice|switch 2|
|
|switch|p1a: Magearna|Magearna|364\/364|[from]move: Volt Switch
|-damage|p1a: Magearna|342\/364|[from] Stealth Rock
|
|upkeep
|choice|*|*switch 3
|choice||switch 3
|
|switch|p2a: Keldeo|Keldeo|323\/323
|-damage|p2a: Keldeo|303\/323|[from] Stealth Rock
|turn|19
|choice|*|*move 4
|choice|*move 3|*
|choice|move dazzlinggleam|move secretsword
|
|move|p2a: Keldeo|Secret Sword|p1a: Magearna
|-damage|p1a: Magearna|143\/364
|move|p1a: Magearna|Dazzling Gleam|p2a: Keldeo
|-supereffective|p2a: Keldeo
|-damage|p2a: Keldeo|0 fnt
|faint|p2a: Keldeo
|-ability|p1a: Magearna|Soul-Heart|boost
|-boost|p1a: Magearna|spa|1
|
|-fieldend|move: Psychic Terrain
|upkeep
|choice|*|*switch 5
|choice||switch 5
|
|switch|p2a: Charizard|Charizard, F|314\/314
|-damage|p2a: Charizard|157\/314|[from] Stealth Rock
|turn|20
|choice|*move 3|*
|choice|*|*move 2 mega
|choice|move dazzlinggleam|move roost mega
|
|-mega|p2a: Charizard|Charizard|Charizardite Y
|detailschange|p2a: Charizard|Charizard-Mega-Y, F
|-weather|SunnyDay|[from] ability: Drought|[of] p2a: Charizard
|move|p2a: Charizard|Roost|p2a: Charizard
|-heal|p2a: Charizard|314\/314
|move|p1a: Magearna|Dazzling Gleam|p2a: Charizard
|-resisted|p2a: Charizard
|-damage|p2a: Charizard|219\/314
|
|-weather|SunnyDay|[upkeep]
|upkeep
|turn|21
|choice|*|*move 1
|choice|*move 2|*
|choice|move voltswitch|move fireblast
|
|move|p2a: Charizard|Fire Blast|p1a: Magearna
|-supereffective|p1a: Magearna
|-damage|p1a: Magearna|0 fnt
|faint|p1a: Magearna
|
|-weather|SunnyDay|[upkeep]
|upkeep
|choice|*switch 3|*
|choice|switch 3|
|
|switch|p1a: Charizard|Charizard, M, shiny|297\/297
|-damage|p1a: Charizard|149\/297|[from] Stealth Rock
|turn|22
|choice|*|*move 2
|choice|*move 4 mega|*
|choice|move roost mega|move roost
|
|-mega|p1a: Charizard|Charizard|Charizardite X
|detailschange|p1a: Charizard|Charizard-Mega-X, M, shiny
|move|p1a: Charizard|Roost|p1a: Charizard
|-heal|p1a: Charizard|297\/297
|move|p2a: Charizard|Roost|p2a: Charizard
|-heal|p2a: Charizard|314\/314
|
|-weather|SunnyDay|[upkeep]
|upkeep
|turn|23
|choice|*|*move 3
|choice|*move 3|*
|choice|move dragondance|move dragonpulse
|
|move|p1a: Charizard|Dragon Dance|p1a: Charizard
|-boost|p1a: Charizard|atk|1
|-boost|p1a: Charizard|spe|1
|move|p2a: Charizard|Dragon Pulse|p1a: Charizard
|-supereffective|p1a: Charizard
|-damage|p1a: Charizard|0 fnt
|faint|p1a: Charizard
|
|-weather|SunnyDay|[upkeep]
|upkeep
|choice|*switch 5|*
|choice|switch 5|
|
|switch|p1a: Tapu Lele|Tapu Lele|152\/281
|-damage|p1a: Tapu Lele|117\/281|[from] Stealth Rock
|-fieldstart|move: Psychic Terrain|[from] ability: Psychic Surge|[of] p1a: Tapu Lele
|turn|24
|choice|*|*move 1
|choice|*move 1|*
|choice|move psychic|move fireblast
|
|move|p1a: Tapu Lele|Psychic|p2a: Charizard
|-damage|p2a: Charizard|95\/314
|move|p2a: Charizard|Fire Blast|p1a: Tapu Lele
|-damage|p1a: Tapu Lele|0 fnt
|faint|p1a: Tapu Lele
|
|-weather|none
|upkeep
|choice|*switch 2|*
|choice|switch 2|
|
|switch|p1a: Zeraora|Zeraora|259\/317
|-damage|p1a: Zeraora|220\/317|[from] Stealth Rock
|-item|p1a: Zeraora|Air Balloon
|turn|25
|choice|*|*move 2
|choice|*move 2|*
|choice|*|*move 2
|choice|move plasmafists|move roost
|
|move|p1a: Zeraora|Plasma Fists|p2a: Charizard
|-supereffective|p2a: Charizard
|-damage|p2a: Charizard|0 fnt
|-fieldactivate|move: Ion Deluge
|faint|p2a: Charizard
|
|upkeep
|choice|*|*switch 6
|choice||switch 6
|
|switch|p2a: Clefable|Clefable, F|331\/331
|-damage|p2a: Clefable|290\/331|[from] Stealth Rock
|turn|26
|choice|*|*move 3
|choice|*move 1|*
|choice|move voltswitch|move toxic
|
|move|p1a: Zeraora|Volt Switch|p2a: Clefable
|-damage|p2a: Clefable|200\/331
|move|p2a: Clefable|Toxic|p1a: Zeraora
|-status|p1a: Zeraora|tox
|
|-heal|p2a: Clefable|220\/331|[from] item: Leftovers
|-damage|p1a: Zeraora|201\/317 tox|[from] psn
|upkeep
|turn|27
|choice|*move 2|*
|choice|*|*move 2
|choice|move plasmafists|move calmmind
|
|move|p1a: Zeraora|Plasma Fists|p2a: Clefable
|-damage|p2a: Clefable|19\/331
|-fieldactivate|move: Ion Deluge
|move|p2a: Clefable|Calm Mind|p2a: Clefable
|-boost|p2a: Clefable|spa|1
|-boost|p2a: Clefable|spd|1
|
|-heal|p2a: Clefable|39\/331|[from] item: Leftovers
|-damage|p1a: Zeraora|163\/317 tox|[from] psn
|upkeep
|turn|28
|choice|*move 1|*
|choice|*|*move 1
|choice|move voltswitch|move dazzlinggleam
|
|move|p1a: Zeraora|Volt Switch|p2a: Clefable
|-damage|p2a: Clefable|0 fnt
|faint|p2a: Clefable
|
|win|Onii Chan 7w7
Onii Chan 7w7 ha ganado 8 PokeDolares.
|raw|Puntaje de Onii Chan 7w7: 1237 &rarr; <strong>1254<\/strong><br \/>(+17 por ganar)
|raw|Puntaje de Jamonnn: 1130 &rarr; <strong>1118<\/strong><br \/>(-12 por perder)
</script>
</div>
<div class="battle-log battle-log-inline"><div class="inner"><div class="battle-options"></div><div class="inner"><div class=""><small>Format:</small> <br><strong>OU</strong></div><div class="rated"><strong>Rated battle</strong></div><div class=""><small><em>Cláusula-Mod de Dormir:</em> solo puedes dormir a uno de tus oponentes a la vez.</small></div><div class=""><small><em>Cláusula de Especie:</em> Hasta un Pokémon de cada especie</small></div><div class=""><small><em>Cláusula de Golpe Fulminante:</em> los movimientos fulminantes (OHKO) estan prohibidos</small></div><div class=""><small><em>Cláusula de Veleta:</em> la habilidad Veleta está prohibida</small></div><div class=""><small><em>Cláusula de Movimientos Evasivos:</em> los movimientos de Evasión están prohibidos.</small></div><div class=""><small><em>Cláusula de Batallas Eternas:</em> forzar batallas eternas está prohibido</small></div><div class="chat battle-history"><strong>Onii Chan 7w7's team:</strong> <em style="color:#445566;display:block;">Charizard / Magearna / Zeraora / Rotom-Wash / Tapu Lele / Landorus-Therian</em></div><div class="chat battle-history"><strong>Jamonnn's team:</strong> <em style="color:#445566;display:block;">Charizard / Hippowdon / Keldeo / Heatran / Dragonite / Clefable</em></div><div class="spacer battle-history"><br></div><div class="battle-history">Battle started between Onii Chan 7w7 and Jamonnn!<br></div><div class="spacer battle-history"><br></div><div class="battle-history">Go! <strong>Zeraora</strong>!<br></div><div class="spacer battle-history"><br></div><div class="battle-history">Jamonnn sent out <strong>Dragonite</strong>!<br></div><div class="battle-history"><small>Zeraora floats in the air with its Air Balloon!</small><br></div><div class="spacer battle-history"><br></div><h2 class="battle-history">Turn 1</h2><div class="spacer battle-history"><br></div><div class="battle-history">Zeraora used <strong>Outrage</strong>!<br></div><div class="battle-history"><small>It's super effective!</small><br></div><div class="battle-history"><small>(The opposing Dragonite lost <abbr title="−140/323">43.3%</abbr> of its health!)</small><br></div><div class="spacer battle-history"><br></div><div class="battle-history">The opposing Dragonite used <strong>Earthquake</strong>!<br></div><div class="battle-history"><small>It doesn't affect Zeraora...</small><br></div><div class="spacer battle-history"><br></div><h2 class="battle-history">Turn 2</h2><div class="spacer battle-history"><br></div><div class="battle-history">Jamonnn withdrew Dragonite!<br></div><div class="battle-history">Jamonnn sent out <strong>Hippowdon</strong>!<br></div><div class="battle-history"><small>[The opposing Hippowdon's Sand Stream]</small><br><small>A sandstorm kicked up!</small><br></div><div class="spacer battle-history"><br></div><div class="battle-history">Zeraora used <strong>Outrage</strong>!<br></div><div class="battle-history"><small>(The opposing Hippowdon lost <abbr title="−113/420">26.9%</abbr> of its health!)</small><br></div><div class="battle-history"><small>Zeraora became confused due to fatigue!</small><br></div><div class="spacer battle-history"><br></div><div class="battle-history"><small>The sandstorm is raging.</small><br></div><div class="battle-history"><small>Zeraora is buffeted by the sandstorm!</small><br></div><div class="battle-history"><small>The opposing Hippowdon restored a little HP using its Leftovers!</small><br></div><div class="spacer battle-history"><br></div><h2 class="battle-history">Turn 3</h2><div class="spacer battle-history"><br></div><div class="battle-history">Zeraora, come back!<br></div><div class="battle-history">Go! Rotom (<strong>Rotom-Wash</strong>)!<br></div><div class="spacer battle-history"><br></div><div class="battle-history">The opposing Hippowdon used <strong>Toxic</strong>!<br></div><div class="battle-history"><small>Rotom was badly poisoned!</small><br></div><div class="spacer battle-history"><br></div><div class="battle-history"><small>The sandstorm is raging.</small><br></div><div class="battle-history"><small>Rotom is buffeted by the sandstorm!</small><br></div><div class="battle-history"><small>Rotom restored a little HP using its Leftovers!</small><br></div><div class="battle-history"><small>The opposing Hippowdon restored a little HP using its Leftovers!</small><br></div><div class="battle-history"><small>Rotom was hurt by poison!</small><br></div><div class="spacer battle-history"><br></div><h2 class="battle-history">Turn 4</h2><div class="spacer battle-history"><br></div><div class="battle-history">Rotom used <strong>Will-O-Wisp</strong>!<br></div><div class="battle-history"><small>The opposing Hippowdon was burned!</small><br></div><div class="spacer battle-history"><br></div><div class="battle-history">The opposing Hippowdon used <strong>Stealth Rock</strong>!<br></div><div class="battle-history"><small>Pointed stones float in the air around your team!</small><br></div><div class="spacer battle-history"><br></div><div class="battle-history"><small>The sandstorm is raging.</small><br></div><div class="battle-history"><small>Rotom is buffeted by the sandstorm!</small><br></div><div class="battle-history"><small>Rotom restored a little HP using its Leftovers!</small><br></div><div class="battle-history"><small>The opposing Hippowdon restored a little HP using its Leftovers!</small><br></div><div class="battle-history"><small>Rotom was hurt by poison!</small><br></div><div class="battle-history"><small>The opposing Hippowdon was hurt by its burn!</small><br></div><div class="spacer battle-history"><br></div><h2 class="battle-history">Turn 5</h2><div class="spacer battle-history"><br></div><div class="battle-history">Rotom used <strong>Defog</strong>!<br></div><div class="battle-history"><small>The opposing Hippowdon's evasiveness fell!</small><br></div><div class="battle-history"><small>The pointed stones disappeared from around your team!</small><br></div><div class="spacer battle-history"><br></div><div class="battle-history">The opposing Hippowdon used <strong>Earthquake</strong>!<br></div><div class="battle-history"><small>[Rotom's Levitate]</small><br><small>It doesn't affect Rotom...</small><br></div><div class="spacer battle-history"><br></div><div class="battle-history"><small>The sandstorm is raging.</small><br></div><div class="battle-history"><small>Rotom is buffeted by the sandstorm!</small><br></div><div class="battle-history"><small>Rotom restored a little HP using its Leftovers!</small><br></div><div class="battle-history"><small>The opposing Hippowdon restored a little HP using its Leftovers!</small><br></div><div class="battle-history"><small>Rotom was hurt by poison!</small><br></div><div class="battle-history"><small>The opposing Hippowdon was hurt by its burn!</small><br></div><div class="spacer battle-history"><br></div><h2 class="battle-history">Turn 6</h2><div class="spacer battle-history"><br></div><div class="battle-history">Rotom, come back!<br></div><div class="battle-history">Go! <strong>Tapu Lele</strong>!<br></div><div class="battle-history"><small>[Tapu Lele's Psychic Surge]</small><br><small>The battlefield got weird!</small><br></div><div class="spacer battle-history"><br></div><div class="battle-history">The opposing Hippowdon used <strong>Slack Off</strong>!<br></div><div class="battle-history"><small>The opposing Hippowdon restored its HP.</small><br></div><div class="spacer battle-history"><br></div><div class="battle-history"><small>The sandstorm subsided.</small><br></div><div class="battle-history"><small>The opposing Hippowdon was hurt by its burn!</small><br></div><div class="spacer battle-history"><br></div><h2 class="battle-history">Turn 7</h2><div class="spacer battle-history"><br></div><div class="battle-history">Tapu Lele used <strong>Aromatherapy</strong>!<br></div><div class="battle-history"><small>A soothing aroma wafted through the area!</small><br></div><div class="battle-history"><small>Rotom was cured of its poisoning.</small><br></div><div class="spacer battle-history"><br></div><div class="battle-history">The opposing Hippowdon used <strong>Toxic</strong>!<br></div><div class="battle-history"><small>Tapu Lele was badly poisoned!</small><br></div><div class="spacer battle-history"><br></div><div class="battle-history"><small>The opposing Hippowdon restored a little HP using its Leftovers!</small><br></div><div class="battle-history"><small>Tapu Lele was hurt by poison!</small><br></div><div class="battle-history"><small>The opposing Hippowdon was hurt by its burn!</small><br></div><div class="spacer battle-history"><br></div><h2 class="battle-history">Turn 8</h2><div class="spacer battle-history"><br></div><div class="battle-history">Tapu Lele used <strong>Aromatherapy</strong>!<br></div><div class="battle-history"><small>A soothing aroma wafted through the area!</small><br></div><div class="battle-history"><small>Tapu Lele was cured of its poisoning.</small><br></div><div class="spacer battle-history"><br></div><div class="battle-history">The opposing Hippowdon used <strong>Earthquake</strong>!<br></div><div class="battle-history"><small>(Tapu Lele lost <abbr title="−77/281">27.4%</abbr> of its health!)</small><br></div><div class="spacer battle-history"><br></div><div class="battle-history"><small>The opposing Hippowdon restored a little HP using its Leftovers!</small><br></div><div class="battle-history"><small>The opposing Hippowdon was hurt by its burn!</small><br></div><div class="spacer battle-history"><br></div><h2 class="battle-history">Turn 9</h2><div class="spacer battle-history"><br></div><div class="battle-history">Tapu Lele, come back!<br></div><div class="battle-history">Go! Landorus (<strong>Landorus-Therian</strong>)!<br></div><div class="battle-history"><small>[Landorus's Intimidate]</small><br></div><div class="battle-history"><small>The opposing Hippowdon's Attack fell!</small><br></div><div class="spacer battle-history"><br></div><div class="battle-history">The opposing Hippowdon used <strong>Earthquake</strong>!<br></div><div class="battle-history"><small>It doesn't affect Landorus...</small><br></div><div class="spacer battle-history"><br></div><div class="battle-history"><small>The opposing Hippowdon restored a little HP using its Leftovers!</small><br></div><div class="battle-history"><small>The opposing Hippowdon was hurt by its burn!</small><br></div><div class="spacer battle-history"><br></div><h2 class="battle-history">Turn 10</h2><div class="spacer battle-history"><br></div><div class="battle-history">Landorus used <strong>Knock Off</strong>!<br></div><div class="battle-history"><small>(The opposing Hippowdon lost <abbr title="−112/420">26.7%</abbr> of its health!)</small><br></div><div class="battle-history"><small>Landorus knocked off the opposing Hippowdon's Leftovers!</small><br></div><div class="spacer battle-history"><br></div><div class="battle-history">The opposing Hippowdon used <strong>Toxic</strong>!<br></div><div class="battle-history"><small>Landorus was badly poisoned!</small><br></div><div class="spacer battle-history"><br></div><div class="battle-history"><small>Landorus was hurt by poison!</small><br></div><div class="battle-history"><small>The opposing Hippowdon was hurt by its burn!</small><br></div><div class="battle-history"><small>The weirdness disappeared from the battlefield!</small><br></div><div class="spacer battle-history"><br></div><h2 class="battle-history">Turn 11</h2><div class="spacer battle-history"><br></div><div class="battle-history">Landorus used <strong>Stealth Rock</strong>!<br></div><div class="battle-history"><small>Pointed stones float in the air around the opposing team!</small><br></div><div class="spacer battle-history"><br></div><div class="battle-history">The opposing Hippowdon used <strong>Slack Off</strong>!<br></div><div class="battle-history"><small>The opposing Hippowdon restored its HP.</small><br></div><div class="spacer battle-history"><br></div><div class="battle-history"><small>Landorus was hurt by poison!</small><br></div><div class="battle-history"><small>The opposing Hippowdon was hurt by its burn!</small><br></div><div class="spacer battle-history"><br></div><h2 class="battle-history">Turn 12</h2><div class="chat chatmessage-ajsoldemayo"><strong style="color:hsl(0,54%,48.297942272937604%)"><small> </small><span class="username" data-name="AJ Sol De Mayo">AJ Sol De Mayo</span>:</strong> <em>q</em></div><div class="spacer battle-history"><br></div><div class="battle-history">Landorus used <strong>U-turn</strong>!<br></div><div class="battle-history"><small>(The opposing Hippowdon lost <abbr title="−92/420">21.9%</abbr> of its health!)</small><br></div><div class="spacer battle-history"><br></div><div class="battle-history">Landorus went back to Onii Chan 7w7!<br></div><div class="battle-history">Go! Rotom (<strong>Rotom-Wash</strong>)!<br></div><div class="spacer battle-history"><br></div><div class="battle-history">The opposing Hippowdon used <strong>Stealth Rock</strong>!<br></div><div class="battle-history"><small>Pointed stones float in the air around your team!</small><br></div><div class="spacer battle-history"><br></div><div class="battle-history"><small>Rotom restored a little HP using its Leftovers!</small><br></div><div class="battle-history"><small>The opposing Hippowdon was hurt by its burn!</small><br></div><div class="spacer battle-history"><br></div><h2 class="battle-history">Turn 13</h2><div class="spacer battle-history"><br></div><div class="battle-history">Rotom used <strong>Hydro Pump</strong>!<br></div><div class="battle-history"><small>It's super effective!</small><br></div><div class="battle-history"><small>A critical hit!</small><br></div><div class="battle-history"><small>(The opposing Hippowdon lost <abbr title="−276/420">65.7%</abbr> of its health!)</small><br></div><div class="spacer battle-history"><br></div><div class="battle-history">The opposing Hippowdon fainted!<br></div><div class="spacer battle-history"><br></div><div class="battle-history"><small>Rotom restored a little HP using its Leftovers!</small><br></div><div class="spacer battle-history"><br></div><div class="battle-history">Jamonnn sent out <strong>Dragonite</strong>!<br></div><div class="battle-history"><small>Pointed stones dug into the opposing Dragonite!</small><br></div><div class="spacer battle-history"><br></div><h2 class="battle-history">Turn 14</h2><div class="spacer battle-history"><br></div><div class="battle-history">The opposing Dragonite used <strong>Outrage</strong>!<br></div><div class="battle-history"><small>(Rotom lost <abbr title="−231/303">76.2%</abbr> of its health!)</small><br></div><div class="spacer battle-history"><br></div><div class="battle-history">Rotom fainted!<br></div><div class="spacer battle-history"><br></div><div class="battle-history">Go! <strong>Tapu Lele</strong>!<br></div><div class="battle-history"><small>Pointed stones dug into Tapu Lele!</small><br></div><div class="battle-history"><small>[Tapu Lele's Psychic Surge]</small><br><small>The battlefield got weird!</small><br></div><div class="spacer battle-history"><br></div><h2 class="battle-history">Turn 15</h2><div class="spacer battle-history"><br></div><div class="battle-history">Tapu Lele used <strong>Moonblast</strong>!<br></div><div class="battle-history"><small>It's super effective!</small><br></div><div class="battle-history"><small>(The opposing Dragonite lost <abbr title="−103/323">31.9%</abbr> of its health!)</small><br></div><div class="spacer battle-history"><br></div><div class="battle-history">The opposing Dragonite fainted!<br></div><div class="spacer battle-history"><br></div><div class="battle-history">Jamonnn sent out <strong>Heatran</strong>!<br></div><div class="battle-history"><small>Pointed stones dug into the opposing Heatran!</small><br></div><div class="battle-history"><small>The opposing Heatran floats in the air with its Air Balloon!</small><br></div><div class="spacer battle-history"><br></div><h2 class="battle-history">Turn 16</h2><div class="spacer battle-history"><br></div><div class="battle-history">Tapu Lele, come back!<br></div><div class="battle-history">Go! Landorus (<strong>Landorus-Therian</strong>)!<br></div><div class="battle-history"><small>Pointed stones dug into Landorus!</small><br></div><div class="battle-history"><small>[Landorus's Intimidate]</small><br></div><div class="battle-history"><small>The opposing Heatran's Attack fell!</small><br></div><div class="spacer battle-history"><br></div><div class="battle-history">The opposing Heatran used <strong>Fire Blast</strong>!<br></div><div class="battle-history"><small>(Landorus lost <abbr title="−223/319">69.9%</abbr> of its health!)</small><br></div><div class="spacer battle-history"><br></div><div class="battle-history">Landorus fainted!<br></div><div class="spacer battle-history"><br></div><div class="battle-history">Go! <strong>Zeraora</strong>!<br></div><div class="battle-history"><small>Pointed stones dug into Zeraora!</small><br></div><div class="battle-history"><small>Zeraora floats in the air with its Air Balloon!</small><br></div><div class="spacer battle-history"><br></div><h2 class="battle-history">Turn 17</h2><div class="spacer battle-history"><br></div><div class="battle-history">Zeraora used <strong>Close Combat</strong>!<br></div><div class="battle-history"><small>It's super effective!</small><br></div><div class="battle-history"><small>(The opposing Heatran lost <abbr title="−260/323">80.5%</abbr> of its health!)</small><br></div><div class="battle-history"><small>The opposing Heatran's Air Balloon popped!</small><br></div><div class="battle-history"><small>Zeraora's Defense fell!</small><br></div><div class="battle-history"><small>Zeraora's Special Defense fell!</small><br></div><div class="spacer battle-history"><br></div><div class="battle-history">The opposing Heatran used <strong>Earth Power</strong>!<br></div><div class="battle-history"><small>It doesn't affect Zeraora...</small><br></div><div class="spacer battle-history"><br></div><h2 class="battle-history">Turn 18</h2><div class="chat chatmessage-oniichan7w7"><strong style="color:hsl(98,76%,35%)"><small>☆</small><span class="username" data-name="Onii Chan 7w7">Onii Chan 7w7</span>:</strong> <em>No me parece que seas muy listo :3</em></div><div class="spacer battle-history"><br></div><div class="battle-history">Zeraora used <strong>Volt Switch</strong>!<br></div><div class="battle-history"><small>A critical hit!</small><br></div><div class="battle-history"><small>(The opposing Heatran lost <abbr title="−23/323">7.1%</abbr> of its health!)</small><br></div><div class="spacer battle-history"><br></div><div class="battle-history">The opposing Heatran fainted!<br></div><div class="spacer battle-history"><br></div><div class="battle-history">Zeraora went back to Onii Chan 7w7!<br></div><div class="battle-history">Go! <strong>Magearna</strong>!<br></div><div class="battle-history"><small>Pointed stones dug into Magearna!</small><br></div><div class="spacer battle-history"><br></div><div class="battle-history">Jamonnn sent out <strong>Keldeo</strong>!<br></div><div class="battle-history"><small>Pointed stones dug into the opposing Keldeo!</small><br></div><div class="spacer battle-history"><br></div><h2 class="battle-history">Turn 19</h2><div class="spacer battle-history"><br></div><div class="battle-history">The opposing Keldeo used <strong>Secret Sword</strong>!<br></div><div class="battle-history"><small>(Magearna lost <abbr title="−199/364">54.7%</abbr> of its health!)</small><br></div><div class="spacer battle-history"><br></div><div class="battle-history">Magearna used <strong>Dazzling Gleam</strong>!<br></div><div class="battle-history"><small>It's super effective!</small><br></div><div class="battle-history"><small>(The opposing Keldeo lost <abbr title="−303/323">93.8%</abbr> of its health!)</small><br></div><div class="spacer battle-history"><br></div><div class="battle-history">The opposing Keldeo fainted!<br></div><div class="battle-history"><small>[Magearna's Soul-Heart]</small><br></div><div class="battle-history"><small>Magearna's Special Attack rose!</small><br></div><div class="spacer battle-history"><br></div><div class="battle-history"><small>The weirdness disappeared from the battlefield!</small><br></div><div class="spacer battle-history"><br></div><div class="battle-history">Jamonnn sent out <strong>Charizard</strong>!<br></div><div class="battle-history"><small>Pointed stones dug into the opposing Charizard!</small><br></div><div class="spacer battle-history"><br></div><h2 class="battle-history">Turn 20</h2><div class="spacer battle-history"><br></div><div class="battle-history"><small>The opposing Charizard's Charizardite Y is reacting to the Key Stone!</small><br>The opposing Charizard has Mega Evolved into Mega Charizard!<br></div><div class="battle-history"><small>[The opposing Charizard's Drought]</small><br><small>The sunlight turned harsh!</small><br></div><div class="spacer battle-history"><br></div><div class="battle-history">The opposing Charizard used <strong>Roost</strong>!<br></div><div class="battle-history"><small>The opposing Charizard restored its HP.</small><br></div><div class="spacer battle-history"><br></div><div class="battle-history">Magearna used <strong>Dazzling Gleam</strong>!<br></div><div class="battle-history"><small>It's not very effective...</small><br></div><div class="battle-history"><small>(The opposing Charizard lost <abbr title="−95/314">30.3%</abbr> of its health!)</small><br></div><div class="spacer battle-history"><br></div><div class="battle-history"><small>(The sunlight is strong!)</small><br></div><div class="spacer battle-history"><br></div><h2 class="battle-history">Turn 21</h2><div class="spacer battle-history"><br></div><div class="battle-history">The opposing Charizard used <strong>Fire Blast</strong>!<br></div><div class="battle-history"><small>It's super effective!</small><br></div><div class="battle-history"><small>(Magearna lost <abbr title="−143/364">39.3%</abbr> of its health!)</small><br></div><div class="spacer battle-history"><br></div><div class="battle-history">Magearna fainted!<br></div><div class="spacer battle-history"><br></div><div class="battle-history"><small>(The sunlight is strong!)</small><br></div><div class="spacer battle-history"><br></div><div class="battle-history">Go! <strong>Charizard</strong>!<br></div><div class="battle-history"><small>Pointed stones dug into Charizard!</small><br></div><div class="spacer battle-history"><br></div><h2 class="battle-history">Turn 22</h2><div class="spacer battle-history"><br></div><div class="battle-history"><small>Charizard's Charizardite X is reacting to the Key Stone!</small><br>Charizard has Mega Evolved into Mega Charizard!<br></div><div class="spacer battle-history"><br></div><div class="battle-history">Charizard used <strong>Roost</strong>!<br></div><div class="battle-history"><small>Charizard restored its HP.</small><br></div><div class="spacer battle-history"><br></div><div class="battle-history">The opposing Charizard used <strong>Roost</strong>!<br></div><div class="battle-history"><small>The opposing Charizard restored its HP.</small><br></div><div class="spacer battle-history"><br></div><div class="battle-history"><small>(The sunlight is strong!)</small><br></div><div class="spacer battle-history"><br></div><h2 class="battle-history">Turn 23</h2><div class="spacer battle-history"><br></div><div class="battle-history">Charizard used <strong>Dragon Dance</strong>!<br></div><div class="battle-history"><small>Charizard's Attack rose!</small><br></div><div class="battle-history"><small>Charizard's Speed rose!</small><br></div><div class="spacer battle-history"><br></div><div class="battle-history">The opposing Charizard used <strong>Dragon Pulse</strong>!<br></div><div class="battle-history"><small>It's super effective!</small><br></div><div class="battle-history"><small>(Charizard lost <abbr title="−297/297">100%</abbr> of its health!)</small><br></div><div class="spacer battle-history"><br></div><div class="battle-history">Charizard fainted!<br></div><div class="spacer battle-history"><br></div><div class="battle-history"><small>(The sunlight is strong!)</small><br></div><div class="spacer battle-history"><br></div><div class="battle-history">Go! <strong>Tapu Lele</strong>!<br></div><div class="battle-history"><small>Pointed stones dug into Tapu Lele!</small><br></div><div class="battle-history"><small>[Tapu Lele's Psychic Surge]</small><br><small>The battlefield got weird!</small><br></div><div class="spacer battle-history"><br></div><h2 class="battle-history">Turn 24</h2><div class="spacer battle-history"><br></div><div class="battle-history">Tapu Lele used <strong>Psychic</strong>!<br></div><div class="battle-history"><small>(The opposing Charizard lost <abbr title="−219/314">69.7%</abbr> of its health!)</small><br></div><div class="spacer battle-history"><br></div><div class="battle-history">The opposing Charizard used <strong>Fire Blast</strong>!<br></div><div class="battle-history"><small>(Tapu Lele lost <abbr title="−117/281">41.6%</abbr> of its health!)</small><br></div><div class="spacer battle-history"><br></div><div class="battle-history">Tapu Lele fainted!<br></div><div class="spacer battle-history"><br></div><div class="battle-history"><small>The sunlight faded.</small><br></div><div class="spacer battle-history"><br></div><div class="battle-history">Go! <strong>Zeraora</strong>!<br></div><div class="battle-history"><small>Pointed stones dug into Zeraora!</small><br></div><div class="battle-history"><small>Zeraora floats in the air with its Air Balloon!</small><br></div><div class="spacer battle-history"><br></div><h2 class="battle-history">Turn 25</h2><div class="spacer battle-history"><br></div><div class="battle-history">Zeraora used <strong>Plasma Fists</strong>!<br></div><div class="battle-history"><small>It's super effective!</small><br></div><div class="battle-history"><small>(The opposing Charizard lost <abbr title="−95/314">30.3%</abbr> of its health!)</small><br></div><div class="battle-history"><small>A deluge of ions showers the battlefield!</small><br></div><div class="spacer battle-history"><br></div><div class="battle-history">The opposing Charizard fainted!<br></div><div class="spacer battle-history"><br></div><div class="battle-history">Jamonnn sent out <strong>Clefable</strong>!<br></div><div class="battle-history"><small>Pointed stones dug into the opposing Clefable!</small><br></div><div class="spacer battle-history"><br></div><h2 class="battle-history">Turn 26</h2><div class="spacer battle-history"><br></div><div class="battle-history">Zeraora used <strong>Volt Switch</strong>!<br></div><div class="battle-history"><small>(The opposing Clefable lost <abbr title="−90/331">27.2%</abbr> of its health!)</small><br></div><div class="spacer battle-history"><br></div><div class="battle-history">The opposing Clefable used <strong>Toxic</strong>!<br></div><div class="battle-history"><small>Zeraora was badly poisoned!</small><br></div><div class="spacer battle-history"><br></div><div class="battle-history"><small>The opposing Clefable restored a little HP using its Leftovers!</small><br></div><div class="battle-history"><small>Zeraora was hurt by poison!</small><br></div><div class="spacer battle-history"><br></div><h2 class="battle-history">Turn 27</h2><div class="spacer battle-history"><br></div><div class="battle-history">Zeraora used <strong>Plasma Fists</strong>!<br></div><div class="battle-history"><small>(The opposing Clefable lost <abbr title="−201/331">60.7%</abbr> of its health!)</small><br></div><div class="battle-history"><small>A deluge of ions showers the battlefield!</small><br></div><div class="spacer battle-history"><br></div><div class="battle-history">The opposing Clefable used <strong>Calm Mind</strong>!<br></div><div class="battle-history"><small>The opposing Clefable's Special Attack rose!</small><br></div><div class="battle-history"><small>The opposing Clefable's Special Defense rose!</small><br></div><div class="spacer battle-history"><br></div><div class="battle-history"><small>The opposing Clefable restored a little HP using its Leftovers!</small><br></div><div class="battle-history"><small>Zeraora was hurt by poison!</small><br></div><div class="spacer battle-history"><br></div><h2 class="battle-history">Turn 28</h2><div class="spacer battle-history"><br></div><div class="battle-history">Zeraora used <strong>Volt Switch</strong>!<br></div><div class="battle-history"><small>(The opposing Clefable lost <abbr title="−39/331">11.8%</abbr> of its health!)</small><br></div><div class="spacer battle-history"><br></div><div class="battle-history">The opposing Clefable fainted!<br></div><div class="spacer battle-history"><br></div><div class="battle-history"><strong>Onii Chan 7w7</strong> won the battle!<br></div><div class="chat">Onii Chan 7w7 ha ganado 8 PokeDolares.</div><div class="chat">Puntaje de Onii Chan 7w7: 1237 → <strong>1254</strong><br>(+17 por ganar)</div><div class="chat">Puntaje de Jamonnn: 1130 → <strong>1118</strong><br>(-12 por perder)</div></div><div class="inner-preempt"></div></div></div>
</div>
<script>
let daily = Math.floor(Date.now()/1000/60/60/24);document.write('<script src="https://play.pokemonshowdown.com/js/replay-embed.js?version'+daily+'"></'+'script>');
</script>
