<!DOCTYPE html>
<meta charset="utf-8" />
<!-- version 1 -->
<title>OU replay: RayParK_ vs. ❄Inverno</title>
<style>
html,body {font-family:Verdana, sans-serif;font-size:10pt;margin:0;padding:0;}body{padding:12px 0;} .battle-log {font-family:Verdana, sans-serif;font-size:10pt;} .battle-log-inline {border:1px solid #AAAAAA;background:#EEF2F5;color:black;max-width:640px;margin:0 auto 80px;padding-bottom:5px;} .battle-log .inner {padding:4px 8px 0px 8px;} .battle-log .inner-preempt {padding:0 8px 4px 8px;} .battle-log .inner-after {margin-top:0.5em;} .battle-log h2 {margin:0.5em -8px;padding:4px 8px;border:1px solid #AAAAAA;background:#E0E7EA;border-left:0;border-right:0;font-family:Verdana, sans-serif;font-size:13pt;} .battle-log .chat {vertical-align:middle;padding:3px 0 3px 0;font-size:8pt;} .battle-log .chat strong {color:#40576A;} .battle-log .chat em {padding:1px 4px 1px 3px;color:#000000;font-style:normal;} .chat.mine {background:rgba(0,0,0,0.05);margin-left:-8px;margin-right:-8px;padding-left:8px;padding-right:8px;} .spoiler {color:#BBBBBB;background:#BBBBBB;padding:0px 3px;} .spoiler:hover, .spoiler:active, .spoiler-shown {color:#000000;background:#E2E2E2;padding:0px 3px;} .spoiler a {color:#BBBBBB;} .spoiler:hover a, .spoiler:active a, .spoiler-shown a {color:#2288CC;} .chat code, .chat .spoiler:hover code, .chat .spoiler:active code, .chat .spoiler-shown code {border:1px solid #C0C0C0;background:#EEEEEE;color:black;padding:0 2px;} .chat .spoiler code {border:1px solid #CCCCCC;background:#CCCCCC;color:#CCCCCC;} .battle-log .rated {padding:3px 4px;} .battle-log .rated strong {color:white;background:#89A;padding:1px 4px;border-radius:4px;} .spacer {margin-top:0.5em;} .message-announce {background:#6688AA;color:white;padding:1px 4px 2px;} .message-announce a, .broadcast-green a, .broadcast-blue a, .broadcast-red a {color:#DDEEFF;} .broadcast-green {background-color:#559955;color:white;padding:2px 4px;} .broadcast-blue {background-color:#6688AA;color:white;padding:2px 4px;} .infobox {border:1px solid #6688AA;padding:2px 4px;} .infobox-limited {max-height:200px;overflow:auto;overflow-x:hidden;} .broadcast-red {background-color:#AA5544;color:white;padding:2px 4px;} .message-learn-canlearn {font-weight:bold;color:#228822;text-decoration:underline;} .message-learn-cannotlearn {font-weight:bold;color:#CC2222;text-decoration:underline;} .message-effect-weak {font-weight:bold;color:#CC2222;} .message-effect-resist {font-weight:bold;color:#6688AA;} .message-effect-immune {font-weight:bold;color:#666666;} .message-learn-list {margin-top:0;margin-bottom:0;} .message-throttle-notice, .message-error {color:#992222;} .message-overflow, .chat small.message-overflow {font-size:0pt;} .message-overflow::before {font-size:9pt;content:'...';} .subtle {color:#3A4A66;}
</style>
<div class="wrapper replay-wrapper" style="max-width:1180px;margin:0 auto">
<input type="hidden" name="replayid" value="destiny-ou-496244" />
<div class="battle"></div><div class="battle-log"></div><div class="replay-controls"></div><div class="replay-controls-2"></div>
<h1 style="font-weight:normal;text-align:center"><strong>OU</strong><br /><a href="http://pokemonshowdown.com/users/raypark" class="subtle" target="_blank">RayParK_</a> vs. <a href="http://pokemonshowdown.com/users/inverno" class="subtle" target="_blank">❄Inverno</a></h1>
<script type="text/plain" class="battle-log-data">|unlink|||tour
|player|p1|RayParK_|raypark.gif?ef1dc95d
|teamsize|p1|6
|player|p2|❄Inverno|inverno-preview.gif?7156c1b3
|teamsize|p2|6
|teamsize|p1|6
|teamsize|p2|6
|gametype|singles
|gen|7
|tier|OU
|seed|11128,1867,35659,55586
|rule|Cláusula-Mod de Dormir: solo puedes dormir a uno de tus oponentes a la vez.
|rule|Cláusula de Especie: Hasta un Pokémon de cada especie
|rule|Cláusula de Golpe Fulminante: los movimientos fulminantes (OHKO) estan prohibidos
|rule|Cláusula de Veleta: la habilidad Veleta está prohibida
|rule|Cláusula de Movimientos Evasivos: los movimientos de Evasión están prohibidos.
|rule|Cláusula de Batallas Eternas: forzar batallas eternas está prohibido
|clearpoke
|poke|p1|Pelipper, M|item
|poke|p1|Swampert, M|item
|poke|p1|Kingdra, M|item
|poke|p1|Ferrothorn, M|item
|poke|p1|Tapu Koko|item
|poke|p1|Hawlucha, F|item
|poke|p2|Zygarde|item
|poke|p2|Kartana|item
|poke|p2|Diggersby, M|item
|poke|p2|Blacephalon|item
|poke|p2|Greninja, F|item
|poke|p2|Skarmory, F|item
|teampreview|undefined
|c|☆❄Inverno|war
|choice|*team 123456|*
|choice|*|*team 623451
|choice|team 1, 2, 3, 4, 5, 6|team 6, 2, 3, 4, 5, 1
|
|start
|switch|p1a: Pelipper|Pelipper, M|324\/324
|switch|p2a: Skarmory|Skarmory, F|334\/334
|-weather|RainDance|[from] ability: Drizzle|[of] p1a: Pelipper
|turn|1
|choice|*move 3|*
|choice|*|*move 2
|choice|move scald|move stealthrock
|
|move|p2a: Skarmory|Stealth Rock|p1a: Pelipper
|-sidestart|p1: RayParK_|move: Stealth Rock
|move|p1a: Pelipper|Scald|p2a: Skarmory
|-damage|p2a: Skarmory|145\/334
|-enditem|p2a: Skarmory|Red Card|[of] p1a: Pelipper
|drag|p1a: Swampert|Swampert, M|341\/341
|-damage|p1a: Swampert|320\/341|[from] Stealth Rock
|
|-weather|RainDance|[upkeep]
|upkeep
|turn|2
|choice|*move 1 mega|*
|choice|*|*move 1
|choice|move waterfall mega|move spikes
|
|-mega|p1a: Swampert|Swampert|Swampertite
|detailschange|p1a: Swampert|Swampert-Mega, M
|move|p1a: Swampert|Waterfall|p2a: Skarmory
|-damage|p2a: Skarmory|0 fnt
|faint|p2a: Skarmory
|
|-weather|RainDance|[upkeep]
|upkeep
|inactive|Reloj de batalla ENCENDIDO. El jugador inactivo será descalificado (solicitado por RayParK_).
|inactive|❄Inverno tiene 285 segundos restantes.
|inactive|❄Inverno tiene 270 segundos restantes.
|inactive|❄Inverno tiene 255 segundos restantes.
|inactive|❄Inverno tiene 240 segundos restantes.
|inactive|❄Inverno tiene 225 segundos restantes.
|inactive|❄Inverno tiene 210 segundos restantes.
|inactive|❄Inverno tiene 195 segundos restantes.
|inactive|❄Inverno tiene 180 segundos restantes.
|inactive|❄Inverno tiene 165 segundos restantes.
|inactive|❄Inverno tiene 150 segundos restantes.
|inactive|❄Inverno tiene 135 segundos restantes.
|inactive|❄Inverno tiene 120 segundos restantes.
|inactive|❄Inverno tiene 105 segundos restantes.
|inactive|❄Inverno tiene 90 segundos restantes.
|inactive|❄Inverno tiene 75 segundos restantes.
|inactive|❄Inverno tiene 60 segundos restantes.
|inactive|❄Inverno tiene 45 segundos restantes.
|inactive|❄Inverno tiene 30 segundos restantes.
|inactive|❄Inverno tiene 20 segundos restantes.
|inactive|❄Inverno tiene 15 segundos restantes.
|inactive|❄Inverno tiene 10 segundos restantes.
|inactive|❄Inverno tiene 5 segundos restantes.
|-message|❄Inverno perdió por inactividad.
|
|win|RayParK_
</script>
</div>
<div class="battle-log battle-log-inline"><div class="inner"><div class="battle-options"></div><div class="inner"><div class=""><small>Format:</small> <br><strong>OU</strong></div><div class=""><small><em>Cláusula-Mod de Dormir:</em> solo puedes dormir a uno de tus oponentes a la vez.</small></div><div class=""><small><em>Cláusula de Especie:</em> Hasta un Pokémon de cada especie</small></div><div class=""><small><em>Cláusula de Golpe Fulminante:</em> los movimientos fulminantes (OHKO) estan prohibidos</small></div><div class=""><small><em>Cláusula de Veleta:</em> la habilidad Veleta está prohibida</small></div><div class=""><small><em>Cláusula de Movimientos Evasivos:</em> los movimientos de Evasión están prohibidos.</small></div><div class=""><small><em>Cláusula de Batallas Eternas:</em> forzar batallas eternas está prohibido</small></div><div class="chat battle-history"><strong>RayParK_'s team:</strong> <em style="color:#445566;display:block;">Pelipper / Swampert / Kingdra / Ferrothorn / Tapu Koko / Hawlucha</em></div><div class="chat battle-history"><strong>❄Inverno's team:</strong> <em style="color:#445566;display:block;">Zygarde / Kartana / Diggersby / Blacephalon / Greninja / Skarmory</em></div><div class="chat chatmessage-inverno"><strong style="color:hsl(178,61%,44.216194555539516%)"><small>☆</small><span class="username" data-name="❄Inverno">❄Inverno</span>:</strong> <em>war</em></div><div class="spacer battle-history"><br></div><div class="battle-history">Battle started between RayParK_ and ❄Inverno!<br></div><div class="spacer battle-history"><br></div><div class="battle-history">Go! <strong>Pelipper</strong>!<br></div><div class="spacer battle-history"><br></div><div class="battle-history">❄Inverno sent out <strong>Skarmory</strong>!<br></div><div class="battle-history"><small>[Pelipper's Drizzle]</small><br><small>It started to rain!</small><br></div><div class="spacer battle-history"><br></div><h2 class="battle-history">Turn 1</h2><div class="spacer battle-history"><br></div><div class="battle-history">The opposing Skarmory used <strong>Stealth Rock</strong>!<br></div><div class="battle-history"><small>Pointed stones float in the air around your team!</small><br></div><div class="spacer battle-history"><br></div><div class="battle-history">Pelipper used <strong>Scald</strong>!<br></div><div class="battle-history"><small>(The opposing Skarmory lost <abbr title="−189/334">56.6%</abbr> of its health!)</small><br></div><div class="battle-history"><small>The opposing Skarmory held up its Red Card against Pelipper!</small><br></div><div class="spacer battle-history"><br></div><div class="battle-history"><strong>Swampert</strong> was dragged out!<br></div><div class="battle-history"><small>Pointed stones dug into Swampert!</small><br></div><div class="spacer battle-history"><br></div><div class="battle-history"><small>(Rain continues to fall!)</small><br></div><div class="spacer battle-history"><br></div><h2 class="battle-history">Turn 2</h2><div class="spacer battle-history"><br></div><div class="battle-history"><small>Swampert's Swampertite is reacting to the Key Stone!</small><br>Swampert has Mega Evolved into Mega Swampert!<br></div><div class="spacer battle-history"><br></div><div class="battle-history">Swampert used <strong>Waterfall</strong>!<br></div><div class="battle-history"><small>(The opposing Skarmory lost <abbr title="−145/334">43.4%</abbr> of its health!)</small><br></div><div class="spacer battle-history"><br></div><div class="battle-history">The opposing Skarmory fainted!<br></div><div class="spacer battle-history"><br></div><div class="battle-history"><small>(Rain continues to fall!)</small><br></div><div class="chat message-error">Reloj de batalla ENCENDIDO. El jugador inactivo será descalificado (solicitado por RayParK_).</div><div class="chat message-error">❄Inverno tiene 285 segundos restantes.</div><div class="chat message-error">❄Inverno tiene 270 segundos restantes.</div><div class="chat message-error">❄Inverno tiene 255 segundos restantes.</div><div class="chat message-error">❄Inverno tiene 240 segundos restantes.</div><div class="chat message-error">❄Inverno tiene 225 segundos restantes.</div><div class="chat message-error">❄Inverno tiene 210 segundos restantes.</div><div class="chat message-error">❄Inverno tiene 195 segundos restantes.</div><div class="chat message-error">❄Inverno tiene 180 segundos restantes.</div><div class="chat message-error">❄Inverno tiene 165 segundos restantes.</div><div class="chat message-error">❄Inverno tiene 150 segundos restantes.</div><div class="chat message-error">❄Inverno tiene 135 segundos restantes.</div><div class="chat message-error">❄Inverno tiene 120 segundos restantes.</div><div class="chat message-error">❄Inverno tiene 105 segundos restantes.</div><div class="chat message-error">❄Inverno tiene 90 segundos restantes.</div><div class="chat message-error">❄Inverno tiene 75 segundos restantes.</div><div class="chat message-error">❄Inverno tiene 60 segundos restantes.</div><div class="chat message-error">❄Inverno tiene 45 segundos restantes.</div><div class="chat message-error">❄Inverno tiene 30 segundos restantes.</div><div class="chat message-error">❄Inverno tiene 20 segundos restantes.</div><div class="chat message-error">❄Inverno tiene 15 segundos restantes.</div><div class="chat message-error">❄Inverno tiene 10 segundos restantes.</div><div class="chat message-error">❄Inverno tiene 5 segundos restantes.</div><div class="spacer battle-history"><br></div><div class="battle-history"><small>❄Inverno perdió por inactividad.</small><br></div><div class="spacer battle-history"><br></div><div class="battle-history"><strong>RayParK_</strong> won the battle!<br></div></div><div class="inner-preempt"></div></div></div>
</div>
<script>
let daily = Math.floor(Date.now()/1000/60/60/24);document.write('<script src="https://play.pokemonshowdown.com/js/replay-embed.js?version'+daily+'"></'+'script>');
</script>
