<!DOCTYPE html>
<meta charset="utf-8" />
<!-- version 1 -->
<title>OU replay: Camila Cruz猫田♡ vs. ms pinguino 2</title>
<style>
html,body {font-family:Verdana, sans-serif;font-size:10pt;margin:0;padding:0;}body{padding:12px 0;} .battle-log {font-family:Verdana, sans-serif;font-size:10pt;} .battle-log-inline {border:1px solid #AAAAAA;background:#EEF2F5;color:black;max-width:640px;margin:0 auto 80px;padding-bottom:5px;} .battle-log .inner {padding:4px 8px 0px 8px;} .battle-log .inner-preempt {padding:0 8px 4px 8px;} .battle-log .inner-after {margin-top:0.5em;} .battle-log h2 {margin:0.5em -8px;padding:4px 8px;border:1px solid #AAAAAA;background:#E0E7EA;border-left:0;border-right:0;font-family:Verdana, sans-serif;font-size:13pt;} .battle-log .chat {vertical-align:middle;padding:3px 0 3px 0;font-size:8pt;} .battle-log .chat strong {color:#40576A;} .battle-log .chat em {padding:1px 4px 1px 3px;color:#000000;font-style:normal;} .chat.mine {background:rgba(0,0,0,0.05);margin-left:-8px;margin-right:-8px;padding-left:8px;padding-right:8px;} .spoiler {color:#BBBBBB;background:#BBBBBB;padding:0px 3px;} .spoiler:hover, .spoiler:active, .spoiler-shown {color:#000000;background:#E2E2E2;padding:0px 3px;} .spoiler a {color:#BBBBBB;} .spoiler:hover a, .spoiler:active a, .spoiler-shown a {color:#2288CC;} .chat code, .chat .spoiler:hover code, .chat .spoiler:active code, .chat .spoiler-shown code {border:1px solid #C0C0C0;background:#EEEEEE;color:black;padding:0 2px;} .chat .spoiler code {border:1px solid #CCCCCC;background:#CCCCCC;color:#CCCCCC;} .battle-log .rated {padding:3px 4px;} .battle-log .rated strong {color:white;background:#89A;padding:1px 4px;border-radius:4px;} .spacer {margin-top:0.5em;} .message-announce {background:#6688AA;color:white;padding:1px 4px 2px;} .message-announce a, .broadcast-green a, .broadcast-blue a, .broadcast-red a {color:#DDEEFF;} .broadcast-green {background-color:#559955;color:white;padding:2px 4px;} .broadcast-blue {background-color:#6688AA;color:white;padding:2px 4px;} .infobox {border:1px solid #6688AA;padding:2px 4px;} .infobox-limited {max-height:200px;overflow:auto;overflow-x:hidden;} .broadcast-red {background-color:#AA5544;color:white;padding:2px 4px;} .message-learn-canlearn {font-weight:bold;color:#228822;text-decoration:underline;} .message-learn-cannotlearn {font-weight:bold;color:#CC2222;text-decoration:underline;} .message-effect-weak {font-weight:bold;color:#CC2222;} .message-effect-resist {font-weight:bold;color:#6688AA;} .message-effect-immune {font-weight:bold;color:#666666;} .message-learn-list {margin-top:0;margin-bottom:0;} .message-throttle-notice, .message-error {color:#992222;} .message-overflow, .chat small.message-overflow {font-size:0pt;} .message-overflow::before {font-size:9pt;content:'...';} .subtle {color:#3A4A66;}
</style>
<div class="wrapper replay-wrapper" style="max-width:1180px;margin:0 auto">
<input type="hidden" name="replayid" value="destiny-ou-546865" />
<div class="battle"></div><div class="battle-log"></div><div class="replay-controls"></div><div class="replay-controls-2"></div>
<h1 style="font-weight:normal;text-align:center"><strong>OU</strong><br /><a href="http://pokemonshowdown.com/users/camilacruz" class="subtle" target="_blank">Camila Cruz猫田♡</a> vs. <a href="http://pokemonshowdown.com/users/mspinguino2" class="subtle" target="_blank">ms pinguino 2</a></h1>
<script type="text/plain" class="battle-log-data">|player|p1|Camila Cruz猫田♡|camilacruz-78.gif?ab159bf3
|teamsize|p1|6
|player|p2|ms pinguino 2|mspinguino2.gif?0c2975f5
|teamsize|p2|6
|teamsize|p1|6
|teamsize|p2|6
|gametype|singles
|gen|7
|tier|OU
|seed|278,28299,37050,9363
|rule|Cláusula-Mod de Dormir: solo puedes dormir a uno de tus oponentes a la vez.
|rule|Cláusula de Especie: Hasta un Pokémon de cada especie
|rule|Cláusula de Golpe Fulminante: los movimientos fulminantes (OHKO) estan prohibidos
|rule|Cláusula de Veleta: la habilidad Veleta está prohibida
|rule|Cláusula de Movimientos Evasivos: los movimientos de Evasión están prohibidos.
|rule|Cláusula de Batallas Eternas: forzar batallas eternas está prohibido
|clearpoke
|poke|p1|Gyarados, M, shiny|item
|poke|p1|Zygarde|item
|poke|p1|Kartana|item
|poke|p1|Victreebel, M|item
|poke|p1|Torkoal, M|item
|poke|p1|Heatran, F|item
|poke|p2|Sharpedo, M|item
|poke|p2|Kommo-o, M|item
|poke|p2|Tapu Koko|item
|poke|p2|Amoonguss, M|item
|poke|p2|Gliscor, F|item
|poke|p2|Marowak-Alola, M|item
|teampreview|undefined
|c|☆ms pinguino 2|es enserio
|c|☆Camila Cruz猫田♡|is insiri
|choice|*|*team 523416
|c|☆Camila Cruz猫田♡|que cosa? xdd
|c|☆ms pinguino 2|equipo d esol
|choice|*|*team 523416
|choice|*team 523416|*
|choice|team 5, 2, 3, 4, 1, 6|team 5, 2, 3, 4, 1, 6
|
|start
|switch|p1a: Torkoal|Torkoal, M|344\/344
|switch|p2a: Gliscor|Gliscor, F|354\/354
|-weather|SunnyDay|[from] ability: Drought|[of] p1a: Torkoal
|turn|1
|choice|*|*move 2
|choice|*move 2|*
|choice|move willowisp|move knockoff
|
|move|p2a: Gliscor|Knock Off|p1a: Torkoal
|-damage|p1a: Torkoal|299\/344
|-enditem|p1a: Torkoal|Heat Rock|[from] move: Knock Off|[of] p2a: Gliscor
|move|p1a: Torkoal|Will-O-Wisp|p2a: Gliscor
|-status|p2a: Gliscor|brn
|
|-weather|SunnyDay|[upkeep]
|-damage|p2a: Gliscor|332\/354 brn|[from] brn
|upkeep
|turn|2
|choice|*move 4|*
|c|☆ms pinguino 2|eso duele
|choice|*|*move 2
|choice|move stealthrock|move knockoff
|
|move|p2a: Gliscor|Knock Off|p1a: Torkoal
|-damage|p1a: Torkoal|284\/344
|move|p1a: Torkoal|Stealth Rock|p2a: Gliscor
|-sidestart|p2: ms pinguino 2|move: Stealth Rock
|
|-weather|SunnyDay|[upkeep]
|-damage|p2a: Gliscor|310\/354 brn|[from] brn
|upkeep
|turn|3
|choice|*|*move 1
|choice|*switch 4|*
|choice|switch 4|move defog
|
|switch|p1a: Victreebel|Victreebel, M|301\/301
|move|p2a: Gliscor|Defog|p1a: Victreebel
|-unboost|p1a: Victreebel|evasion|1
|-sideend|p2: ms pinguino 2|Stealth Rock|[from] move: Defog|[of] p2a: Gliscor
|
|-weather|SunnyDay|[upkeep]
|-damage|p2a: Gliscor|288\/354 brn|[from] brn
|upkeep
|turn|4
|choice|*move 3|*
|choice|*|*move 2
|choice|move growth|move knockoff
|
|move|p1a: Victreebel|Growth|p1a: Victreebel
|-boost|p1a: Victreebel|atk|2
|-boost|p1a: Victreebel|spa|2
|move|p2a: Gliscor|Knock Off|p1a: Victreebel
|-damage|p1a: Victreebel|250\/301
|-enditem|p1a: Victreebel|Life Orb|[from] move: Knock Off|[of] p2a: Gliscor
|
|-weather|SunnyDay|[upkeep]
|-damage|p2a: Gliscor|266\/354 brn|[from] brn
|upkeep
|turn|5
|choice|*move 1|*
|choice|*|*switch 4
|choice|move gigadrain|switch 4
|
|switch|p2a: Amoonguss|Amoonguss, M|432\/432
|move|p1a: Victreebel|Giga Drain|p2a: Amoonguss
|-resisted|p2a: Amoonguss
|-damage|p2a: Amoonguss|401\/432
|-heal|p1a: Victreebel|266\/301|[from] drain|[of] p2a: Amoonguss
|
|-weather|SunnyDay|[upkeep]
|upkeep
|turn|6
|choice|*move 2|*
|choice|*|*move 2
|choice|move weatherball|move sludgebomb
|
|move|p1a: Victreebel|Weather Ball|p2a: Amoonguss
|-supereffective|p2a: Amoonguss
|-damage|p2a: Amoonguss|65\/432
|move|p2a: Amoonguss|Sludge Bomb|p1a: Victreebel
|-damage|p1a: Victreebel|139\/301
|
|-weather|SunnyDay|[upkeep]
|upkeep
|turn|7
|choice|*|*switch 4
|choice|*move 2|*
|choice|move weatherball|switch 4
|
|switch|p2a: Gliscor|Gliscor, F|266\/354 brn
|move|p1a: Victreebel|Weather Ball|p2a: Gliscor
|-damage|p2a: Gliscor|0 fnt
|faint|p2a: Gliscor
|
|-weather|SunnyDay|[upkeep]
|upkeep
|choice|*|*switch 5
|choice||switch 5
|
|switch|p2a: Sharpedo|Sharpedo, M|281\/281
|turn|8
|choice|*|*move 1 mega
|choice|*|*move 1
|choice|*move 1|*
|choice|move gigadrain|move protect
|
|move|p2a: Sharpedo|Protect|p2a: Sharpedo
|-singleturn|p2a: Sharpedo|Protect
|move|p1a: Victreebel|Giga Drain|p2a: Sharpedo
|-activate|p2a: Sharpedo|move: Protect
|
|-weather|none
|-ability|p2a: Sharpedo|Speed Boost|boost
|-boost|p2a: Sharpedo|spe|1
|upkeep
|turn|9
|choice|*switch 4|*
|choice|*|*move 2 mega
|choice|switch 4|move crunch mega
|
|switch|p1a: Torkoal|Torkoal, M|284\/344
|-weather|SunnyDay|[from] ability: Drought|[of] p1a: Torkoal
|-mega|p2a: Sharpedo|Sharpedo|Sharpedonite
|detailschange|p2a: Sharpedo|Sharpedo-Mega, M
|move|p2a: Sharpedo|Crunch|p1a: Torkoal
|-damage|p1a: Torkoal|146\/344
|
|-weather|SunnyDay|[upkeep]
|upkeep
|turn|10
|choice|*move 4|*
|choice|*|*move 2
|choice|move stealthrock|move crunch
|
|move|p2a: Sharpedo|Crunch|p1a: Torkoal
|-damage|p1a: Torkoal|10\/344
|-unboost|p1a: Torkoal|def|1
|move|p1a: Torkoal|Stealth Rock|p2a: Sharpedo
|-sidestart|p2: ms pinguino 2|move: Stealth Rock
|
|-weather|SunnyDay|[upkeep]
|upkeep
|turn|11
|choice|*|*move 2
|choice|*|*move 4
|choice|*switch 6|*
|choice|switch 6|move psychicfangs
|
|switch|p1a: Heatran|Heatran, F|376\/376
|move|p2a: Sharpedo|Psychic Fangs|p1a: Heatran
|-resisted|p1a: Heatran
|-damage|p1a: Heatran|306\/376
|
|-weather|SunnyDay|[upkeep]
|-heal|p1a: Heatran|329\/376|[from] item: Leftovers
|upkeep
|turn|12
|choice|*move 1|*
|choice|*|*move 2
|choice|move magmastorm|move crunch
|
|move|p2a: Sharpedo|Crunch|p1a: Heatran
|-damage|p1a: Heatran|133\/376
|move|p1a: Heatran|Magma Storm|p2a: Sharpedo
|-resisted|p2a: Sharpedo
|-crit|p2a: Sharpedo
|-damage|p2a: Sharpedo|45\/281
|-activate|p2a: Sharpedo|move: Magma Storm|[of] p1a: Heatran
|
|-weather|SunnyDay|[upkeep]
|-heal|p1a: Heatran|156\/376|[from] item: Leftovers
|-damage|p2a: Sharpedo|10\/281|[from] move: Magma Storm|[partiallytrapped]
|upkeep
|turn|13
|choice|*|*move 2
|choice|*switch 2|*
|choice|switch 2|move crunch
|
|switch|p1a: Zygarde|Zygarde|357\/357
|-ability|p1a: Zygarde|Aura Break
|move|p2a: Sharpedo|Crunch|p1a: Zygarde
|-damage|p1a: Zygarde|153\/357
|-unboost|p1a: Zygarde|def|1
|
|-weather|none
|upkeep
|turn|14
|choice|*|*move 2
|choice|*switch 5|*
|choice|switch 5|move crunch
|
|switch|p1a: Gyarados|Gyarados, M, shiny|331\/331
|-ability|p1a: Gyarados|Intimidate|boost
|-unboost|p2a: Sharpedo|atk|1
|move|p2a: Sharpedo|Crunch|p1a: Gyarados
|-damage|p1a: Gyarados|133\/331
|
|upkeep
|turn|15
|choice|*|*move 2
|choice|*move 4 mega|*
|choice|move earthquake mega|move crunch
|
|-mega|p1a: Gyarados|Gyarados|Gyaradosite
|detailschange|p1a: Gyarados|Gyarados-Mega, M, shiny
|-ability|p1a: Gyarados|Mold Breaker
|move|p2a: Sharpedo|Crunch|p1a: Gyarados
|-resisted|p1a: Gyarados
|-damage|p1a: Gyarados|63\/331
|move|p1a: Gyarados|Earthquake|p2a: Sharpedo
|-damage|p2a: Sharpedo|0 fnt
|faint|p2a: Sharpedo
|
|upkeep
|choice|*|*switch 3
|choice||switch 3
|
|switch|p2a: Tapu Koko|Tapu Koko|281\/281
|-damage|p2a: Tapu Koko|246\/281|[from] Stealth Rock
|-fieldstart|move: Electric Terrain|[from] ability: Electric Surge|[of] p2a: Tapu Koko
|turn|16
|choice|*|*move 2
|choice|*switch 6|*
|choice|switch 6|move uturn
|
|switch|p1a: Torkoal|Torkoal, M|10\/344
|-weather|SunnyDay|[from] ability: Drought|[of] p1a: Torkoal
|move|p2a: Tapu Koko|U-turn|p1a: Torkoal
|-resisted|p1a: Torkoal
|-damage|p1a: Torkoal|0 fnt
|-damage|p2a: Tapu Koko|218\/281|[from] item: Life Orb
|faint|p1a: Torkoal
|choice|*|*switch 4
|choice||switch 4
|
|switch|p2a: Amoonguss|Amoonguss, M|209\/432|[from]move: U-turn
|-damage|p2a: Amoonguss|155\/432|[from] Stealth Rock
|
|-weather|SunnyDay|[upkeep]
|upkeep
|choice|*switch 4|*
|choice|switch 4|
|
|switch|p1a: Victreebel|Victreebel, M|139\/301
|turn|17
|choice|*|*move 2
|choice|*move 2|*
|choice|move weatherball|move sludgebomb
|
|move|p1a: Victreebel|Weather Ball|p2a: Amoonguss
|-supereffective|p2a: Amoonguss
|-damage|p2a: Amoonguss|0 fnt
|faint|p2a: Amoonguss
|
|-weather|SunnyDay|[upkeep]
|upkeep
|choice|*|*switch 6
|choice||switch 6
|
|switch|p2a: Marowak|Marowak-Alola, M|324\/324
|-damage|p2a: Marowak|243\/324|[from] Stealth Rock
|turn|18
|choice|*|*move 2
|choice|*move 4|*
|choice|move hiddenpower|move bonemerang
|
|move|p1a: Victreebel|Hidden Power|p2a: Marowak
|-supereffective|p2a: Marowak
|-damage|p2a: Marowak|93\/324
|move|p2a: Marowak|Bonemerang|p1a: Victreebel
|-damage|p1a: Victreebel|0 fnt
|-hitcount|p1a: Victreebel|1
|faint|p1a: Victreebel
|
|-weather|SunnyDay|[upkeep]
|upkeep
|choice|*switch 6|*
|choice|switch 6|
|
|switch|p1a: Gyarados|Gyarados-Mega, M, shiny|63\/331
|-ability|p1a: Gyarados|Mold Breaker
|turn|19
|choice|*|*move 1
|choice|*move 2|*
|choice|move icefang|move flareblitz
|
|move|p1a: Gyarados|Ice Fang|p2a: Marowak
|-resisted|p2a: Marowak
|-damage|p2a: Marowak|56\/324
|move|p2a: Marowak|Flare Blitz|p1a: Gyarados
|-resisted|p1a: Gyarados
|-damage|p1a: Gyarados|0 fnt
|faint|p1a: Gyarados
|
|-weather|SunnyDay|[upkeep]
|upkeep
|choice|*switch 3|*
|choice|switch 3|
|
|switch|p1a: Kartana|Kartana|322\/322
|turn|20
|choice|*|*move 1
|choice|*move 1|*
|choice|move leafblade|move flareblitz
|
|move|p1a: Kartana|Leaf Blade|p2a: Marowak
|-resisted|p2a: Marowak
|-damage|p2a: Marowak|0 fnt
|faint|p2a: Marowak
|-ability|p1a: Kartana|Beast Boost|boost
|-boost|p1a: Kartana|spe|1
|
|-weather|none
|-fieldend|move: Electric Terrain
|upkeep
|choice|*|*switch 2
|choice||switch 2
|
|switch|p2a: Kommo-o|Kommo-o, M|291\/291
|-damage|p2a: Kommo-o|273\/291|[from] Stealth Rock
|turn|21
|choice|*|*move 1 zmove
|choice|*move 2 zmove|*
|choice|move gigaimpact zmove|move clangingscales zmove
|
|-zpower|p1a: Kartana
|move|p1a: Kartana|Breakneck Blitz|p2a: Kommo-o|[zeffect]
|-damage|p2a: Kommo-o|91\/291
|-zpower|p2a: Kommo-o
|move|p2a: Kommo-o|Clangorous Soulblaze|p1a: Kartana|[zeffect]
|-resisted|p1a: Kartana
|-damage|p1a: Kartana|16\/322
|-boost|p2a: Kommo-o|atk|1
|-boost|p2a: Kommo-o|def|1
|-boost|p2a: Kommo-o|spa|1
|-boost|p2a: Kommo-o|spd|1
|-boost|p2a: Kommo-o|spe|1
|
|upkeep
|turn|22
|c|♦Beppler|ya gano kommo-o
|c|♦Beppler|q
|choice|*move 4|*
|choice|*|*move 3
|choice|move sacredsword|move flamethrower
|
|move|p1a: Kartana|Sacred Sword|p2a: Kommo-o
|-damage|p2a: Kommo-o|4\/291
|move|p2a: Kommo-o|Flamethrower|p1a: Kartana
|-supereffective|p1a: Kartana
|-damage|p1a: Kartana|0 fnt
|faint|p1a: Kartana
|
|upkeep
|choice|*switch 2|*
|choice|switch 2|
|
|switch|p1a: Heatran|Heatran, F|156\/376
|turn|23
|choice|*|*move 2
|choice|*move 2|*
|choice|move earthpower|move closecombat
|
|move|p2a: Kommo-o|Close Combat|p1a: Heatran
|-supereffective|p1a: Heatran
|-damage|p1a: Heatran|0 fnt
|-unboost|p2a: Kommo-o|def|1
|-unboost|p2a: Kommo-o|spd|1
|faint|p1a: Heatran
|
|upkeep
|choice|*switch 5|*
|choice|switch 5|
|
|switch|p1a: Zygarde|Zygarde|153\/357
|-ability|p1a: Zygarde|Aura Break
|turn|24
|choice|*|*move 1
|c|☆Camila Cruz猫田♡|le falta un scarf a esto
|choice|*move 1|*
|choice|move thousandarrows|move clangingscales
|
|move|p2a: Kommo-o|Clanging Scales|p1a: Zygarde
|-supereffective|p1a: Zygarde
|-damage|p1a: Zygarde|0 fnt
|-unboost|p2a: Kommo-o|def|1
|faint|p1a: Zygarde
|
|win|ms pinguino 2
</script>
</div>
<div class="battle-log battle-log-inline"><div class="inner"><div class="battle-options"></div><div class="inner"><div class=""><small>Format:</small> <br><strong>OU</strong></div><div class=""><small><em>Cláusula-Mod de Dormir:</em> solo puedes dormir a uno de tus oponentes a la vez.</small></div><div class=""><small><em>Cláusula de Especie:</em> Hasta un Pokémon de cada especie</small></div><div class=""><small><em>Cláusula de Golpe Fulminante:</em> los movimientos fulminantes (OHKO) estan prohibidos</small></div><div class=""><small><em>Cláusula de Veleta:</em> la habilidad Veleta está prohibida</small></div><div class=""><small><em>Cláusula de Movimientos Evasivos:</em> los movimientos de Evasión están prohibidos.</small></div><div class=""><small><em>Cláusula de Batallas Eternas:</em> forzar batallas eternas está prohibido</small></div><div class="chat battle-history"><strong>Camila Cruz猫田♡'s team:</strong> <em style="color:#445566;display:block;">Gyarados / Zygarde / Kartana / Victreebel / Torkoal / Heatran</em></div><div class="chat battle-history"><strong>ms pinguino 2's team:</strong> <em style="color:#445566;display:block;">Sharpedo / Kommo-o / Tapu Koko / Amoonguss / Gliscor / Marowak-Alola</em></div><div class="chat chatmessage-mspinguino2"><strong style="color:hsl(110,45%,35.69279863040313%)"><small>☆</small><span class="username" data-name="ms pinguino 2">ms pinguino 2</span>:</strong> <em>es enserio</em></div><div class="chat chatmessage-camilacruz"><strong style="color:hsl(107,48%,44.819126939248115%)"><small>☆</small><span class="username" data-name="Camila Cruz猫田♡">Camila Cruz猫田♡</span>:</strong> <em>is insiri</em></div><div class="chat chatmessage-camilacruz"><strong style="color:hsl(107,48%,44.819126939248115%)"><small>☆</small><span class="username" data-name="Camila Cruz猫田♡">Camila Cruz猫田♡</span>:</strong> <em>que cosa? xdd</em></div><div class="chat chatmessage-mspinguino2"><strong style="color:hsl(110,45%,35.69279863040313%)"><small>☆</small><span class="username" data-name="ms pinguino 2">ms pinguino 2</span>:</strong> <em>equipo d esol</em></div><div class="spacer battle-history"><br></div><div class="battle-history">Battle started between Camila Cruz猫田♡ and ms pinguino 2!<br></div><div class="spacer battle-history"><br></div><div class="battle-history">Go! <strong>Torkoal</strong>!<br></div><div class="spacer battle-history"><br></div><div class="battle-history">ms pinguino 2 sent out <strong>Gliscor</strong>!<br></div><div class="battle-history"><small>[Torkoal's Drought]</small><br><small>The sunlight turned harsh!</small><br></div><div class="spacer battle-history"><br></div><h2 class="battle-history">Turn 1</h2><div class="spacer battle-history"><br></div><div class="battle-history">The opposing Gliscor used <strong>Knock Off</strong>!<br></div><div class="battle-history"><small>(Torkoal lost <abbr title="−45/344">13.1%</abbr> of its health!)</small><br></div><div class="battle-history"><small>The opposing Gliscor knocked off Torkoal's Heat Rock!</small><br></div><div class="spacer battle-history"><br></div><div class="battle-history">Torkoal used <strong>Will-O-Wisp</strong>!<br></div><div class="battle-history"><small>The opposing Gliscor was burned!</small><br></div><div class="spacer battle-history"><br></div><div class="battle-history"><small>(The sunlight is strong!)</small><br></div><div class="battle-history"><small>The opposing Gliscor was hurt by its burn!</small><br></div><div class="spacer battle-history"><br></div><h2 class="battle-history">Turn 2</h2><div class="chat chatmessage-mspinguino2"><strong style="color:hsl(110,45%,35.69279863040313%)"><small>☆</small><span class="username" data-name="ms pinguino 2">ms pinguino 2</span>:</strong> <em>eso duele</em></div><div class="spacer battle-history"><br></div><div class="battle-history">The opposing Gliscor used <strong>Knock Off</strong>!<br></div><div class="battle-history"><small>(Torkoal lost <abbr title="−15/344">4.4%</abbr> of its health!)</small><br></div><div class="spacer battle-history"><br></div><div class="battle-history">Torkoal used <strong>Stealth Rock</strong>!<br></div><div class="battle-history"><small>Pointed stones float in the air around the opposing team!</small><br></div><div class="spacer battle-history"><br></div><div class="battle-history"><small>(The sunlight is strong!)</small><br></div><div class="battle-history"><small>The opposing Gliscor was hurt by its burn!</small><br></div><div class="spacer battle-history"><br></div><h2 class="battle-history">Turn 3</h2><div class="spacer battle-history"><br></div><div class="battle-history">Torkoal, come back!<br></div><div class="battle-history">Go! <strong>Victreebel</strong>!<br></div><div class="spacer battle-history"><br></div><div class="battle-history">The opposing Gliscor used <strong>Defog</strong>!<br></div><div class="battle-history"><small>Victreebel's evasiveness fell!</small><br></div><div class="battle-history"><small>The pointed stones disappeared from around the opposing team!</small><br></div><div class="spacer battle-history"><br></div><div class="battle-history"><small>(The sunlight is strong!)</small><br></div><div class="battle-history"><small>The opposing Gliscor was hurt by its burn!</small><br></div><div class="spacer battle-history"><br></div><h2 class="battle-history">Turn 4</h2><div class="spacer battle-history"><br></div><div class="battle-history">Victreebel used <strong>Growth</strong>!<br></div><div class="battle-history"><small>Victreebel's Attack rose sharply!</small><br></div><div class="battle-history"><small>Victreebel's Special Attack rose sharply!</small><br></div><div class="spacer battle-history"><br></div><div class="battle-history">The opposing Gliscor used <strong>Knock Off</strong>!<br></div><div class="battle-history"><small>(Victreebel lost <abbr title="−51/301">16.9%</abbr> of its health!)</small><br></div><div class="battle-history"><small>The opposing Gliscor knocked off Victreebel's Life Orb!</small><br></div><div class="spacer battle-history"><br></div><div class="battle-history"><small>(The sunlight is strong!)</small><br></div><div class="battle-history"><small>The opposing Gliscor was hurt by its burn!</small><br></div><div class="spacer battle-history"><br></div><h2 class="battle-history">Turn 5</h2><div class="spacer battle-history"><br></div><div class="battle-history">ms pinguino 2 withdrew Gliscor!<br></div><div class="battle-history">ms pinguino 2 sent out <strong>Amoonguss</strong>!<br></div><div class="spacer battle-history"><br></div><div class="battle-history">Victreebel used <strong>Giga Drain</strong>!<br></div><div class="battle-history"><small>It's not very effective...</small><br></div><div class="battle-history"><small>(The opposing Amoonguss lost <abbr title="−31/432">7.2%</abbr> of its health!)</small><br></div><div class="battle-history"><small>The opposing Amoonguss had its energy drained!</small><br></div><div class="spacer battle-history"><br></div><div class="battle-history"><small>(The sunlight is strong!)</small><br></div><div class="spacer battle-history"><br></div><h2 class="battle-history">Turn 6</h2><div class="spacer battle-history"><br></div><div class="battle-history">Victreebel used <strong>Weather Ball</strong>!<br></div><div class="battle-history"><small>It's super effective!</small><br></div><div class="battle-history"><small>(The opposing Amoonguss lost <abbr title="−336/432">77.8%</abbr> of its health!)</small><br></div><div class="spacer battle-history"><br></div><div class="battle-history">The opposing Amoonguss used <strong>Sludge Bomb</strong>!<br></div><div class="battle-history"><small>(Victreebel lost <abbr title="−127/301">42.2%</abbr> of its health!)</small><br></div><div class="spacer battle-history"><br></div><div class="battle-history"><small>(The sunlight is strong!)</small><br></div><div class="spacer battle-history"><br></div><h2 class="battle-history">Turn 7</h2><div class="spacer battle-history"><br></div><div class="battle-history">ms pinguino 2 withdrew Amoonguss!<br></div><div class="battle-history">ms pinguino 2 sent out <strong>Gliscor</strong>!<br></div><div class="spacer battle-history"><br></div><div class="battle-history">Victreebel used <strong>Weather Ball</strong>!<br></div><div class="battle-history"><small>(The opposing Gliscor lost <abbr title="−266/354">75.1%</abbr> of its health!)</small><br></div><div class="spacer battle-history"><br></div><div class="battle-history">The opposing Gliscor fainted!<br></div><div class="spacer battle-history"><br></div><div class="battle-history"><small>(The sunlight is strong!)</small><br></div><div class="spacer battle-history"><br></div><div class="battle-history">ms pinguino 2 sent out <strong>Sharpedo</strong>!<br></div><div class="spacer battle-history"><br></div><h2 class="battle-history">Turn 8</h2><div class="spacer battle-history"><br></div><div class="battle-history">The opposing Sharpedo used <strong>Protect</strong>!<br></div><div class="battle-history"><small>The opposing Sharpedo protected itself!</small><br></div><div class="spacer battle-history"><br></div><div class="battle-history">Victreebel used <strong>Giga Drain</strong>!<br></div><div class="battle-history"><small>The opposing Sharpedo protected itself!</small><br></div><div class="spacer battle-history"><br></div><div class="battle-history"><small>The sunlight faded.</small><br></div><div class="battle-history"><small>[The opposing Sharpedo's Speed Boost]</small><br></div><div class="battle-history"><small>The opposing Sharpedo's Speed rose!</small><br></div><div class="spacer battle-history"><br></div><h2 class="battle-history">Turn 9</h2><div class="spacer battle-history"><br></div><div class="battle-history">Victreebel, come back!<br></div><div class="battle-history">Go! <strong>Torkoal</strong>!<br></div><div class="battle-history"><small>[Torkoal's Drought]</small><br><small>The sunlight turned harsh!</small><br></div><div class="spacer battle-history"><br></div><div class="battle-history"><small>The opposing Sharpedo's Sharpedonite is reacting to the Key Stone!</small><br>The opposing Sharpedo has Mega Evolved into Mega Sharpedo!<br></div><div class="spacer battle-history"><br></div><div class="battle-history">The opposing Sharpedo used <strong>Crunch</strong>!<br></div><div class="battle-history"><small>(Torkoal lost <abbr title="−138/344">40.1%</abbr> of its health!)</small><br></div><div class="spacer battle-history"><br></div><div class="battle-history"><small>(The sunlight is strong!)</small><br></div><div class="spacer battle-history"><br></div><h2 class="battle-history">Turn 10</h2><div class="spacer battle-history"><br></div><div class="battle-history">The opposing Sharpedo used <strong>Crunch</strong>!<br></div><div class="battle-history"><small>(Torkoal lost <abbr title="−136/344">39.5%</abbr> of its health!)</small><br></div><div class="battle-history"><small>Torkoal's Defense fell!</small><br></div><div class="spacer battle-history"><br></div><div class="battle-history">Torkoal used <strong>Stealth Rock</strong>!<br></div><div class="battle-history"><small>Pointed stones float in the air around the opposing team!</small><br></div><div class="spacer battle-history"><br></div><div class="battle-history"><small>(The sunlight is strong!)</small><br></div><div class="spacer battle-history"><br></div><h2 class="battle-history">Turn 11</h2><div class="spacer battle-history"><br></div><div class="battle-history">Torkoal, come back!<br></div><div class="battle-history">Go! <strong>Heatran</strong>!<br></div><div class="spacer battle-history"><br></div><div class="battle-history">The opposing Sharpedo used <strong>Psychic Fangs</strong>!<br></div><div class="battle-history"><small>It's not very effective...</small><br></div><div class="battle-history"><small>(Heatran lost <abbr title="−70/376">18.6%</abbr> of its health!)</small><br></div><div class="spacer battle-history"><br></div><div class="battle-history"><small>(The sunlight is strong!)</small><br></div><div class="battle-history"><small>Heatran restored a little HP using its Leftovers!</small><br></div><div class="spacer battle-history"><br></div><h2 class="battle-history">Turn 12</h2><div class="spacer battle-history"><br></div><div class="battle-history">The opposing Sharpedo used <strong>Crunch</strong>!<br></div><div class="battle-history"><small>(Heatran lost <abbr title="−196/376">52.1%</abbr> of its health!)</small><br></div><div class="spacer battle-history"><br></div><div class="battle-history">Heatran used <strong>Magma Storm</strong>!<br></div><div class="battle-history"><small>It's not very effective...</small><br></div><div class="battle-history"><small>A critical hit!</small><br></div><div class="battle-history"><small>(The opposing Sharpedo lost <abbr title="−236/281">84.0%</abbr> of its health!)</small><br></div><div class="battle-history"><small>The opposing Sharpedo became trapped by swirling magma!</small><br></div><div class="spacer battle-history"><br></div><div class="battle-history"><small>(The sunlight is strong!)</small><br></div><div class="battle-history"><small>Heatran restored a little HP using its Leftovers!</small><br></div><div class="battle-history"><small>The opposing Sharpedo is hurt by Magma Storm!</small><br></div><div class="spacer battle-history"><br></div><h2 class="battle-history">Turn 13</h2><div class="spacer battle-history"><br></div><div class="battle-history">Heatran, come back!<br></div><div class="battle-history">Go! <strong>Zygarde</strong>!<br></div><div class="battle-history"><small>[Zygarde's Aura Break]</small><br><small>Zygarde reversed all other Pokémon's auras!</small><br></div><div class="spacer battle-history"><br></div><div class="battle-history">The opposing Sharpedo used <strong>Crunch</strong>!<br></div><div class="battle-history"><small>(Zygarde lost <abbr title="−204/357">57.1%</abbr> of its health!)</small><br></div><div class="battle-history"><small>Zygarde's Defense fell!</small><br></div><div class="spacer battle-history"><br></div><div class="battle-history"><small>The sunlight faded.</small><br></div><div class="spacer battle-history"><br></div><h2 class="battle-history">Turn 14</h2><div class="spacer battle-history"><br></div><div class="battle-history">Zygarde, come back!<br></div><div class="battle-history">Go! <strong>Gyarados</strong>!<br></div><div class="battle-history"><small>[Gyarados's Intimidate]</small><br></div><div class="battle-history"><small>The opposing Sharpedo's Attack fell!</small><br></div><div class="spacer battle-history"><br></div><div class="battle-history">The opposing Sharpedo used <strong>Crunch</strong>!<br></div><div class="battle-history"><small>(Gyarados lost <abbr title="−198/331">59.8%</abbr> of its health!)</small><br></div><div class="spacer battle-history"><br></div><h2 class="battle-history">Turn 15</h2><div class="spacer battle-history"><br></div><div class="battle-history"><small>Gyarados's Gyaradosite is reacting to the Key Stone!</small><br>Gyarados has Mega Evolved into Mega Gyarados!<br></div><div class="battle-history"><small>[Gyarados's Mold Breaker]</small><br><small>Gyarados breaks the mold!</small><br></div><div class="spacer battle-history"><br></div><div class="battle-history">The opposing Sharpedo used <strong>Crunch</strong>!<br></div><div class="battle-history"><small>It's not very effective...</small><br></div><div class="battle-history"><small>(Gyarados lost <abbr title="−70/331">21.1%</abbr> of its health!)</small><br></div><div class="spacer battle-history"><br></div><div class="battle-history">Gyarados used <strong>Earthquake</strong>!<br></div><div class="battle-history"><small>(The opposing Sharpedo lost <abbr title="−10/281">3.6%</abbr> of its health!)</small><br></div><div class="spacer battle-history"><br></div><div class="battle-history">The opposing Sharpedo fainted!<br></div><div class="spacer battle-history"><br></div><div class="battle-history">ms pinguino 2 sent out <strong>Tapu Koko</strong>!<br></div><div class="battle-history"><small>Pointed stones dug into the opposing Tapu Koko!</small><br></div><div class="battle-history"><small>[The opposing Tapu Koko's Electric Surge]</small><br><small>An electric current runs across the battlefield!</small><br></div><div class="spacer battle-history"><br></div><h2 class="battle-history">Turn 16</h2><div class="spacer battle-history"><br></div><div class="battle-history">Gyarados, come back!<br></div><div class="battle-history">Go! <strong>Torkoal</strong>!<br></div><div class="battle-history"><small>[Torkoal's Drought]</small><br><small>The sunlight turned harsh!</small><br></div><div class="spacer battle-history"><br></div><div class="battle-history">The opposing Tapu Koko used <strong>U-turn</strong>!<br></div><div class="battle-history"><small>It's not very effective...</small><br></div><div class="battle-history"><small>(Torkoal lost <abbr title="−10/344">2.9%</abbr> of its health!)</small><br></div><div class="battle-history"><small>The opposing Tapu Koko lost some of its HP!</small><br></div><div class="spacer battle-history"><br></div><div class="battle-history">Torkoal fainted!<br></div><div class="spacer battle-history"><br></div><div class="battle-history">The opposing Tapu Koko went back to ms pinguino 2!<br></div><div class="battle-history">ms pinguino 2 sent out <strong>Amoonguss</strong>!<br></div><div class="battle-history"><small>Pointed stones dug into the opposing Amoonguss!</small><br></div><div class="spacer battle-history"><br></div><div class="battle-history"><small>(The sunlight is strong!)</small><br></div><div class="spacer battle-history"><br></div><div class="battle-history">Go! <strong>Victreebel</strong>!<br></div><div class="spacer battle-history"><br></div><h2 class="battle-history">Turn 17</h2><div class="spacer battle-history"><br></div><div class="battle-history">Victreebel used <strong>Weather Ball</strong>!<br></div><div class="battle-history"><small>It's super effective!</small><br></div><div class="battle-history"><small>(The opposing Amoonguss lost <abbr title="−155/432">35.9%</abbr> of its health!)</small><br></div><div class="spacer battle-history"><br></div><div class="battle-history">The opposing Amoonguss fainted!<br></div><div class="spacer battle-history"><br></div><div class="battle-history"><small>(The sunlight is strong!)</small><br></div><div class="spacer battle-history"><br></div><div class="battle-history">ms pinguino 2 sent out Marowak (<strong>Marowak-Alola</strong>)!<br></div><div class="battle-history"><small>Pointed stones dug into the opposing Marowak!</small><br></div><div class="spacer battle-history"><br></div><h2 class="battle-history">Turn 18</h2><div class="spacer battle-history"><br></div><div class="battle-history">Victreebel used <strong>Hidden Power</strong>!<br></div><div class="battle-history"><small>It's super effective!</small><br></div><div class="battle-history"><small>(The opposing Marowak lost <abbr title="−150/324">46.3%</abbr> of its health!)</small><br></div><div class="spacer battle-history"><br></div><div class="battle-history">The opposing Marowak used <strong>Bonemerang</strong>!<br></div><div class="battle-history"><small>(Victreebel lost <abbr title="−139/301">46.2%</abbr> of its health!)</small><br></div><div class="battle-history"><small>Hit 1 time!</small><br></div><div class="spacer battle-history"><br></div><div class="battle-history">Victreebel fainted!<br></div><div class="spacer battle-history"><br></div><div class="battle-history"><small>(The sunlight is strong!)</small><br></div><div class="spacer battle-history"><br></div><div class="battle-history">Go! Gyarados (<strong>Gyarados-Mega</strong>)!<br></div><div class="battle-history"><small>[Gyarados's Mold Breaker]</small><br><small>Gyarados breaks the mold!</small><br></div><div class="spacer battle-history"><br></div><h2 class="battle-history">Turn 19</h2><div class="spacer battle-history"><br></div><div class="battle-history">Gyarados used <strong>Ice Fang</strong>!<br></div><div class="battle-history"><small>It's not very effective...</small><br></div><div class="battle-history"><small>(The opposing Marowak lost <abbr title="−37/324">11.4%</abbr> of its health!)</small><br></div><div class="spacer battle-history"><br></div><div class="battle-history">The opposing Marowak used <strong>Flare Blitz</strong>!<br></div><div class="battle-history"><small>It's not very effective...</small><br></div><div class="battle-history"><small>(Gyarados lost <abbr title="−63/331">19.0%</abbr> of its health!)</small><br></div><div class="spacer battle-history"><br></div><div class="battle-history">Gyarados fainted!<br></div><div class="spacer battle-history"><br></div><div class="battle-history"><small>(The sunlight is strong!)</small><br></div><div class="spacer battle-history"><br></div><div class="battle-history">Go! <strong>Kartana</strong>!<br></div><div class="spacer battle-history"><br></div><h2 class="battle-history">Turn 20</h2><div class="spacer battle-history"><br></div><div class="battle-history">Kartana used <strong>Leaf Blade</strong>!<br></div><div class="battle-history"><small>It's not very effective...</small><br></div><div class="battle-history"><small>(The opposing Marowak lost <abbr title="−56/324">17.3%</abbr> of its health!)</small><br></div><div class="spacer battle-history"><br></div><div class="battle-history">The opposing Marowak fainted!<br></div><div class="battle-history"><small>[Kartana's Beast Boost]</small><br></div><div class="battle-history"><small>Kartana's Speed rose!</small><br></div><div class="spacer battle-history"><br></div><div class="battle-history"><small>The sunlight faded.</small><br></div><div class="battle-history"><small>The electricity disappeared from the battlefield.</small><br></div><div class="spacer battle-history"><br></div><div class="battle-history">ms pinguino 2 sent out <strong>Kommo-o</strong>!<br></div><div class="battle-history"><small>Pointed stones dug into the opposing Kommo-o!</small><br></div><div class="spacer battle-history"><br></div><h2 class="battle-history">Turn 21</h2><div class="spacer battle-history"><br></div><div class="battle-history"><small>Kartana surrounded itself with its Z-Power!</small><br></div><div class="spacer battle-history"><br></div><div class="battle-history">Kartana used <strong>Breakneck Blitz</strong>!<br></div><div class="battle-history"><small>(The opposing Kommo-o lost <abbr title="−182/291">62.5%</abbr> of its health!)</small><br></div><div class="battle-history"><small>The opposing Kommo-o surrounded itself with its Z-Power!</small><br></div><div class="spacer battle-history"><br></div><div class="battle-history">The opposing Kommo-o used <strong>Clangorous Soulblaze</strong>!<br></div><div class="battle-history"><small>It's not very effective...</small><br></div><div class="battle-history"><small>(Kartana lost <abbr title="−306/322">95.0%</abbr> of its health!)</small><br></div><div class="battle-history"><small>The opposing Kommo-o's Attack rose!</small><br></div><div class="battle-history"><small>The opposing Kommo-o's Defense rose!</small><br></div><div class="battle-history"><small>The opposing Kommo-o's Special Attack rose!</small><br></div><div class="battle-history"><small>The opposing Kommo-o's Special Defense rose!</small><br></div><div class="battle-history"><small>The opposing Kommo-o's Speed rose!</small><br></div><div class="spacer battle-history"><br></div><h2 class="battle-history">Turn 22</h2><div class="chat chatmessage-beppler"><strong style="color:hsl(118,73%,37.93733867614693%)"><small>♦</small><span class="username" data-name="Beppler">Beppler</span>:</strong> <em>ya gano kommo-o</em></div><div class="chat chatmessage-beppler"><strong style="color:hsl(118,73%,37.93733867614693%)"><small>♦</small><span class="username" data-name="Beppler">Beppler</span>:</strong> <em>q</em></div><div class="spacer battle-history"><br></div><div class="battle-history">Kartana used <strong>Sacred Sword</strong>!<br></div><div class="battle-history"><small>(The opposing Kommo-o lost <abbr title="−87/291">29.9%</abbr> of its health!)</small><br></div><div class="spacer battle-history"><br></div><div class="battle-history">The opposing Kommo-o used <strong>Flamethrower</strong>!<br></div><div class="battle-history"><small>It's super effective!</small><br></div><div class="battle-history"><small>(Kartana lost <abbr title="−16/322">5.0%</abbr> of its health!)</small><br></div><div class="spacer battle-history"><br></div><div class="battle-history">Kartana fainted!<br></div><div class="spacer battle-history"><br></div><div class="battle-history">Go! <strong>Heatran</strong>!<br></div><div class="spacer battle-history"><br></div><h2 class="battle-history">Turn 23</h2><div class="spacer battle-history"><br></div><div class="battle-history">The opposing Kommo-o used <strong>Close Combat</strong>!<br></div><div class="battle-history"><small>It's super effective!</small><br></div><div class="battle-history"><small>(Heatran lost <abbr title="−156/376">41.5%</abbr> of its health!)</small><br></div><div class="battle-history"><small>The opposing Kommo-o's Defense fell!</small><br></div><div class="battle-history"><small>The opposing Kommo-o's Special Defense fell!</small><br></div><div class="spacer battle-history"><br></div><div class="battle-history">Heatran fainted!<br></div><div class="spacer battle-history"><br></div><div class="battle-history">Go! <strong>Zygarde</strong>!<br></div><div class="battle-history"><small>[Zygarde's Aura Break]</small><br><small>Zygarde reversed all other Pokémon's auras!</small><br></div><div class="spacer battle-history"><br></div><h2 class="battle-history">Turn 24</h2><div class="chat chatmessage-camilacruz"><strong style="color:hsl(107,48%,44.819126939248115%)"><small>☆</small><span class="username" data-name="Camila Cruz猫田♡">Camila Cruz猫田♡</span>:</strong> <em>le falta un scarf a esto</em></div><div class="spacer battle-history"><br></div><div class="battle-history">The opposing Kommo-o used <strong>Clanging Scales</strong>!<br></div><div class="battle-history"><small>It's super effective!</small><br></div><div class="battle-history"><small>(Zygarde lost <abbr title="−153/357">42.9%</abbr> of its health!)</small><br></div><div class="battle-history"><small>The opposing Kommo-o's Defense fell!</small><br></div><div class="spacer battle-history"><br></div><div class="battle-history">Zygarde fainted!<br></div><div class="spacer battle-history"><br></div><div class="battle-history"><strong>ms pinguino 2</strong> won the battle!<br></div></div><div class="inner-preempt"></div></div></div>
</div>
<script>
let daily = Math.floor(Date.now()/1000/60/60/24);document.write('<script src="https://play.pokemonshowdown.com/js/replay-embed.js?version'+daily+'"></'+'script>');
</script>
