<!DOCTYPE html>
<meta charset="utf-8" />
<!-- version 1 -->
<title>OU replay: Jit El Sicario vs. Makesuit</title>
<style>
html,body {font-family:Verdana, sans-serif;font-size:10pt;margin:0;padding:0;}body{padding:12px 0;} .battle-log {font-family:Verdana, sans-serif;font-size:10pt;} .battle-log-inline {border:1px solid #AAAAAA;background:#EEF2F5;color:black;max-width:640px;margin:0 auto 80px;padding-bottom:5px;} .battle-log .inner {padding:4px 8px 0px 8px;} .battle-log .inner-preempt {padding:0 8px 4px 8px;} .battle-log .inner-after {margin-top:0.5em;} .battle-log h2 {margin:0.5em -8px;padding:4px 8px;border:1px solid #AAAAAA;background:#E0E7EA;border-left:0;border-right:0;font-family:Verdana, sans-serif;font-size:13pt;} .battle-log .chat {vertical-align:middle;padding:3px 0 3px 0;font-size:8pt;} .battle-log .chat strong {color:#40576A;} .battle-log .chat em {padding:1px 4px 1px 3px;color:#000000;font-style:normal;} .chat.mine {background:rgba(0,0,0,0.05);margin-left:-8px;margin-right:-8px;padding-left:8px;padding-right:8px;} .spoiler {color:#BBBBBB;background:#BBBBBB;padding:0px 3px;} .spoiler:hover, .spoiler:active, .spoiler-shown {color:#000000;background:#E2E2E2;padding:0px 3px;} .spoiler a {color:#BBBBBB;} .spoiler:hover a, .spoiler:active a, .spoiler-shown a {color:#2288CC;} .chat code, .chat .spoiler:hover code, .chat .spoiler:active code, .chat .spoiler-shown code {border:1px solid #C0C0C0;background:#EEEEEE;color:black;padding:0 2px;} .chat .spoiler code {border:1px solid #CCCCCC;background:#CCCCCC;color:#CCCCCC;} .battle-log .rated {padding:3px 4px;} .battle-log .rated strong {color:white;background:#89A;padding:1px 4px;border-radius:4px;} .spacer {margin-top:0.5em;} .message-announce {background:#6688AA;color:white;padding:1px 4px 2px;} .message-announce a, .broadcast-green a, .broadcast-blue a, .broadcast-red a {color:#DDEEFF;} .broadcast-green {background-color:#559955;color:white;padding:2px 4px;} .broadcast-blue {background-color:#6688AA;color:white;padding:2px 4px;} .infobox {border:1px solid #6688AA;padding:2px 4px;} .infobox-limited {max-height:200px;overflow:auto;overflow-x:hidden;} .broadcast-red {background-color:#AA5544;color:white;padding:2px 4px;} .message-learn-canlearn {font-weight:bold;color:#228822;text-decoration:underline;} .message-learn-cannotlearn {font-weight:bold;color:#CC2222;text-decoration:underline;} .message-effect-weak {font-weight:bold;color:#CC2222;} .message-effect-resist {font-weight:bold;color:#6688AA;} .message-effect-immune {font-weight:bold;color:#666666;} .message-learn-list {margin-top:0;margin-bottom:0;} .message-throttle-notice, .message-error {color:#992222;} .message-overflow, .chat small.message-overflow {font-size:0pt;} .message-overflow::before {font-size:9pt;content:'...';} .subtle {color:#3A4A66;}
</style>
<div class="wrapper replay-wrapper" style="max-width:1180px;margin:0 auto">
<input type="hidden" name="replayid" value="destiny-ou-420795" />
<div class="battle"></div><div class="battle-log"></div><div class="replay-controls"></div><div class="replay-controls-2"></div>
<h1 style="font-weight:normal;text-align:center"><strong>OU</strong><br /><a href="http://pokemonshowdown.com/users/jitelsicario" class="subtle" target="_blank">Jit El Sicario</a> vs. <a href="http://pokemonshowdown.com/users/makesuit" class="subtle" target="_blank">Makesuit</a></h1>
<script type="text/plain" class="battle-log-data">|player|p1|Jit El Sicario|1087
|teamsize|p1|6
|player|p2|Makesuit|3
|teamsize|p2|6
|teamsize|p1|6
|teamsize|p2|6
|gametype|singles
|gen|7
|tier|OU
|seed|334,62298,54989,52221
|rule|Cláusula-Mod de Dormir: solo puedes dormir a uno de tus oponentes a la vez.
|rule|Cláusula de Especie: Hasta un Pokémon de cada especie
|rule|Cláusula de Golpe Fulminante: los movimientos fulminantes (OHKO) estan prohibidos
|rule|Cláusula de Veleta: la habilidad Veleta está prohibida
|rule|Cláusula de Movimientos Evasivos: los movimientos de Evasión están prohibidos.
|rule|Cláusula de Batallas Eternas: forzar batallas eternas está prohibido
|clearpoke
|poke|p1|Scizor, M|item
|poke|p1|Greninja, M|item
|poke|p1|Heatran, M|item
|poke|p1|Tyranitar, M|item
|poke|p1|Tapu Bulu|item
|poke|p1|Landorus-Therian, M|item
|poke|p2|Diancie|item
|poke|p2|Amoonguss, F|item
|poke|p2|Magnezone|item
|poke|p2|Garchomp, F|item
|poke|p2|Jirachi|item
|poke|p2|Tornadus-Therian, M|item
|teampreview|undefined
|c|☆Makesuit|\/log Makesuit activó el acceso restringido en sincronía con chat moderado.
|choice|*|*team 123456
|choice|*team 623451|*
|choice|team 6, 2, 3, 4, 5, 1|team 1, 2, 3, 4, 5, 6
|
|start
|switch|p1a: Landorus|Landorus-Therian, M|319\/319
|switch|p2a: Diancie|Diancie|241\/241
|-ability|p1a: Landorus|Intimidate|boost
|-fail|p2a: Diancie|unboost|[from] ability: Clear Body|[of] p2a: Diancie
|turn|1
|choice|*|*switch 6
|choice|*move 1|*
|choice|move uturn|switch 6
|
|switch|p2a: Tornadus|Tornadus-Therian, M|362\/362
|move|p1a: Landorus|U-turn|p2a: Tornadus
|-resisted|p2a: Tornadus
|-damage|p2a: Tornadus|307\/362
|-damage|p1a: Landorus|266\/319|[from] item: Rocky Helmet|[of] p2a: Tornadus
|choice|*switch 3|*
|choice|switch 3|
|
|switch|p1a: Heatran|Heatran, M|323\/323|[from]move: U-turn
|
|upkeep
|turn|2
|choice|*move 4|*
|choice|*|*move 3
|choice|move stealthrock|move knockoff
|
|move|p2a: Tornadus|Knock Off|p1a: Heatran
|-damage|p1a: Heatran|276\/323
|move|p1a: Heatran|Stealth Rock|p2a: Tornadus
|-sidestart|p2: Makesuit|move: Stealth Rock
|
|upkeep
|turn|3
|choice|*move 2|*
|choice|*|*move 4
|choice|move magmastorm|move uturn
|
|move|p2a: Tornadus|U-turn|p1a: Heatran
|-resisted|p1a: Heatran
|-damage|p1a: Heatran|265\/323
|choice|*|*switch 4
|choice||switch 4
|
|switch|p2a: Garchomp|Garchomp, F|358\/358|[from]move: U-turn
|-damage|p2a: Garchomp|336\/358|[from] Stealth Rock
|move|p1a: Heatran|Magma Storm|p2a: Garchomp
|-resisted|p2a: Garchomp
|-damage|p2a: Garchomp|237\/358
|-activate|p2a: Garchomp|move: Magma Storm|[of] p1a: Heatran
|
|-damage|p2a: Garchomp|193\/358|[from] move: Magma Storm|[partiallytrapped]
|upkeep
|turn|4
|choice|*|*move 4
|choice|*switch 5|*
|choice|switch 5|move firefang
|
|switch|p1a: Tapu Bulu|Tapu Bulu|343\/343
|-fieldstart|move: Grassy Terrain|[from] ability: Grassy Surge|[of] p1a: Tapu Bulu
|move|p2a: Garchomp|Fire Fang|p1a: Tapu Bulu
|-supereffective|p1a: Tapu Bulu
|-crit|p1a: Tapu Bulu
|-damage|p1a: Tapu Bulu|149\/343
|
|-heal|p2a: Garchomp|215\/358|[from] Grassy Terrain
|-heal|p1a: Tapu Bulu|170\/343|[from] Grassy Terrain
|upkeep
|turn|5
|choice|*switch 3|*
|choice|*|*switch 2
|choice|*switch 3|*
|choice|switch 3|switch 2
|
|switch|p2a: Amoonguss|Amoonguss, F|432\/432
|-damage|p2a: Amoonguss|378\/432|[from] Stealth Rock
|switch|p1a: Landorus|Landorus-Therian, M|266\/319
|-ability|p1a: Landorus|Intimidate|boost
|-unboost|p2a: Amoonguss|atk|1
|
|-heal|p2a: Amoonguss|405\/432|[from] Grassy Terrain
|upkeep
|turn|6
|choice|*move 1|*
|choice|*|*switch 6
|choice|move uturn|switch 6
|
|switch|p2a: Diancie|Diancie|241\/241
|-damage|p2a: Diancie|211\/241|[from] Stealth Rock
|move|p1a: Landorus|U-turn|p2a: Diancie
|-resisted|p2a: Diancie
|-damage|p2a: Diancie|175\/241
|choice|*switch 2|*
|choice|switch 2|
|
|switch|p1a: Greninja|Greninja, M|285\/285|[from]move: U-turn
|
|-heal|p2a: Diancie|190\/241|[from] Grassy Terrain
|upkeep
|turn|7
|choice|*move 4|*
|choice|*|*switch 6
|choice|move spikes|switch 6
|
|switch|p2a: Amoonguss|Amoonguss, F|432\/432
|-damage|p2a: Amoonguss|378\/432|[from] Stealth Rock
|move|p1a: Greninja|Spikes|p2a: Amoonguss
|-sidestart|p2: Makesuit|Spikes
|
|-heal|p2a: Amoonguss|405\/432|[from] Grassy Terrain
|upkeep
|turn|8
|choice|*switch 5|*
|choice|*switch 3|*
|choice|*|*switch 4
|choice|switch 3|switch 4
|
|switch|p1a: Tapu Bulu|Tapu Bulu|170\/343
|switch|p2a: Tornadus|Tornadus-Therian, M|362\/362
|-damage|p2a: Tornadus|272\/362|[from] Stealth Rock
|
|-heal|p1a: Tapu Bulu|191\/343|[from] Grassy Terrain
|-fieldend|move: Grassy Terrain
|upkeep
|turn|9
|choice|*|*move 1
|choice|*switch 4|*
|choice|switch 4|move defog
|
|switch|p1a: Tyranitar|Tyranitar, M|361\/361
|-weather|Sandstorm|[from] ability: Sand Stream|[of] p1a: Tyranitar
|move|p2a: Tornadus|Defog|p1a: Tyranitar
|-unboost|p1a: Tyranitar|evasion|1
|-sideend|p2: Makesuit|Spikes|[from] move: Defog|[of] p2a: Tornadus
|-sideend|p2: Makesuit|Stealth Rock|[from] move: Defog|[of] p2a: Tornadus
|
|-weather|Sandstorm|[upkeep]
|-damage|p2a: Tornadus|250\/362|[from] sandstorm
|upkeep
|turn|10
|choice|*move 3|*
|choice|*|*move 4
|choice|move pursuit|move uturn
|
|move|p2a: Tornadus|U-turn|p1a: Tyranitar
|-supereffective|p1a: Tyranitar
|-damage|p1a: Tyranitar|269\/361
|choice|*|*switch 6
|choice||switch 6
|
|-activate|p2a: Tornadus|move: Pursuit
|move|p1a: Tyranitar|Pursuit|p2a: Tornadus|[from]Pursuit
|-damage|p2a: Tornadus|0 fnt
|-damage|p1a: Tyranitar|209\/361|[from] item: Rocky Helmet|[of] p2a: Tornadus
|faint|p2a: Tornadus
|
|-weather|Sandstorm|[upkeep]
|upkeep
|choice|*|*switch 6
|choice||switch 6
|
|switch|p2a: Diancie|Diancie|190\/241
|turn|11
|choice|*switch 6|*
|choice|*|*move 1 mega
|choice|switch 6|move stealthrock mega
|
|switch|p1a: Scizor|Scizor, M|343\/343
|-mega|p2a: Diancie|Diancie|Diancite
|detailschange|p2a: Diancie|Diancie-Mega
|move|p2a: Diancie|Stealth Rock|p1a: Scizor
|-sidestart|p1: Jit El Sicario|move: Stealth Rock
|
|-weather|Sandstorm|[upkeep]
|upkeep
|turn|12
|choice|*|*switch 3
|choice|*switch 2|*
|choice|switch 2|switch 3
|
|switch|p2a: Magnezone|Magnezone|282\/282
|switch|p1a: Landorus|Landorus-Therian, M|266\/319
|-damage|p1a: Landorus|227\/319|[from] Stealth Rock
|-ability|p1a: Landorus|Intimidate|boost
|-unboost|p2a: Magnezone|atk|1
|
|-weather|Sandstorm|[upkeep]
|upkeep
|turn|13
|choice|*move 4|*
|choice|*|*switch 4
|choice|*move 4|*
|choice|move defog|switch 4
|
|switch|p2a: Amoonguss|Amoonguss, F|432\/432
|move|p1a: Landorus|Defog|p2a: Amoonguss
|-unboost|p2a: Amoonguss|evasion|1
|-sideend|p1: Jit El Sicario|Stealth Rock|[from] move: Defog|[of] p1a: Landorus
|
|-weather|none
|upkeep
|turn|14
|choice|*switch 4|*
|choice|*|*move 3
|choice|switch 4|move stompingtantrum
|
|switch|p1a: Tapu Bulu|Tapu Bulu|191\/343
|-fieldstart|move: Grassy Terrain|[from] ability: Grassy Surge|[of] p1a: Tapu Bulu
|move|p2a: Amoonguss|Stomping Tantrum|p1a: Tapu Bulu
|-resisted|p1a: Tapu Bulu
|-damage|p1a: Tapu Bulu|170\/343
|
|-heal|p1a: Tapu Bulu|191\/343|[from] Grassy Terrain
|upkeep
|turn|15
|choice|*move 4|*
|choice|*|*move 4
|choice|move naturesmadness|move hiddenpower
|
|move|p1a: Tapu Bulu|Nature's Madness|p2a: Amoonguss
|-damage|p2a: Amoonguss|216\/432
|move|p2a: Amoonguss|Hidden Power|p1a: Tapu Bulu
|-supereffective|p1a: Tapu Bulu
|-damage|p1a: Tapu Bulu|133\/343
|
|-heal|p1a: Tapu Bulu|154\/343|[from] Grassy Terrain
|-heal|p2a: Amoonguss|243\/432|[from] Grassy Terrain
|upkeep
|turn|16
|choice|*move 4|*
|choice|*|*move 2
|choice|move naturesmadness|move sludgebomb
|
|move|p1a: Tapu Bulu|Nature's Madness|p2a: Amoonguss
|-damage|p2a: Amoonguss|122\/432
|move|p2a: Amoonguss|Sludge Bomb|p1a: Tapu Bulu
|-supereffective|p1a: Tapu Bulu
|-damage|p1a: Tapu Bulu|0 fnt
|faint|p1a: Tapu Bulu
|
|-heal|p2a: Amoonguss|149\/432|[from] Grassy Terrain
|upkeep
|choice|*switch 5|*
|choice|switch 5|
|
|switch|p1a: Heatran|Heatran, M|265\/323
|turn|17
|choice|*move 2 zmove|*
|choice|*|*switch 3
|choice|move magmastorm zmove|switch 3
|
|switch|p2a: Diancie|Diancie-Mega|190\/241
|-zpower|p1a: Heatran
|move|p1a: Heatran|Inferno Overdrive|p2a: Diancie|[zeffect]
|-resisted|p2a: Diancie
|-damage|p2a: Diancie|51\/241
|
|-heal|p2a: Diancie|66\/241|[from] Grassy Terrain
|-heal|p1a: Heatran|285\/323|[from] Grassy Terrain
|upkeep
|turn|18
|choice|*move 3|*
|choice|*|*move 4
|choice|move earthpower|move earthpower
|
|move|p2a: Diancie|Earth Power|p1a: Heatran
|-supereffective|p1a: Heatran
|-damage|p1a: Heatran|0 fnt
|faint|p1a: Heatran
|
|-heal|p2a: Diancie|81\/241|[from] Grassy Terrain
|-fieldend|move: Grassy Terrain
|upkeep
|choice|*switch 4|*
|choice|switch 4|
|
|switch|p1a: Landorus|Landorus-Therian, M|227\/319
|-ability|p1a: Landorus|Intimidate|boost
|-unboost|p2a: Diancie|atk|1
|turn|19
|choice|*move 2|*
|choice|*|*move 2
|choice|move earthquake|move moonblast
|
|move|p1a: Landorus|Earthquake|p2a: Diancie
|-supereffective|p2a: Diancie
|-damage|p2a: Diancie|0 fnt
|faint|p2a: Diancie
|
|upkeep
|choice|*|*switch 2
|choice||switch 2
|
|switch|p2a: Garchomp|Garchomp, F|215\/358
|turn|20
|choice|*|*move 1 zmove
|choice|*switch 2|*
|choice|switch 2|move outrage zmove
|
|switch|p1a: Scizor|Scizor, M|343\/343
|-zpower|p2a: Garchomp
|move|p2a: Garchomp|Devastating Drake|p1a: Scizor|[zeffect]
|-resisted|p1a: Scizor
|-damage|p1a: Scizor|190\/343
|
|upkeep
|turn|21
|choice|*switch 2|*
|choice|*|*move 4
|choice|switch 2|move firefang
|
|switch|p1a: Landorus|Landorus-Therian, M|227\/319
|-ability|p1a: Landorus|Intimidate|boost
|-unboost|p2a: Garchomp|atk|1
|move|p2a: Garchomp|Fire Fang|p1a: Landorus
|-damage|p1a: Landorus|174\/319
|
|upkeep
|turn|22
|choice|*move 2|*
|choice|*|*switch 5
|choice|move earthquake|switch 5
|
|switch|p2a: Jirachi|Jirachi|341\/341
|move|p1a: Landorus|Earthquake|p2a: Jirachi
|-supereffective|p2a: Jirachi
|-damage|p2a: Jirachi|0 fnt
|faint|p2a: Jirachi
|
|upkeep
|choice|*|*switch 5
|choice||switch 5
|
|switch|p2a: Garchomp|Garchomp, F|215\/358
|turn|23
|choice|*move 2|*
|choice|*|*move 1
|choice|move earthquake|move outrage
|
|move|p1a: Landorus|Earthquake|p2a: Garchomp
|-crit|p2a: Garchomp
|-damage|p2a: Garchomp|0 fnt
|faint|p2a: Garchomp
|
|upkeep
|c|☆Makesuit|Sad
|c|☆Jit El Sicario|perdon
|choice|*|*switch 3
|choice||switch 3
|
|switch|p2a: Amoonguss|Amoonguss, F|293\/432
|turn|24
|choice|*|*move 1
|choice|*move 2|*
|choice|move earthquake|move gigadrain
|
|move|p1a: Landorus|Earthquake|p2a: Amoonguss
|-damage|p2a: Amoonguss|85\/432
|move|p2a: Amoonguss|Giga Drain|p1a: Landorus
|-damage|p1a: Landorus|80\/319
|-heal|p2a: Amoonguss|132\/432|[from] drain|[of] p1a: Landorus
|
|upkeep
|turn|25
|choice|*move 2|*
|choice|*|*move 1
|choice|move earthquake|move gigadrain
|
|move|p1a: Landorus|Earthquake|p2a: Amoonguss
|-damage|p2a: Amoonguss|0 fnt
|faint|p2a: Amoonguss
|
|upkeep
|c|☆Makesuit|Creo k zone + amonguss ganaba
|c|☆Jit El Sicario|no realmente
|c|☆Makesuit|N c
|-message|Makesuit se rindió.
|
|win|Jit El Sicario
</script>
</div>
<div class="battle-log battle-log-inline"><div class="inner"><div class="battle-options"></div><div class="inner"><div class=""><small>Format:</small> <br><strong>OU</strong></div><div class=""><small><em>Cláusula-Mod de Dormir:</em> solo puedes dormir a uno de tus oponentes a la vez.</small></div><div class=""><small><em>Cláusula de Especie:</em> Hasta un Pokémon de cada especie</small></div><div class=""><small><em>Cláusula de Golpe Fulminante:</em> los movimientos fulminantes (OHKO) estan prohibidos</small></div><div class=""><small><em>Cláusula de Veleta:</em> la habilidad Veleta está prohibida</small></div><div class=""><small><em>Cláusula de Movimientos Evasivos:</em> los movimientos de Evasión están prohibidos.</small></div><div class=""><small><em>Cláusula de Batallas Eternas:</em> forzar batallas eternas está prohibido</small></div><div class="chat battle-history"><strong>Jit El Sicario's team:</strong> <em style="color:#445566;display:block;">Scizor / Greninja / Heatran / Tyranitar / Tapu Bulu / Landorus-Therian</em></div><div class="chat battle-history"><strong>Makesuit's team:</strong> <em style="color:#445566;display:block;">Diancie / Amoonguss / Magnezone / Garchomp / Jirachi / Tornadus-Therian</em></div><div class="chat chatmessage-makesuit"><span class="message-log">Makesuit activó el acceso restringido en sincronía con chat moderado.</span></div><div class="spacer battle-history"><br></div><div class="battle-history">Battle started between Jit El Sicario and Makesuit!<br></div><div class="spacer battle-history"><br></div><div class="battle-history">Go! Landorus (<strong>Landorus-Therian</strong>)!<br></div><div class="spacer battle-history"><br></div><div class="battle-history">Makesuit sent out <strong>Diancie</strong>!<br></div><div class="battle-history"><small>[Landorus's Intimidate]</small><br></div><div class="battle-history"><small>[The opposing Diancie's Clear Body]</small><br><small>The opposing Diancie's stats were not lowered!</small><br></div><div class="spacer battle-history"><br></div><h2 class="battle-history">Turn 1</h2><div class="spacer battle-history"><br></div><div class="battle-history">Makesuit withdrew Diancie!<br></div><div class="battle-history">Makesuit sent out Tornadus (<strong>Tornadus-Therian</strong>)!<br></div><div class="spacer battle-history"><br></div><div class="battle-history">Landorus used <strong>U-turn</strong>!<br></div><div class="battle-history"><small>It's not very effective...</small><br></div><div class="battle-history"><small>(The opposing Tornadus lost <abbr title="−55/362">15.2%</abbr> of its health!)</small><br></div><div class="battle-history"><small>Landorus was hurt by the Rocky Helmet!</small><br></div><div class="spacer battle-history"><br></div><div class="battle-history">Landorus went back to Jit El Sicario!<br></div><div class="battle-history">Go! <strong>Heatran</strong>!<br></div><div class="spacer battle-history"><br></div><h2 class="battle-history">Turn 2</h2><div class="spacer battle-history"><br></div><div class="battle-history">The opposing Tornadus used <strong>Knock Off</strong>!<br></div><div class="battle-history"><small>(Heatran lost <abbr title="−47/323">14.6%</abbr> of its health!)</small><br></div><div class="spacer battle-history"><br></div><div class="battle-history">Heatran used <strong>Stealth Rock</strong>!<br></div><div class="battle-history"><small>Pointed stones float in the air around the opposing team!</small><br></div><div class="spacer battle-history"><br></div><h2 class="battle-history">Turn 3</h2><div class="spacer battle-history"><br></div><div class="battle-history">The opposing Tornadus used <strong>U-turn</strong>!<br></div><div class="battle-history"><small>It's not very effective...</small><br></div><div class="battle-history"><small>(Heatran lost <abbr title="−11/323">3.4%</abbr> of its health!)</small><br></div><div class="spacer battle-history"><br></div><div class="battle-history">The opposing Tornadus went back to Makesuit!<br></div><div class="battle-history">Makesuit sent out <strong>Garchomp</strong>!<br></div><div class="battle-history"><small>Pointed stones dug into the opposing Garchomp!</small><br></div><div class="spacer battle-history"><br></div><div class="battle-history">Heatran used <strong>Magma Storm</strong>!<br></div><div class="battle-history"><small>It's not very effective...</small><br></div><div class="battle-history"><small>(The opposing Garchomp lost <abbr title="−99/358">27.7%</abbr> of its health!)</small><br></div><div class="battle-history"><small>The opposing Garchomp became trapped by swirling magma!</small><br></div><div class="spacer battle-history"><br></div><div class="battle-history"><small>The opposing Garchomp is hurt by Magma Storm!</small><br></div><div class="spacer battle-history"><br></div><h2 class="battle-history">Turn 4</h2><div class="spacer battle-history"><br></div><div class="battle-history">Heatran, come back!<br></div><div class="battle-history">Go! <strong>Tapu Bulu</strong>!<br></div><div class="battle-history"><small>[Tapu Bulu's Grassy Surge]</small><br><small>Grass grew to cover the battlefield!</small><br></div><div class="spacer battle-history"><br></div><div class="battle-history">The opposing Garchomp used <strong>Fire Fang</strong>!<br></div><div class="battle-history"><small>It's super effective!</small><br></div><div class="battle-history"><small>A critical hit!</small><br></div><div class="battle-history"><small>(Tapu Bulu lost <abbr title="−194/343">56.6%</abbr> of its health!)</small><br></div><div class="spacer battle-history"><br></div><div class="battle-history"><small>The opposing Garchomp restored HP using its Grassy Terrain!</small><br></div><div class="battle-history"><small>Tapu Bulu restored HP using its Grassy Terrain!</small><br></div><div class="spacer battle-history"><br></div><h2 class="battle-history">Turn 5</h2><div class="spacer battle-history"><br></div><div class="battle-history">Makesuit withdrew Garchomp!<br></div><div class="battle-history">Makesuit sent out <strong>Amoonguss</strong>!<br></div><div class="battle-history"><small>Pointed stones dug into the opposing Amoonguss!</small><br></div><div class="spacer battle-history"><br></div><div class="battle-history">Tapu Bulu, come back!<br></div><div class="battle-history">Go! Landorus (<strong>Landorus-Therian</strong>)!<br></div><div class="battle-history"><small>[Landorus's Intimidate]</small><br></div><div class="battle-history"><small>The opposing Amoonguss's Attack fell!</small><br></div><div class="spacer battle-history"><br></div><div class="battle-history"><small>The opposing Amoonguss restored HP using its Grassy Terrain!</small><br></div><div class="spacer battle-history"><br></div><h2 class="battle-history">Turn 6</h2><div class="spacer battle-history"><br></div><div class="battle-history">Makesuit withdrew Amoonguss!<br></div><div class="battle-history">Makesuit sent out <strong>Diancie</strong>!<br></div><div class="battle-history"><small>Pointed stones dug into the opposing Diancie!</small><br></div><div class="spacer battle-history"><br></div><div class="battle-history">Landorus used <strong>U-turn</strong>!<br></div><div class="battle-history"><small>It's not very effective...</small><br></div><div class="battle-history"><small>(The opposing Diancie lost <abbr title="−36/241">14.9%</abbr> of its health!)</small><br></div><div class="spacer battle-history"><br></div><div class="battle-history">Landorus went back to Jit El Sicario!<br></div><div class="battle-history">Go! <strong>Greninja</strong>!<br></div><div class="spacer battle-history"><br></div><div class="battle-history"><small>The opposing Diancie restored HP using its Grassy Terrain!</small><br></div><div class="spacer battle-history"><br></div><h2 class="battle-history">Turn 7</h2><div class="spacer battle-history"><br></div><div class="battle-history">Makesuit withdrew Diancie!<br></div><div class="battle-history">Makesuit sent out <strong>Amoonguss</strong>!<br></div><div class="battle-history"><small>Pointed stones dug into the opposing Amoonguss!</small><br></div><div class="spacer battle-history"><br></div><div class="battle-history">Greninja used <strong>Spikes</strong>!<br></div><div class="battle-history"><small>Spikes were scattered on the ground all around the opposing team!</small><br></div><div class="spacer battle-history"><br></div><div class="battle-history"><small>The opposing Amoonguss restored HP using its Grassy Terrain!</small><br></div><div class="spacer battle-history"><br></div><h2 class="battle-history">Turn 8</h2><div class="spacer battle-history"><br></div><div class="battle-history">Greninja, come back!<br></div><div class="battle-history">Go! <strong>Tapu Bulu</strong>!<br></div><div class="spacer battle-history"><br></div><div class="battle-history">Makesuit withdrew Amoonguss!<br></div><div class="battle-history">Makesuit sent out Tornadus (<strong>Tornadus-Therian</strong>)!<br></div><div class="battle-history"><small>Pointed stones dug into the opposing Tornadus!</small><br></div><div class="spacer battle-history"><br></div><div class="battle-history"><small>Tapu Bulu restored HP using its Grassy Terrain!</small><br></div><div class="battle-history"><small>The grass disappeared from the battlefield.</small><br></div><div class="spacer battle-history"><br></div><h2 class="battle-history">Turn 9</h2><div class="spacer battle-history"><br></div><div class="battle-history">Tapu Bulu, come back!<br></div><div class="battle-history">Go! <strong>Tyranitar</strong>!<br></div><div class="battle-history"><small>[Tyranitar's Sand Stream]</small><br><small>A sandstorm kicked up!</small><br></div><div class="spacer battle-history"><br></div><div class="battle-history">The opposing Tornadus used <strong>Defog</strong>!<br></div><div class="battle-history"><small>Tyranitar's evasiveness fell!</small><br></div><div class="battle-history"><small>The spikes disappeared from the ground around the opposing team!</small><br></div><div class="battle-history"><small>The pointed stones disappeared from around the opposing team!</small><br></div><div class="spacer battle-history"><br></div><div class="battle-history"><small>The sandstorm is raging.</small><br></div><div class="battle-history"><small>The opposing Tornadus is buffeted by the sandstorm!</small><br></div><div class="spacer battle-history"><br></div><h2 class="battle-history">Turn 10</h2><div class="spacer battle-history"><br></div><div class="battle-history">The opposing Tornadus used <strong>U-turn</strong>!<br></div><div class="battle-history"><small>It's super effective!</small><br></div><div class="battle-history"><small>(Tyranitar lost <abbr title="−92/361">25.5%</abbr> of its health!)</small><br></div><div class="spacer battle-history"><br></div><div class="battle-history"><small>(The opposing Tornadus is being withdrawn...)</small><br></div><div class="spacer battle-history"><br></div><div class="battle-history">Tyranitar used <strong>Pursuit</strong>!<br></div><div class="battle-history"><small>(The opposing Tornadus lost <abbr title="−250/362">69.1%</abbr> of its health!)</small><br></div><div class="battle-history"><small>Tyranitar was hurt by the Rocky Helmet!</small><br></div><div class="spacer battle-history"><br></div><div class="battle-history">The opposing Tornadus fainted!<br></div><div class="spacer battle-history"><br></div><div class="battle-history"><small>The sandstorm is raging.</small><br></div><div class="spacer battle-history"><br></div><div class="battle-history">Makesuit sent out <strong>Diancie</strong>!<br></div><div class="spacer battle-history"><br></div><h2 class="battle-history">Turn 11</h2><div class="spacer battle-history"><br></div><div class="battle-history">Tyranitar, come back!<br></div><div class="battle-history">Go! <strong>Scizor</strong>!<br></div><div class="spacer battle-history"><br></div><div class="battle-history"><small>The opposing Diancie's Diancite is reacting to the Key Stone!</small><br>The opposing Diancie has Mega Evolved into Mega Diancie!<br></div><div class="spacer battle-history"><br></div><div class="battle-history">The opposing Diancie used <strong>Stealth Rock</strong>!<br></div><div class="battle-history"><small>Pointed stones float in the air around your team!</small><br></div><div class="spacer battle-history"><br></div><div class="battle-history"><small>The sandstorm is raging.</small><br></div><div class="spacer battle-history"><br></div><h2 class="battle-history">Turn 12</h2><div class="spacer battle-history"><br></div><div class="battle-history">Makesuit withdrew Diancie!<br></div><div class="battle-history">Makesuit sent out <strong>Magnezone</strong>!<br></div><div class="spacer battle-history"><br></div><div class="battle-history">Scizor, come back!<br></div><div class="battle-history">Go! Landorus (<strong>Landorus-Therian</strong>)!<br></div><div class="battle-history"><small>Pointed stones dug into Landorus!</small><br></div><div class="battle-history"><small>[Landorus's Intimidate]</small><br></div><div class="battle-history"><small>The opposing Magnezone's Attack fell!</small><br></div><div class="spacer battle-history"><br></div><div class="battle-history"><small>The sandstorm is raging.</small><br></div><div class="spacer battle-history"><br></div><h2 class="battle-history">Turn 13</h2><div class="spacer battle-history"><br></div><div class="battle-history">Makesuit withdrew Magnezone!<br></div><div class="battle-history">Makesuit sent out <strong>Amoonguss</strong>!<br></div><div class="spacer battle-history"><br></div><div class="battle-history">Landorus used <strong>Defog</strong>!<br></div><div class="battle-history"><small>The opposing Amoonguss's evasiveness fell!</small><br></div><div class="battle-history"><small>The pointed stones disappeared from around your team!</small><br></div><div class="spacer battle-history"><br></div><div class="battle-history"><small>The sandstorm subsided.</small><br></div><div class="spacer battle-history"><br></div><h2 class="battle-history">Turn 14</h2><div class="spacer battle-history"><br></div><div class="battle-history">Landorus, come back!<br></div><div class="battle-history">Go! <strong>Tapu Bulu</strong>!<br></div><div class="battle-history"><small>[Tapu Bulu's Grassy Surge]</small><br><small>Grass grew to cover the battlefield!</small><br></div><div class="spacer battle-history"><br></div><div class="battle-history">The opposing Amoonguss used <strong>Stomping Tantrum</strong>!<br></div><div class="battle-history"><small>It's not very effective...</small><br></div><div class="battle-history"><small>(Tapu Bulu lost <abbr title="−21/343">6.1%</abbr> of its health!)</small><br></div><div class="spacer battle-history"><br></div><div class="battle-history"><small>Tapu Bulu restored HP using its Grassy Terrain!</small><br></div><div class="spacer battle-history"><br></div><h2 class="battle-history">Turn 15</h2><div class="spacer battle-history"><br></div><div class="battle-history">Tapu Bulu used <strong>Nature's Madness</strong>!<br></div><div class="battle-history"><small>(The opposing Amoonguss lost <abbr title="−216/432">50%</abbr> of its health!)</small><br></div><div class="spacer battle-history"><br></div><div class="battle-history">The opposing Amoonguss used <strong>Hidden Power</strong>!<br></div><div class="battle-history"><small>It's super effective!</small><br></div><div class="battle-history"><small>(Tapu Bulu lost <abbr title="−58/343">16.9%</abbr> of its health!)</small><br></div><div class="spacer battle-history"><br></div><div class="battle-history"><small>Tapu Bulu restored HP using its Grassy Terrain!</small><br></div><div class="battle-history"><small>The opposing Amoonguss restored HP using its Grassy Terrain!</small><br></div><div class="spacer battle-history"><br></div><h2 class="battle-history">Turn 16</h2><div class="spacer battle-history"><br></div><div class="battle-history">Tapu Bulu used <strong>Nature's Madness</strong>!<br></div><div class="battle-history"><small>(The opposing Amoonguss lost <abbr title="−121/432">28.0%</abbr> of its health!)</small><br></div><div class="spacer battle-history"><br></div><div class="battle-history">The opposing Amoonguss used <strong>Sludge Bomb</strong>!<br></div><div class="battle-history"><small>It's super effective!</small><br></div><div class="battle-history"><small>(Tapu Bulu lost <abbr title="−154/343">44.9%</abbr> of its health!)</small><br></div><div class="spacer battle-history"><br></div><div class="battle-history">Tapu Bulu fainted!<br></div><div class="spacer battle-history"><br></div><div class="battle-history"><small>The opposing Amoonguss restored HP using its Grassy Terrain!</small><br></div><div class="spacer battle-history"><br></div><div class="battle-history">Go! <strong>Heatran</strong>!<br></div><div class="spacer battle-history"><br></div><h2 class="battle-history">Turn 17</h2><div class="spacer battle-history"><br></div><div class="battle-history">Makesuit withdrew Amoonguss!<br></div><div class="battle-history">Makesuit sent out Diancie (<strong>Diancie-Mega</strong>)!<br></div><div class="battle-history"><small>Heatran surrounded itself with its Z-Power!</small><br></div><div class="spacer battle-history"><br></div><div class="battle-history">Heatran used <strong>Inferno Overdrive</strong>!<br></div><div class="battle-history"><small>It's not very effective...</small><br></div><div class="battle-history"><small>(The opposing Diancie lost <abbr title="−139/241">57.7%</abbr> of its health!)</small><br></div><div class="spacer battle-history"><br></div><div class="battle-history"><small>The opposing Diancie restored HP using its Grassy Terrain!</small><br></div><div class="battle-history"><small>Heatran restored HP using its Grassy Terrain!</small><br></div><div class="spacer battle-history"><br></div><h2 class="battle-history">Turn 18</h2><div class="spacer battle-history"><br></div><div class="battle-history">The opposing Diancie used <strong>Earth Power</strong>!<br></div><div class="battle-history"><small>It's super effective!</small><br></div><div class="battle-history"><small>(Heatran lost <abbr title="−285/323">88.2%</abbr> of its health!)</small><br></div><div class="spacer battle-history"><br></div><div class="battle-history">Heatran fainted!<br></div><div class="spacer battle-history"><br></div><div class="battle-history"><small>The opposing Diancie restored HP using its Grassy Terrain!</small><br></div><div class="battle-history"><small>The grass disappeared from the battlefield.</small><br></div><div class="spacer battle-history"><br></div><div class="battle-history">Go! Landorus (<strong>Landorus-Therian</strong>)!<br></div><div class="battle-history"><small>[Landorus's Intimidate]</small><br></div><div class="battle-history"><small>The opposing Diancie's Attack fell!</small><br></div><div class="spacer battle-history"><br></div><h2 class="battle-history">Turn 19</h2><div class="spacer battle-history"><br></div><div class="battle-history">Landorus used <strong>Earthquake</strong>!<br></div><div class="battle-history"><small>It's super effective!</small><br></div><div class="battle-history"><small>(The opposing Diancie lost <abbr title="−81/241">33.6%</abbr> of its health!)</small><br></div><div class="spacer battle-history"><br></div><div class="battle-history">The opposing Diancie fainted!<br></div><div class="spacer battle-history"><br></div><div class="battle-history">Makesuit sent out <strong>Garchomp</strong>!<br></div><div class="spacer battle-history"><br></div><h2 class="battle-history">Turn 20</h2><div class="spacer battle-history"><br></div><div class="battle-history">Landorus, come back!<br></div><div class="battle-history">Go! <strong>Scizor</strong>!<br></div><div class="battle-history"><small>The opposing Garchomp surrounded itself with its Z-Power!</small><br></div><div class="spacer battle-history"><br></div><div class="battle-history">The opposing Garchomp used <strong>Devastating Drake</strong>!<br></div><div class="battle-history"><small>It's not very effective...</small><br></div><div class="battle-history"><small>(Scizor lost <abbr title="−153/343">44.6%</abbr> of its health!)</small><br></div><div class="spacer battle-history"><br></div><h2 class="battle-history">Turn 21</h2><div class="spacer battle-history"><br></div><div class="battle-history">Scizor, come back!<br></div><div class="battle-history">Go! Landorus (<strong>Landorus-Therian</strong>)!<br></div><div class="battle-history"><small>[Landorus's Intimidate]</small><br></div><div class="battle-history"><small>The opposing Garchomp's Attack fell!</small><br></div><div class="spacer battle-history"><br></div><div class="battle-history">The opposing Garchomp used <strong>Fire Fang</strong>!<br></div><div class="battle-history"><small>(Landorus lost <abbr title="−53/319">16.6%</abbr> of its health!)</small><br></div><div class="spacer battle-history"><br></div><h2 class="battle-history">Turn 22</h2><div class="spacer battle-history"><br></div><div class="battle-history">Makesuit withdrew Garchomp!<br></div><div class="battle-history">Makesuit sent out <strong>Jirachi</strong>!<br></div><div class="spacer battle-history"><br></div><div class="battle-history">Landorus used <strong>Earthquake</strong>!<br></div><div class="battle-history"><small>It's super effective!</small><br></div><div class="battle-history"><small>(The opposing Jirachi lost <abbr title="−341/341">100%</abbr> of its health!)</small><br></div><div class="spacer battle-history"><br></div><div class="battle-history">The opposing Jirachi fainted!<br></div><div class="spacer battle-history"><br></div><div class="battle-history">Makesuit sent out <strong>Garchomp</strong>!<br></div><div class="spacer battle-history"><br></div><h2 class="battle-history">Turn 23</h2><div class="spacer battle-history"><br></div><div class="battle-history">Landorus used <strong>Earthquake</strong>!<br></div><div class="battle-history"><small>A critical hit!</small><br></div><div class="battle-history"><small>(The opposing Garchomp lost <abbr title="−215/358">60.1%</abbr> of its health!)</small><br></div><div class="spacer battle-history"><br></div><div class="battle-history">The opposing Garchomp fainted!<br></div><div class="chat chatmessage-makesuit"><strong style="color:hsl(57,64%,37%)"><small>☆</small><span class="username" data-name="Makesuit">Makesuit</span>:</strong> <em>Sad</em></div><div class="chat chatmessage-jitelsicario"><strong style="color:hsl(339,86%,43%)"><small>☆</small><span class="username" data-name="Jit El Sicario">Jit El Sicario</span>:</strong> <em>perdon</em></div><div class="spacer battle-history"><br></div><div class="battle-history">Makesuit sent out <strong>Amoonguss</strong>!<br></div><div class="spacer battle-history"><br></div><h2 class="battle-history">Turn 24</h2><div class="spacer battle-history"><br></div><div class="battle-history">Landorus used <strong>Earthquake</strong>!<br></div><div class="battle-history"><small>(The opposing Amoonguss lost <abbr title="−208/432">48.1%</abbr> of its health!)</small><br></div><div class="spacer battle-history"><br></div><div class="battle-history">The opposing Amoonguss used <strong>Giga Drain</strong>!<br></div><div class="battle-history"><small>(Landorus lost <abbr title="−94/319">29.5%</abbr> of its health!)</small><br></div><div class="battle-history"><small>Landorus had its energy drained!</small><br></div><div class="spacer battle-history"><br></div><h2 class="battle-history">Turn 25</h2><div class="spacer battle-history"><br></div><div class="battle-history">Landorus used <strong>Earthquake</strong>!<br></div><div class="battle-history"><small>(The opposing Amoonguss lost <abbr title="−132/432">30.6%</abbr> of its health!)</small><br></div><div class="spacer battle-history"><br></div><div class="battle-history">The opposing Amoonguss fainted!<br></div><div class="chat chatmessage-makesuit"><strong style="color:hsl(57,64%,37%)"><small>☆</small><span class="username" data-name="Makesuit">Makesuit</span>:</strong> <em>Creo k zone + amonguss ganaba</em></div><div class="chat chatmessage-jitelsicario"><strong style="color:hsl(339,86%,43%)"><small>☆</small><span class="username" data-name="Jit El Sicario">Jit El Sicario</span>:</strong> <em>no realmente</em></div><div class="chat chatmessage-makesuit"><strong style="color:hsl(57,64%,37%)"><small>☆</small><span class="username" data-name="Makesuit">Makesuit</span>:</strong> <em>N c</em></div><div class="spacer battle-history"><br></div><div class="battle-history"><small>Makesuit se rindió.</small><br></div><div class="spacer battle-history"><br></div><div class="battle-history"><strong>Jit El Sicario</strong> won the battle!<br></div></div><div class="inner-preempt"></div></div></div>
</div>
<script>
let daily = Math.floor(Date.now()/1000/60/60/24);document.write('<script src="https://play.pokemonshowdown.com/js/replay-embed.js?version'+daily+'"></'+'script>');
</script>
