<!DOCTYPE html>
<meta charset="utf-8" />
<!-- version 1 -->
<title>OU replay: trk edgar vs. cool aligator</title>
<style>
html,body {font-family:Verdana, sans-serif;font-size:10pt;margin:0;padding:0;}body{padding:12px 0;} .battle-log {font-family:Verdana, sans-serif;font-size:10pt;} .battle-log-inline {border:1px solid #AAAAAA;background:#EEF2F5;color:black;max-width:640px;margin:0 auto 80px;padding-bottom:5px;} .battle-log .inner {padding:4px 8px 0px 8px;} .battle-log .inner-preempt {padding:0 8px 4px 8px;} .battle-log .inner-after {margin-top:0.5em;} .battle-log h2 {margin:0.5em -8px;padding:4px 8px;border:1px solid #AAAAAA;background:#E0E7EA;border-left:0;border-right:0;font-family:Verdana, sans-serif;font-size:13pt;} .battle-log .chat {vertical-align:middle;padding:3px 0 3px 0;font-size:8pt;} .battle-log .chat strong {color:#40576A;} .battle-log .chat em {padding:1px 4px 1px 3px;color:#000000;font-style:normal;} .chat.mine {background:rgba(0,0,0,0.05);margin-left:-8px;margin-right:-8px;padding-left:8px;padding-right:8px;} .spoiler {color:#BBBBBB;background:#BBBBBB;padding:0px 3px;} .spoiler:hover, .spoiler:active, .spoiler-shown {color:#000000;background:#E2E2E2;padding:0px 3px;} .spoiler a {color:#BBBBBB;} .spoiler:hover a, .spoiler:active a, .spoiler-shown a {color:#2288CC;} .chat code, .chat .spoiler:hover code, .chat .spoiler:active code, .chat .spoiler-shown code {border:1px solid #C0C0C0;background:#EEEEEE;color:black;padding:0 2px;} .chat .spoiler code {border:1px solid #CCCCCC;background:#CCCCCC;color:#CCCCCC;} .battle-log .rated {padding:3px 4px;} .battle-log .rated strong {color:white;background:#89A;padding:1px 4px;border-radius:4px;} .spacer {margin-top:0.5em;} .message-announce {background:#6688AA;color:white;padding:1px 4px 2px;} .message-announce a, .broadcast-green a, .broadcast-blue a, .broadcast-red a {color:#DDEEFF;} .broadcast-green {background-color:#559955;color:white;padding:2px 4px;} .broadcast-blue {background-color:#6688AA;color:white;padding:2px 4px;} .infobox {border:1px solid #6688AA;padding:2px 4px;} .infobox-limited {max-height:200px;overflow:auto;overflow-x:hidden;} .broadcast-red {background-color:#AA5544;color:white;padding:2px 4px;} .message-learn-canlearn {font-weight:bold;color:#228822;text-decoration:underline;} .message-learn-cannotlearn {font-weight:bold;color:#CC2222;text-decoration:underline;} .message-effect-weak {font-weight:bold;color:#CC2222;} .message-effect-resist {font-weight:bold;color:#6688AA;} .message-effect-immune {font-weight:bold;color:#666666;} .message-learn-list {margin-top:0;margin-bottom:0;} .message-throttle-notice, .message-error {color:#992222;} .message-overflow, .chat small.message-overflow {font-size:0pt;} .message-overflow::before {font-size:9pt;content:'...';} .subtle {color:#3A4A66;}
</style>
<div class="wrapper replay-wrapper" style="max-width:1180px;margin:0 auto">
<input type="hidden" name="replayid" value="destiny-ou-417037" />
<div class="battle"></div><div class="battle-log"></div><div class="replay-controls"></div><div class="replay-controls-2"></div>
<h1 style="font-weight:normal;text-align:center"><strong>OU</strong><br /><a href="http://pokemonshowdown.com/users/trkedgar" class="subtle" target="_blank">trk edgar</a> vs. <a href="http://pokemonshowdown.com/users/coolaligator" class="subtle" target="_blank">cool aligator</a></h1>
<script type="text/plain" class="battle-log-data">|player|p1|trk edgar|262
|teamsize|p1|6
|player|p2|cool aligator|287
|teamsize|p2|6
|teamsize|p1|6
|teamsize|p2|6
|gametype|singles
|gen|7
|tier|OU
|seed|15260,64848,43036,58049
|rule|Cláusula-Mod de Dormir: solo puedes dormir a uno de tus oponentes a la vez.
|rule|Cláusula de Especie: Hasta un Pokémon de cada especie
|rule|Cláusula de Golpe Fulminante: los movimientos fulminantes (OHKO) estan prohibidos
|rule|Cláusula de Veleta: la habilidad Veleta está prohibida
|rule|Cláusula de Movimientos Evasivos: los movimientos de Evasión están prohibidos.
|rule|Cláusula de Batallas Eternas: forzar batallas eternas está prohibido
|clearpoke
|poke|p1|Landorus-Therian, M, shiny|item
|poke|p1|Alomomola, M|item
|poke|p1|Terrakion|item
|poke|p1|Latios, M, shiny|item
|poke|p1|Ferrothorn, F|item
|poke|p1|Tornadus-Therian, M|item
|poke|p2|Toxapex, M|item
|poke|p2|Zygarde|item
|poke|p2|Celesteela|item
|poke|p2|Tapu Koko|item
|poke|p2|Clefable, F|item
|poke|p2|Landorus-Therian, M|item
|teampreview|undefined
|c|☆trk edgar|hf
|inactive|Reloj de batalla ENCENDIDO. El jugador inactivo será descalificado (solicitado por trk edgar).
|inactive|trk edgar tiene 285 segundos restantes.
|inactive|cool aligator tiene 285 segundos restantes.
|choice|*|*team 623451
|inactive|trk edgar tiene 285 segundos restantes.
|inactive|trk edgar tiene 270 segundos restantes.
|c|☆cool aligator|u2
|inactive|trk edgar tiene 255 segundos restantes.
|choice|*team 523416|*
|choice|team 5, 2, 3, 4, 1, 6|team 6, 2, 3, 4, 5, 1
|
|start
|switch|p1a: Ferrothorn|Ferrothorn, F|352\/352
|switch|p2a: Landorus|Landorus-Therian, M|319\/319
|-ability|p2a: Landorus|Intimidate|boost
|-unboost|p1a: Ferrothorn|atk|1
|turn|1
|inactive|trk edgar tiene 255 segundos restantes.
|choice|*|*switch 3
|inactive|trk edgar tiene 255 segundos restantes.
|choice|*move 3|*
|choice|move leechseed|switch 3
|
|switch|p2a: Celesteela|Celesteela|398\/398
|move|p1a: Ferrothorn|Leech Seed|p2a: Celesteela
|-start|p2a: Celesteela|move: Leech Seed
|
|-damage|p2a: Celesteela|349\/398|[from] Leech Seed|[of] p1a: Ferrothorn
|upkeep
|turn|2
|choice|*|*move 2
|inactive|trk edgar tiene 255 segundos restantes.
|choice|*move 1|*
|choice|move stealthrock|move flamethrower
|
|move|p2a: Celesteela|Flamethrower|p1a: Ferrothorn
|-supereffective|p1a: Ferrothorn
|-damage|p1a: Ferrothorn|152\/352
|move|p1a: Ferrothorn|Stealth Rock|p2a: Celesteela
|-sidestart|p2: cool aligator|move: Stealth Rock
|
|-heal|p2a: Celesteela|373\/398|[from] item: Leftovers
|-heal|p1a: Ferrothorn|174\/352|[from] item: Leftovers
|-damage|p2a: Celesteela|324\/398|[from] Leech Seed|[of] p1a: Ferrothorn
|-heal|p1a: Ferrothorn|223\/352|[silent]
|upkeep
|turn|3
|inactive|trk edgar tiene 255 segundos restantes.
|choice|*|*move 2
|choice|*switch 5|*
|choice|switch 5|move flamethrower
|
|switch|p1a: Landorus|Landorus-Therian, M, shiny|381\/381
|-ability|p1a: Landorus|Intimidate|boost
|-unboost|p2a: Celesteela|atk|1
|move|p2a: Celesteela|Flamethrower|p1a: Landorus
|-damage|p1a: Landorus|284\/381
|
|-heal|p2a: Celesteela|348\/398|[from] item: Leftovers
|-damage|p2a: Celesteela|299\/398|[from] Leech Seed|[of] p1a: Landorus
|-heal|p1a: Landorus|333\/381|[silent]
|upkeep
|turn|4
|choice|*move 3|*
|choice|*|*move 1
|choice|move uturn|move leechseed
|
|move|p1a: Landorus|U-turn|p2a: Celesteela
|-resisted|p2a: Celesteela
|-damage|p2a: Celesteela|285\/398
|choice|*switch 2|*
|choice|switch 2|
|
|switch|p1a: Alomomola|Alomomola, M|531\/531|[from]move: U-turn
|move|p2a: Celesteela|Leech Seed|p1a: Alomomola
|-start|p1a: Alomomola|move: Leech Seed
|
|-heal|p2a: Celesteela|309\/398|[from] item: Leftovers
|-damage|p1a: Alomomola|465\/531|[from] Leech Seed|[of] p2a: Celesteela
|-heal|p2a: Celesteela|375\/398|[silent]
|-damage|p2a: Celesteela|326\/398|[from] Leech Seed|[of] p1a: Alomomola
|-heal|p1a: Alomomola|514\/531|[silent]
|upkeep
|turn|5
|choice|*switch 5|*
|choice|*|*switch 5
|choice|switch 5|switch 5
|
|switch|p1a: Ferrothorn|Ferrothorn, F|223\/352
|switch|p2a: Clefable|Clefable, F|394\/394
|
|-heal|p1a: Ferrothorn|245\/352|[from] item: Leftovers
|upkeep
|turn|6
|choice|*move 2|*
|choice|*|*move 4
|choice|move knockoff|move stealthrock
|
|move|p2a: Clefable|Stealth Rock|p1a: Ferrothorn
|-sidestart|p1: trk edgar|move: Stealth Rock
|move|p1a: Ferrothorn|Knock Off|p2a: Clefable
|-resisted|p2a: Clefable
|-damage|p2a: Clefable|363\/394
|-enditem|p2a: Clefable|Leftovers|[from] move: Knock Off|[of] p1a: Ferrothorn
|
|-heal|p1a: Ferrothorn|267\/352|[from] item: Leftovers
|upkeep
|turn|7
|choice|*move 4|*
|inactive|cool aligator tiene 285 segundos restantes.
|choice|*|*switch 5
|choice|move powerwhip|switch 5
|
|switch|p2a: Celesteela|Celesteela|326\/398
|-damage|p2a: Celesteela|277\/398|[from] Stealth Rock
|move|p1a: Ferrothorn|Power Whip|p2a: Celesteela
|-resisted|p2a: Celesteela
|-damage|p2a: Celesteela|251\/398
|
|-heal|p2a: Celesteela|275\/398|[from] item: Leftovers
|-heal|p1a: Ferrothorn|289\/352|[from] item: Leftovers
|upkeep
|turn|8
|choice|*switch 5|*
|choice|*|*move 1
|choice|switch 5|move leechseed
|
|switch|p1a: Alomomola|Alomomola, M|531\/531
|-damage|p1a: Alomomola|465\/531|[from] Stealth Rock
|move|p2a: Celesteela|Leech Seed|p1a: Alomomola
|-start|p1a: Alomomola|move: Leech Seed
|
|-heal|p1a: Alomomola|498\/531|[from] item: Leftovers
|-heal|p2a: Celesteela|299\/398|[from] item: Leftovers
|-damage|p1a: Alomomola|432\/531|[from] Leech Seed|[of] p2a: Celesteela
|-heal|p2a: Celesteela|365\/398|[silent]
|upkeep
|turn|9
|choice|*switch 5|*
|choice|*move 3|*
|choice|*|*move 3
|choice|move scald|move heavyslam
|
|move|p1a: Alomomola|Scald|p2a: Celesteela
|-damage|p2a: Celesteela|326\/398
|move|p2a: Celesteela|Heavy Slam|p1a: Alomomola
|-resisted|p1a: Alomomola
|-damage|p1a: Alomomola|351\/531
|
|-heal|p1a: Alomomola|384\/531|[from] item: Leftovers
|-heal|p2a: Celesteela|350\/398|[from] item: Leftovers
|-damage|p1a: Alomomola|318\/531|[from] Leech Seed|[of] p2a: Celesteela
|-heal|p2a: Celesteela|398\/398|[silent]
|upkeep
|turn|10
|choice|*move 3|*
|choice|*|*move 3
|choice|move scald|move heavyslam
|
|move|p1a: Alomomola|Scald|p2a: Celesteela
|-damage|p2a: Celesteela|353\/398
|move|p2a: Celesteela|Heavy Slam|p1a: Alomomola
|-resisted|p1a: Alomomola
|-damage|p1a: Alomomola|233\/531
|
|-heal|p1a: Alomomola|266\/531|[from] item: Leftovers
|-heal|p2a: Celesteela|377\/398|[from] item: Leftovers
|-damage|p1a: Alomomola|200\/531|[from] Leech Seed|[of] p2a: Celesteela
|-heal|p2a: Celesteela|398\/398|[silent]
|upkeep
|turn|11
|choice|*move 1|*
|choice|*|*move 3
|choice|move wish|move heavyslam
|
|move|p1a: Alomomola|Wish|p1a: Alomomola
|move|p2a: Celesteela|Heavy Slam|p1a: Alomomola
|-resisted|p1a: Alomomola
|-damage|p1a: Alomomola|110\/531
|
|-heal|p1a: Alomomola|143\/531|[from] item: Leftovers
|-damage|p1a: Alomomola|77\/531|[from] Leech Seed|[of] p2a: Celesteela
|upkeep
|turn|12
|choice|*move 2|*
|choice|*|*move 3
|choice|move protect|move heavyslam
|
|move|p1a: Alomomola|Protect|p1a: Alomomola
|-singleturn|p1a: Alomomola|Protect
|move|p2a: Celesteela|Heavy Slam|p1a: Alomomola
|-activate|p1a: Alomomola|move: Protect
|
|-heal|p1a: Alomomola|342\/531|[from] move: Wish|[wisher] Alomomola
|-heal|p1a: Alomomola|375\/531|[from] item: Leftovers
|-damage|p1a: Alomomola|309\/531|[from] Leech Seed|[of] p2a: Celesteela
|upkeep
|turn|13
|choice|*move 1|*
|choice|*|*move 3
|choice|move wish|move heavyslam
|
|move|p1a: Alomomola|Wish|p1a: Alomomola
|move|p2a: Celesteela|Heavy Slam|p1a: Alomomola
|-resisted|p1a: Alomomola
|-damage|p1a: Alomomola|232\/531
|
|-heal|p1a: Alomomola|265\/531|[from] item: Leftovers
|-damage|p1a: Alomomola|199\/531|[from] Leech Seed|[of] p2a: Celesteela
|upkeep
|turn|14
|choice|*move 3|*
|choice|*|*switch 4
|choice|move scald|switch 4
|
|switch|p2a: Tapu Koko|Tapu Koko|282\/282
|-damage|p2a: Tapu Koko|247\/282|[from] Stealth Rock
|-fieldstart|move: Electric Terrain|[from] ability: Electric Surge|[of] p2a: Tapu Koko
|move|p1a: Alomomola|Scald|p2a: Tapu Koko
|-damage|p2a: Tapu Koko|187\/282
|
|-heal|p1a: Alomomola|464\/531|[from] move: Wish|[wisher] Alomomola
|-heal|p1a: Alomomola|497\/531|[from] item: Leftovers
|-damage|p1a: Alomomola|431\/531|[from] Leech Seed|[of] p2a: Tapu Koko
|-heal|p2a: Tapu Koko|253\/282|[silent]
|upkeep
|turn|15
|choice|*|*switch 5
|choice|*switch 5|*
|choice|switch 5|switch 5
|
|switch|p2a: Clefable|Clefable, F|363\/394
|switch|p1a: Ferrothorn|Ferrothorn, F|289\/352
|-damage|p1a: Ferrothorn|267\/352|[from] Stealth Rock
|
|-heal|p1a: Ferrothorn|289\/352|[from] item: Leftovers
|upkeep
|turn|16
|choice|*|*switch 5
|choice|*move 4|*
|inactive|cool aligator tiene 285 segundos restantes.
|choice|*|*move 1
|choice|move powerwhip|move calmmind
|
|move|p2a: Clefable|Calm Mind|p2a: Clefable
|-boost|p2a: Clefable|spa|1
|-boost|p2a: Clefable|spd|1
|move|p1a: Ferrothorn|Power Whip|p2a: Clefable
|-damage|p2a: Clefable|249\/394
|
|-heal|p1a: Ferrothorn|311\/352|[from] item: Leftovers
|upkeep
|turn|17
|choice|*|*move 3
|choice|*switch 3|*
|choice|switch 3|move softboiled
|
|switch|p1a: Terrakion|Terrakion|323\/323
|-damage|p1a: Terrakion|303\/323|[from] Stealth Rock
|move|p2a: Clefable|Soft-Boiled|p2a: Clefable
|-heal|p2a: Clefable|394\/394
|
|upkeep
|turn|18
|choice|*move 4|*
|choice|*|*switch 3
|choice|move ironhead|switch 3
|
|switch|p2a: Landorus|Landorus-Therian, M|319\/319
|-damage|p2a: Landorus|280\/319|[from] Stealth Rock
|-ability|p2a: Landorus|Intimidate|boost
|-unboost|p1a: Terrakion|atk|1
|move|p1a: Terrakion|Iron Head|p2a: Landorus
|-damage|p2a: Landorus|167\/319
|
|-fieldend|move: Electric Terrain
|upkeep
|turn|19
|choice|*|*move 2
|choice|*switch 6|*
|choice|switch 6|move uturn
|
|switch|p1a: Tornadus|Tornadus-Therian, M|361\/361
|-damage|p1a: Tornadus|271\/361|[from] Stealth Rock
|move|p2a: Landorus|U-turn|p1a: Tornadus
|-resisted|p1a: Tornadus
|-damage|p1a: Tornadus|215\/361
|choice|*|*switch 5
|choice||switch 5
|
|switch|p2a: Tapu Koko|Tapu Koko|253\/282|[from]move: U-turn
|-damage|p2a: Tapu Koko|218\/282|[from] Stealth Rock
|-fieldstart|move: Electric Terrain|[from] ability: Electric Surge|[of] p2a: Tapu Koko
|
|upkeep
|turn|20
|choice|*|*move 2
|choice|*switch 3|*
|choice|switch 3|move thunderbolt
|
|switch|p1a: Ferrothorn|Ferrothorn, F|311\/352
|-damage|p1a: Ferrothorn|289\/352|[from] Stealth Rock
|move|p2a: Tapu Koko|Thunderbolt|p1a: Ferrothorn
|-resisted|p1a: Ferrothorn
|-damage|p1a: Ferrothorn|224\/352
|
|-heal|p1a: Ferrothorn|246\/352|[from] item: Leftovers
|upkeep
|turn|21
|choice|*move 4|*
|choice|*|*switch 3
|choice|move powerwhip|switch 3
|
|switch|p2a: Clefable|Clefable, F|394\/394
|move|p1a: Ferrothorn|Power Whip|p2a: Clefable
|-damage|p2a: Clefable|268\/394
|
|-heal|p1a: Ferrothorn|268\/352|[from] item: Leftovers
|upkeep
|turn|22
|choice|*|*move 2
|choice|*move 4|*
|choice|move powerwhip|move moonblast
|
|move|p2a: Clefable|Moonblast|p1a: Ferrothorn
|-resisted|p1a: Ferrothorn
|-damage|p1a: Ferrothorn|230\/352
|move|p1a: Ferrothorn|Power Whip|p2a: Clefable
|-damage|p2a: Clefable|145\/394
|
|-heal|p1a: Ferrothorn|252\/352|[from] item: Leftovers
|upkeep
|turn|23
|choice|*|*switch 5
|choice|*|*move 3
|choice|*switch 6|*
|choice|switch 6|move softboiled
|
|switch|p1a: Terrakion|Terrakion|303\/323
|-damage|p1a: Terrakion|283\/323|[from] Stealth Rock
|move|p2a: Clefable|Soft-Boiled|p2a: Clefable
|-heal|p2a: Clefable|342\/394
|
|-fieldend|move: Electric Terrain
|upkeep
|turn|24
|choice|*|*switch 4
|choice|*move 2|*
|choice|move stoneedge|switch 4
|
|switch|p2a: Celesteela|Celesteela|398\/398
|-damage|p2a: Celesteela|349\/398|[from] Stealth Rock
|move|p1a: Terrakion|Stone Edge|p2a: Celesteela
|-damage|p2a: Celesteela|159\/398
|
|-heal|p2a: Celesteela|183\/398|[from] item: Leftovers
|upkeep
|turn|25
|c| serperior_mlg|cool aligator
|c| serperior_mlg|xq switcheaste
|choice|*|*move 4
|c| serperior_mlg|el clefa no moria ahr
|c|☆trk edgar|no me mata de moonblast
|inactive|trk edgar tiene 285 segundos restantes.
|c|☆trk edgar|hizo la buena play
|choice|*switch 4|*
|choice|switch 4|move protect
|
|switch|p1a: Latios|Latios, M, shiny|301\/301
|-damage|p1a: Latios|264\/301|[from] Stealth Rock
|move|p2a: Celesteela|Protect|p2a: Celesteela
|-fail|p2a: Celesteela
|
|-heal|p2a: Celesteela|207\/398|[from] item: Leftovers
|upkeep
|turn|26
|c| serperior_mlg| que set move tiene el clefa
|choice|*move 4 mega|*
|choice|*|*move 1
|choice|move thunderbolt mega|move leechseed
|
|-mega|p1a: Latios|Latios|Latiosite
|detailschange|p1a: Latios|Latios-Mega, M, shiny
|move|p1a: Latios|Thunderbolt|p2a: Celesteela
|-supereffective|p2a: Celesteela
|-damage|p2a: Celesteela|0 fnt
|faint|p2a: Celesteela
|
|upkeep
|choice|*|*switch 4
|choice||switch 4
|
|switch|p2a: Clefable|Clefable, F|342\/394
|turn|27
|choice|*|*move 1
|raw|<div class="broadcast-red"><b>Chat Moderado. Nivel: +!<\/b><br \/>Solo quienes tengan rango + o superior pueden hablar.<\/div>
|choice|*move 4|*
|choice|move thunderbolt|move calmmind
|
|move|p1a: Latios|Thunderbolt|p2a: Clefable
|-damage|p2a: Clefable|212\/394
|move|p2a: Clefable|Calm Mind|p2a: Clefable
|-boost|p2a: Clefable|spa|1
|-boost|p2a: Clefable|spd|1
|
|upkeep
|turn|28
|choice|*switch 6|*
|choice|*|*move 2
|choice|switch 6|move moonblast
|
|switch|p1a: Ferrothorn|Ferrothorn, F|252\/352
|-damage|p1a: Ferrothorn|230\/352|[from] Stealth Rock
|move|p2a: Clefable|Moonblast|p1a: Ferrothorn
|-resisted|p1a: Ferrothorn
|-damage|p1a: Ferrothorn|175\/352
|
|-heal|p1a: Ferrothorn|197\/352|[from] item: Leftovers
|upkeep
|turn|29
|choice|*move 4|*
|choice|*|*move 3
|choice|move powerwhip|move softboiled
|
|move|p2a: Clefable|Soft-Boiled|p2a: Clefable
|-heal|p2a: Clefable|394\/394
|move|p1a: Ferrothorn|Power Whip|p2a: Clefable
|-damage|p2a: Clefable|277\/394
|
|-heal|p1a: Ferrothorn|219\/352|[from] item: Leftovers
|upkeep
|turn|30
|choice|*|*move 2
|choice|*move 4|*
|choice|move powerwhip|move moonblast
|
|move|p2a: Clefable|Moonblast|p1a: Ferrothorn
|-resisted|p1a: Ferrothorn
|-damage|p1a: Ferrothorn|166\/352
|move|p1a: Ferrothorn|Power Whip|p2a: Clefable
|-damage|p2a: Clefable|150\/394
|
|-heal|p1a: Ferrothorn|188\/352|[from] item: Leftovers
|upkeep
|turn|31
|choice|*|*move 3
|choice|*move 4|*
|choice|*|*move 2
|choice|move powerwhip|move moonblast
|
|move|p2a: Clefable|Moonblast|p1a: Ferrothorn
|-resisted|p1a: Ferrothorn
|-damage|p1a: Ferrothorn|137\/352
|move|p1a: Ferrothorn|Power Whip|p2a: Clefable
|-damage|p2a: Clefable|23\/394
|
|-heal|p1a: Ferrothorn|159\/352|[from] item: Leftovers
|upkeep
|turn|32
|choice|*|*move 3
|choice|*|*move 3
|choice|*switch 4|*
|choice|switch 4|move softboiled
|
|switch|p1a: Terrakion|Terrakion|283\/323
|-damage|p1a: Terrakion|263\/323|[from] Stealth Rock
|move|p2a: Clefable|Soft-Boiled|p2a: Clefable
|-heal|p2a: Clefable|220\/394
|
|upkeep
|turn|33
|choice|*|*switch 2
|c|☆trk edgar|eso fue choke creo
|choice|*move 2|*
|choice|move stoneedge|switch 2
|
|switch|p2a: Zygarde|Zygarde|357\/357
|-damage|p2a: Zygarde|335\/357|[from] Stealth Rock
|-ability|p2a: Zygarde|Aura Break
|move|p1a: Terrakion|Stone Edge|p2a: Zygarde
|-resisted|p2a: Zygarde
|-damage|p2a: Zygarde|230\/357
|
|-heal|p2a: Zygarde|252\/357|[from] item: Leftovers
|upkeep
|turn|34
|choice|*switch 2|*
|choice|*|*move 3
|choice|switch 2|move thousandarrows
|
|switch|p1a: Landorus|Landorus-Therian, M, shiny|333\/381
|-damage|p1a: Landorus|286\/381|[from] Stealth Rock
|-ability|p1a: Landorus|Intimidate|boost
|-unboost|p2a: Zygarde|atk|1
|move|p2a: Zygarde|Thousand Arrows|p1a: Landorus
|-damage|p1a: Landorus|193\/381
|-start|p1a: Landorus|Smack Down
|
|-heal|p2a: Zygarde|274\/357|[from] item: Leftovers
|upkeep
|turn|35
|choice|*move 3|*
|choice|*|*move 4
|choice|move uturn|move protect
|
|move|p2a: Zygarde|Protect|p2a: Zygarde
|-singleturn|p2a: Zygarde|Protect
|move|p1a: Landorus|U-turn|p2a: Zygarde
|-activate|p2a: Zygarde|move: Protect
|
|-heal|p2a: Zygarde|296\/357|[from] item: Leftovers
|upkeep
|turn|36
|choice|*move 3|*
|choice|*|*move 1
|choice|move uturn|move dragondance
|
|move|p1a: Landorus|U-turn|p2a: Zygarde
|-damage|p2a: Zygarde|231\/357
|choice|*switch 3|*
|choice|switch 3|
|
|switch|p1a: Tornadus|Tornadus-Therian, M|335\/361|[from]move: U-turn
|-damage|p1a: Tornadus|245\/361|[from] Stealth Rock
|move|p2a: Zygarde|Dragon Dance|p2a: Zygarde
|-boost|p2a: Zygarde|atk|1
|-boost|p2a: Zygarde|spe|1
|
|-heal|p2a: Zygarde|253\/357|[from] item: Leftovers
|upkeep
|turn|37
|choice|*move 2|*
|choice|*|*move 4
|choice|move hiddenpower|move protect
|
|move|p2a: Zygarde|Protect|p2a: Zygarde
|-singleturn|p2a: Zygarde|Protect
|move|p1a: Tornadus|Hidden Power|p2a: Zygarde
|-activate|p2a: Zygarde|move: Protect
|
|-heal|p2a: Zygarde|275\/357|[from] item: Leftovers
|upkeep
|turn|38
|choice|*move 2|*
|choice|*|*move 3
|choice|move hiddenpower|move thousandarrows
|
|move|p2a: Zygarde|Thousand Arrows|p1a: Tornadus
|-damage|p1a: Tornadus|62\/361
|-start|p1a: Tornadus|Smack Down
|move|p1a: Tornadus|Hidden Power|p2a: Zygarde
|-supereffective|p2a: Zygarde
|-crit|p2a: Zygarde
|-damage|p2a: Zygarde|0 fnt
|faint|p2a: Zygarde
|
|upkeep
|c|☆trk edgar|sry
|choice|*|*switch 3
|choice||switch 3
|
|switch|p2a: Tapu Koko|Tapu Koko|218\/282
|-damage|p2a: Tapu Koko|183\/282|[from] Stealth Rock
|-fieldstart|move: Electric Terrain|[from] ability: Electric Surge|[of] p2a: Tapu Koko
|turn|39
|choice|*|*move 1
|choice|*switch 3|*
|choice|switch 3|move calmmind
|
|switch|p1a: Landorus|Landorus-Therian, M, shiny|193\/381
|-damage|p1a: Landorus|146\/381|[from] Stealth Rock
|-ability|p1a: Landorus|Intimidate|boost
|-unboost|p2a: Tapu Koko|atk|1
|move|p2a: Tapu Koko|Calm Mind|p2a: Tapu Koko
|-boost|p2a: Tapu Koko|spa|1
|-boost|p2a: Tapu Koko|spd|1
|
|upkeep
|turn|40
|choice|*move 2|*
|choice|*|*switch 5
|choice|move earthquake|switch 5
|
|switch|p2a: Landorus|Landorus-Therian, M|167\/319
|-damage|p2a: Landorus|128\/319|[from] Stealth Rock
|-ability|p2a: Landorus|Intimidate|boost
|-unboost|p1a: Landorus|atk|1
|move|p1a: Landorus|Earthquake|p2a: Landorus
|-immune|p2a: Landorus|[msg]
|
|upkeep
|turn|41
|choice|*|*move 2
|choice|*move 2|*
|choice|move earthquake|move uturn
|
|move|p2a: Landorus|U-turn|p1a: Landorus
|-resisted|p1a: Landorus
|-damage|p1a: Landorus|99\/381
|inactive|cool aligator tiene 285 segundos restantes.
|inactive|cool aligator tiene 270 segundos restantes.
|inactive|cool aligator tiene 255 segundos restantes.
|inactive|cool aligator tiene 240 segundos restantes.
|c|☆cool aligator|:v
|inactive|cool aligator tiene 225 segundos restantes.
|c|☆cool aligator|juegas muy bien
|inactive|cool aligator tiene 210 segundos restantes.
|c|☆trk edgar|n_n
|choice|*|*switch 2
|choice||switch 2
|
|switch|p2a: Clefable|Clefable, F|220\/394|[from]move: U-turn
|move|p1a: Landorus|Earthquake|p2a: Clefable
|-damage|p2a: Clefable|129\/394
|
|upkeep
|turn|42
|c|☆trk edgar|todavía te queda
|c|☆trk edgar|game 2 y game 3
|choice|*|*move 3
|c|☆trk edgar|es mejor de 3 recuerda
|c|☆trk edgar|xd
|choice|*switch 2|*
|choice|switch 2|move softboiled
|
|switch|p1a: Terrakion|Terrakion|263\/323
|-damage|p1a: Terrakion|243\/323|[from] Stealth Rock
|move|p2a: Clefable|Soft-Boiled|p2a: Clefable
|-heal|p2a: Clefable|326\/394
|
|upkeep
|turn|43
|choice|*move 2|*
|c|☆cool aligator|gg
|inactive|cool aligator tiene 285 segundos restantes.
|c|☆trk edgar|gg
|choice|*|*move 2
|choice|move stoneedge|move moonblast
|
|move|p1a: Terrakion|Stone Edge|p2a: Clefable|[miss]
|-miss|p1a: Terrakion|p2a: Clefable
|move|p2a: Clefable|Moonblast|p1a: Terrakion
|-supereffective|p1a: Terrakion
|-damage|p1a: Terrakion|1\/323
|-unboost|p1a: Terrakion|spa|1
|
|-fieldend|move: Electric Terrain
|upkeep
|turn|44
|c|☆trk edgar|mierda
|choice|*|*move 2
|choice|*move 2|*
|choice|move stoneedge|move moonblast
|
|move|p1a: Terrakion|Stone Edge|p2a: Clefable
|-damage|p2a: Clefable|86\/394
|move|p2a: Clefable|Moonblast|p1a: Terrakion
|-supereffective|p1a: Terrakion
|-damage|p1a: Terrakion|0 fnt
|faint|p1a: Terrakion
|
|upkeep
|choice|*switch 6|*
|choice|switch 6|
|
|switch|p1a: Latios|Latios-Mega, M, shiny|264\/301
|-damage|p1a: Latios|227\/301|[from] Stealth Rock
|turn|45
|choice|*move 1|*
|choice|*|*switch 6
|choice|move surf|switch 6
|
|switch|p2a: Toxapex|Toxapex, M|304\/304
|-damage|p2a: Toxapex|266\/304|[from] Stealth Rock
|move|p1a: Latios|Surf|p2a: Toxapex
|-resisted|p2a: Toxapex
|-damage|p2a: Toxapex|227\/304
|
|-heal|p2a: Toxapex|246\/304|[from] item: Leftovers
|upkeep
|turn|46
|choice|*move 4|*
|choice|*|*move 2
|choice|move thunderbolt|move toxicspikes
|
|move|p1a: Latios|Thunderbolt|p2a: Toxapex
|-supereffective|p2a: Toxapex
|-damage|p2a: Toxapex|100\/304
|move|p2a: Toxapex|Toxic Spikes|p1a: Latios
|-sidestart|p1: trk edgar|move: Toxic Spikes
|
|-heal|p2a: Toxapex|119\/304|[from] item: Leftovers
|upkeep
|turn|47
|choice|*|*move 2
|choice|*move 1|*
|choice|move surf|move toxicspikes
|
|move|p1a: Latios|Surf|p2a: Toxapex
|-resisted|p2a: Toxapex
|-damage|p2a: Toxapex|80\/304
|move|p2a: Toxapex|Toxic Spikes|p1a: Latios
|-sidestart|p1: trk edgar|move: Toxic Spikes
|
|-heal|p2a: Toxapex|99\/304|[from] item: Leftovers
|upkeep
|turn|48
|choice|*move 4|*
|choice|*|*move 4
|choice|move thunderbolt|move recover
|
|move|p1a: Latios|Thunderbolt|p2a: Toxapex
|-supereffective|p2a: Toxapex
|-damage|p2a: Toxapex|0 fnt
|faint|p2a: Toxapex
|
|upkeep
|choice|*|*switch 2
|choice||switch 2
|
|switch|p2a: Landorus|Landorus-Therian, M|128\/319
|-damage|p2a: Landorus|89\/319|[from] Stealth Rock
|-ability|p2a: Landorus|Intimidate|boost
|-unboost|p1a: Latios|atk|1
|turn|49
|choice|*|*move 2
|choice|*move 3|*
|choice|move roost|move uturn
|
|move|p2a: Landorus|U-turn|p1a: Latios
|-supereffective|p1a: Latios
|-damage|p1a: Latios|31\/301
|c|☆cool aligator|v:
|choice|*|*switch 5
|choice||switch 5
|
|switch|p2a: Tapu Koko|Tapu Koko|183\/282|[from]move: U-turn
|-damage|p2a: Tapu Koko|148\/282|[from] Stealth Rock
|-fieldstart|move: Electric Terrain|[from] ability: Electric Surge|[of] p2a: Tapu Koko
|move|p1a: Latios|Roost|p1a: Latios
|-heal|p1a: Latios|182\/301
|
|upkeep
|turn|50
|choice|*switch 4|*
|choice|*|*move 3
|choice|switch 4|move dazzlinggleam
|
|switch|p1a: Ferrothorn|Ferrothorn, F|159\/352
|-damage|p1a: Ferrothorn|137\/352|[from] Stealth Rock
|move|p2a: Tapu Koko|Dazzling Gleam|p1a: Ferrothorn
|-resisted|p1a: Ferrothorn
|-damage|p1a: Ferrothorn|100\/352
|
|-heal|p1a: Ferrothorn|122\/352|[from] item: Leftovers
|upkeep
|turn|51
|choice|*move 3|*
|choice|*|*switch 5
|choice|move leechseed|switch 5
|
|switch|p2a: Landorus|Landorus-Therian, M|89\/319
|-damage|p2a: Landorus|50\/319|[from] Stealth Rock
|-ability|p2a: Landorus|Intimidate|boost
|-unboost|p1a: Ferrothorn|atk|1
|move|p1a: Ferrothorn|Leech Seed|p2a: Landorus
|-start|p2a: Landorus|move: Leech Seed
|
|-heal|p1a: Ferrothorn|144\/352|[from] item: Leftovers
|-damage|p2a: Landorus|11\/319|[from] Leech Seed|[of] p1a: Ferrothorn
|-heal|p1a: Ferrothorn|183\/352|[silent]
|upkeep
|turn|52
|choice|*|*move 4
|choice|*switch 3|*
|choice|switch 3|move explosion
|
|switch|p1a: Tornadus|Tornadus-Therian, M|182\/361
|-damage|p1a: Tornadus|92\/361|[from] Stealth Rock
|move|p2a: Landorus|Explosion|p1a: Tornadus
|-damage|p1a: Tornadus|0 fnt
|faint|p2a: Landorus
|faint|p1a: Tornadus
|
|upkeep
|choice|*switch 2|*
|choice|*|*switch 5
|choice|*switch 2|*
|choice|switch 2|switch 5
|
|switch|p1a: Landorus|Landorus-Therian, M, shiny|99\/381
|switch|p2a: Tapu Koko|Tapu Koko|148\/282
|-damage|p1a: Landorus|52\/381|[from] Stealth Rock
|-ability|p1a: Landorus|Intimidate|boost
|-unboost|p2a: Tapu Koko|atk|1
|-damage|p2a: Tapu Koko|113\/282|[from] Stealth Rock
|turn|53
|choice|*move 2|*
|c|☆trk edgar|gg
|choice|*|*move 3 zmove
|choice|move earthquake|move dazzlinggleam zmove
|
|move|p1a: Landorus|Earthquake|p2a: Tapu Koko
|-supereffective|p2a: Tapu Koko
|-damage|p2a: Tapu Koko|0 fnt
|faint|p2a: Tapu Koko
|
|-fieldend|move: Electric Terrain
|upkeep
|choice|*|*switch 6
|choice||switch 6
|
|switch|p2a: Clefable|Clefable, F|86\/394
|turn|54
|choice|*|*move 3
|choice|*move 2|*
|choice|move earthquake|move softboiled
|
|move|p1a: Landorus|Earthquake|p2a: Clefable
|-damage|p2a: Clefable|0 fnt
|faint|p2a: Clefable
|
|win|trk edgar
|c|☆cool aligator|pedia min
|c|☆cool aligator|XD
</script>
</div>
<div class="battle-log battle-log-inline"><div class="inner"><div class="battle-options"></div><div class="inner"><div class=""><small>Format:</small> <br><strong>OU</strong></div><div class=""><small><em>Cláusula-Mod de Dormir:</em> solo puedes dormir a uno de tus oponentes a la vez.</small></div><div class=""><small><em>Cláusula de Especie:</em> Hasta un Pokémon de cada especie</small></div><div class=""><small><em>Cláusula de Golpe Fulminante:</em> los movimientos fulminantes (OHKO) estan prohibidos</small></div><div class=""><small><em>Cláusula de Veleta:</em> la habilidad Veleta está prohibida</small></div><div class=""><small><em>Cláusula de Movimientos Evasivos:</em> los movimientos de Evasión están prohibidos.</small></div><div class=""><small><em>Cláusula de Batallas Eternas:</em> forzar batallas eternas está prohibido</small></div><div class="chat battle-history"><strong>trk edgar's team:</strong> <em style="color:#445566;display:block;">Landorus-Therian / Alomomola / Terrakion / Latios / Ferrothorn / Tornadus-Therian</em></div><div class="chat battle-history"><strong>cool aligator's team:</strong> <em style="color:#445566;display:block;">Toxapex / Zygarde / Celesteela / Tapu Koko / Clefable / Landorus-Therian</em></div><div class="chat chatmessage-trkedgar"><strong style="color:hsl(293,81%,43.478101866404835%)"><small>☆</small><span class="username" data-name="trk edgar">trk edgar</span>:</strong> <em>hf</em></div><div class="chat message-error">Reloj de batalla ENCENDIDO. El jugador inactivo será descalificado (solicitado por trk edgar).</div><div class="chat message-error">trk edgar tiene 285 segundos restantes.</div><div class="chat message-error">cool aligator tiene 285 segundos restantes.</div><div class="chat message-error">trk edgar tiene 285 segundos restantes.</div><div class="chat message-error">trk edgar tiene 270 segundos restantes.</div><div class="chat chatmessage-coolaligator"><strong style="color:hsl(195,73%,42%)"><small>☆</small><span class="username" data-name="cool aligator">cool aligator</span>:</strong> <em>u2</em></div><div class="chat message-error">trk edgar tiene 255 segundos restantes.</div><div class="spacer battle-history"><br></div><div class="battle-history">Battle started between trk edgar and cool aligator!<br></div><div class="spacer battle-history"><br></div><div class="battle-history">Go! <strong>Ferrothorn</strong>!<br></div><div class="spacer battle-history"><br></div><div class="battle-history">cool aligator sent out Landorus (<strong>Landorus-Therian</strong>)!<br></div><div class="battle-history"><small>[The opposing Landorus's Intimidate]</small><br></div><div class="battle-history"><small>Ferrothorn's Attack fell!</small><br></div><div class="spacer battle-history"><br></div><h2 class="battle-history">Turn 1</h2><div class="chat message-error">trk edgar tiene 255 segundos restantes.</div><div class="chat message-error">trk edgar tiene 255 segundos restantes.</div><div class="spacer battle-history"><br></div><div class="battle-history">cool aligator withdrew Landorus!<br></div><div class="battle-history">cool aligator sent out <strong>Celesteela</strong>!<br></div><div class="spacer battle-history"><br></div><div class="battle-history">Ferrothorn used <strong>Leech Seed</strong>!<br></div><div class="battle-history"><small>The opposing Celesteela was seeded!</small><br></div><div class="spacer battle-history"><br></div><div class="battle-history"><small>The opposing Celesteela's health is sapped by Leech Seed!</small><br></div><div class="spacer battle-history"><br></div><h2 class="battle-history">Turn 2</h2><div class="chat message-error">trk edgar tiene 255 segundos restantes.</div><div class="spacer battle-history"><br></div><div class="battle-history">The opposing Celesteela used <strong>Flamethrower</strong>!<br></div><div class="battle-history"><small>It's super effective!</small><br></div><div class="battle-history"><small>(Ferrothorn lost <abbr title="−200/352">56.8%</abbr> of its health!)</small><br></div><div class="spacer battle-history"><br></div><div class="battle-history">Ferrothorn used <strong>Stealth Rock</strong>!<br></div><div class="battle-history"><small>Pointed stones float in the air around the opposing team!</small><br></div><div class="spacer battle-history"><br></div><div class="battle-history"><small>The opposing Celesteela restored a little HP using its Leftovers!</small><br></div><div class="battle-history"><small>Ferrothorn restored a little HP using its Leftovers!</small><br></div><div class="battle-history"><small>The opposing Celesteela's health is sapped by Leech Seed!</small><br></div><div class="spacer battle-history"><br></div><h2 class="battle-history">Turn 3</h2><div class="chat message-error">trk edgar tiene 255 segundos restantes.</div><div class="spacer battle-history"><br></div><div class="battle-history">Ferrothorn, come back!<br></div><div class="battle-history">Go! Landorus (<strong>Landorus-Therian</strong>)!<br></div><div class="battle-history"><small>[Landorus's Intimidate]</small><br></div><div class="battle-history"><small>The opposing Celesteela's Attack fell!</small><br></div><div class="spacer battle-history"><br></div><div class="battle-history">The opposing Celesteela used <strong>Flamethrower</strong>!<br></div><div class="battle-history"><small>(Landorus lost <abbr title="−97/381">25.5%</abbr> of its health!)</small><br></div><div class="spacer battle-history"><br></div><div class="battle-history"><small>The opposing Celesteela restored a little HP using its Leftovers!</small><br></div><div class="battle-history"><small>The opposing Celesteela's health is sapped by Leech Seed!</small><br></div><div class="spacer battle-history"><br></div><h2 class="battle-history">Turn 4</h2><div class="spacer battle-history"><br></div><div class="battle-history">Landorus used <strong>U-turn</strong>!<br></div><div class="battle-history"><small>It's not very effective...</small><br></div><div class="battle-history"><small>(The opposing Celesteela lost <abbr title="−14/398">3.5%</abbr> of its health!)</small><br></div><div class="spacer battle-history"><br></div><div class="battle-history">Landorus went back to trk edgar!<br></div><div class="battle-history">Go! <strong>Alomomola</strong>!<br></div><div class="spacer battle-history"><br></div><div class="battle-history">The opposing Celesteela used <strong>Leech Seed</strong>!<br></div><div class="battle-history"><small>Alomomola was seeded!</small><br></div><div class="spacer battle-history"><br></div><div class="battle-history"><small>The opposing Celesteela restored a little HP using its Leftovers!</small><br></div><div class="battle-history"><small>Alomomola's health is sapped by Leech Seed!</small><br></div><div class="battle-history"><small>The opposing Celesteela's health is sapped by Leech Seed!</small><br></div><div class="spacer battle-history"><br></div><h2 class="battle-history">Turn 5</h2><div class="spacer battle-history"><br></div><div class="battle-history">Alomomola, come back!<br></div><div class="battle-history">Go! <strong>Ferrothorn</strong>!<br></div><div class="spacer battle-history"><br></div><div class="battle-history">cool aligator withdrew Celesteela!<br></div><div class="battle-history">cool aligator sent out <strong>Clefable</strong>!<br></div><div class="spacer battle-history"><br></div><div class="battle-history"><small>Ferrothorn restored a little HP using its Leftovers!</small><br></div><div class="spacer battle-history"><br></div><h2 class="battle-history">Turn 6</h2><div class="spacer battle-history"><br></div><div class="battle-history">The opposing Clefable used <strong>Stealth Rock</strong>!<br></div><div class="battle-history"><small>Pointed stones float in the air around your team!</small><br></div><div class="spacer battle-history"><br></div><div class="battle-history">Ferrothorn used <strong>Knock Off</strong>!<br></div><div class="battle-history"><small>It's not very effective...</small><br></div><div class="battle-history"><small>(The opposing Clefable lost <abbr title="−31/394">7.9%</abbr> of its health!)</small><br></div><div class="battle-history"><small>Ferrothorn knocked off the opposing Clefable's Leftovers!</small><br></div><div class="spacer battle-history"><br></div><div class="battle-history"><small>Ferrothorn restored a little HP using its Leftovers!</small><br></div><div class="spacer battle-history"><br></div><h2 class="battle-history">Turn 7</h2><div class="chat message-error">cool aligator tiene 285 segundos restantes.</div><div class="spacer battle-history"><br></div><div class="battle-history">cool aligator withdrew Clefable!<br></div><div class="battle-history">cool aligator sent out <strong>Celesteela</strong>!<br></div><div class="battle-history"><small>Pointed stones dug into the opposing Celesteela!</small><br></div><div class="spacer battle-history"><br></div><div class="battle-history">Ferrothorn used <strong>Power Whip</strong>!<br></div><div class="battle-history"><small>It's not very effective...</small><br></div><div class="battle-history"><small>(The opposing Celesteela lost <abbr title="−26/398">6.5%</abbr> of its health!)</small><br></div><div class="spacer battle-history"><br></div><div class="battle-history"><small>The opposing Celesteela restored a little HP using its Leftovers!</small><br></div><div class="battle-history"><small>Ferrothorn restored a little HP using its Leftovers!</small><br></div><div class="spacer battle-history"><br></div><h2 class="battle-history">Turn 8</h2><div class="spacer battle-history"><br></div><div class="battle-history">Ferrothorn, come back!<br></div><div class="battle-history">Go! <strong>Alomomola</strong>!<br></div><div class="battle-history"><small>Pointed stones dug into Alomomola!</small><br></div><div class="spacer battle-history"><br></div><div class="battle-history">The opposing Celesteela used <strong>Leech Seed</strong>!<br></div><div class="battle-history"><small>Alomomola was seeded!</small><br></div><div class="spacer battle-history"><br></div><div class="battle-history"><small>Alomomola restored a little HP using its Leftovers!</small><br></div><div class="battle-history"><small>The opposing Celesteela restored a little HP using its Leftovers!</small><br></div><div class="battle-history"><small>Alomomola's health is sapped by Leech Seed!</small><br></div><div class="spacer battle-history"><br></div><h2 class="battle-history">Turn 9</h2><div class="spacer battle-history"><br></div><div class="battle-history">Alomomola used <strong>Scald</strong>!<br></div><div class="battle-history"><small>(The opposing Celesteela lost <abbr title="−39/398">9.8%</abbr> of its health!)</small><br></div><div class="spacer battle-history"><br></div><div class="battle-history">The opposing Celesteela used <strong>Heavy Slam</strong>!<br></div><div class="battle-history"><small>It's not very effective...</small><br></div><div class="battle-history"><small>(Alomomola lost <abbr title="−81/531">15.3%</abbr> of its health!)</small><br></div><div class="spacer battle-history"><br></div><div class="battle-history"><small>Alomomola restored a little HP using its Leftovers!</small><br></div><div class="battle-history"><small>The opposing Celesteela restored a little HP using its Leftovers!</small><br></div><div class="battle-history"><small>Alomomola's health is sapped by Leech Seed!</small><br></div><div class="spacer battle-history"><br></div><h2 class="battle-history">Turn 10</h2><div class="spacer battle-history"><br></div><div class="battle-history">Alomomola used <strong>Scald</strong>!<br></div><div class="battle-history"><small>(The opposing Celesteela lost <abbr title="−45/398">11.3%</abbr> of its health!)</small><br></div><div class="spacer battle-history"><br></div><div class="battle-history">The opposing Celesteela used <strong>Heavy Slam</strong>!<br></div><div class="battle-history"><small>It's not very effective...</small><br></div><div class="battle-history"><small>(Alomomola lost <abbr title="−85/531">16.0%</abbr> of its health!)</small><br></div><div class="spacer battle-history"><br></div><div class="battle-history"><small>Alomomola restored a little HP using its Leftovers!</small><br></div><div class="battle-history"><small>The opposing Celesteela restored a little HP using its Leftovers!</small><br></div><div class="battle-history"><small>Alomomola's health is sapped by Leech Seed!</small><br></div><div class="spacer battle-history"><br></div><h2 class="battle-history">Turn 11</h2><div class="spacer battle-history"><br></div><div class="battle-history">Alomomola used <strong>Wish</strong>!<br></div><div class="spacer battle-history"><br></div><div class="battle-history">The opposing Celesteela used <strong>Heavy Slam</strong>!<br></div><div class="battle-history"><small>It's not very effective...</small><br></div><div class="battle-history"><small>(Alomomola lost <abbr title="−90/531">16.9%</abbr> of its health!)</small><br></div><div class="spacer battle-history"><br></div><div class="battle-history"><small>Alomomola restored a little HP using its Leftovers!</small><br></div><div class="battle-history"><small>Alomomola's health is sapped by Leech Seed!</small><br></div><div class="spacer battle-history"><br></div><h2 class="battle-history">Turn 12</h2><div class="spacer battle-history"><br></div><div class="battle-history">Alomomola used <strong>Protect</strong>!<br></div><div class="battle-history"><small>Alomomola protected itself!</small><br></div><div class="spacer battle-history"><br></div><div class="battle-history">The opposing Celesteela used <strong>Heavy Slam</strong>!<br></div><div class="battle-history"><small>Alomomola protected itself!</small><br></div><div class="spacer battle-history"><br></div><div class="battle-history"><small>Alomomola's wish came true!</small><br></div><div class="battle-history"><small>Alomomola restored a little HP using its Leftovers!</small><br></div><div class="battle-history"><small>Alomomola's health is sapped by Leech Seed!</small><br></div><div class="spacer battle-history"><br></div><h2 class="battle-history">Turn 13</h2><div class="spacer battle-history"><br></div><div class="battle-history">Alomomola used <strong>Wish</strong>!<br></div><div class="spacer battle-history"><br></div><div class="battle-history">The opposing Celesteela used <strong>Heavy Slam</strong>!<br></div><div class="battle-history"><small>It's not very effective...</small><br></div><div class="battle-history"><small>(Alomomola lost <abbr title="−77/531">14.5%</abbr> of its health!)</small><br></div><div class="spacer battle-history"><br></div><div class="battle-history"><small>Alomomola restored a little HP using its Leftovers!</small><br></div><div class="battle-history"><small>Alomomola's health is sapped by Leech Seed!</small><br></div><div class="spacer battle-history"><br></div><h2 class="battle-history">Turn 14</h2><div class="spacer battle-history"><br></div><div class="battle-history">cool aligator withdrew Celesteela!<br></div><div class="battle-history">cool aligator sent out <strong>Tapu Koko</strong>!<br></div><div class="battle-history"><small>Pointed stones dug into the opposing Tapu Koko!</small><br></div><div class="battle-history"><small>[The opposing Tapu Koko's Electric Surge]</small><br><small>An electric current runs across the battlefield!</small><br></div><div class="spacer battle-history"><br></div><div class="battle-history">Alomomola used <strong>Scald</strong>!<br></div><div class="battle-history"><small>(The opposing Tapu Koko lost <abbr title="−60/282">21.3%</abbr> of its health!)</small><br></div><div class="spacer battle-history"><br></div><div class="battle-history"><small>Alomomola's wish came true!</small><br></div><div class="battle-history"><small>Alomomola restored a little HP using its Leftovers!</small><br></div><div class="battle-history"><small>Alomomola's health is sapped by Leech Seed!</small><br></div><div class="spacer battle-history"><br></div><h2 class="battle-history">Turn 15</h2><div class="spacer battle-history"><br></div><div class="battle-history">cool aligator withdrew Tapu Koko!<br></div><div class="battle-history">cool aligator sent out <strong>Clefable</strong>!<br></div><div class="spacer battle-history"><br></div><div class="battle-history">Alomomola, come back!<br></div><div class="battle-history">Go! <strong>Ferrothorn</strong>!<br></div><div class="battle-history"><small>Pointed stones dug into Ferrothorn!</small><br></div><div class="spacer battle-history"><br></div><div class="battle-history"><small>Ferrothorn restored a little HP using its Leftovers!</small><br></div><div class="spacer battle-history"><br></div><h2 class="battle-history">Turn 16</h2><div class="chat message-error">cool aligator tiene 285 segundos restantes.</div><div class="spacer battle-history"><br></div><div class="battle-history">The opposing Clefable used <strong>Calm Mind</strong>!<br></div><div class="battle-history"><small>The opposing Clefable's Special Attack rose!</small><br></div><div class="battle-history"><small>The opposing Clefable's Special Defense rose!</small><br></div><div class="spacer battle-history"><br></div><div class="battle-history">Ferrothorn used <strong>Power Whip</strong>!<br></div><div class="battle-history"><small>(The opposing Clefable lost <abbr title="−114/394">28.9%</abbr> of its health!)</small><br></div><div class="spacer battle-history"><br></div><div class="battle-history"><small>Ferrothorn restored a little HP using its Leftovers!</small><br></div><div class="spacer battle-history"><br></div><h2 class="battle-history">Turn 17</h2><div class="spacer battle-history"><br></div><div class="battle-history">Ferrothorn, come back!<br></div><div class="battle-history">Go! <strong>Terrakion</strong>!<br></div><div class="battle-history"><small>Pointed stones dug into Terrakion!</small><br></div><div class="spacer battle-history"><br></div><div class="battle-history">The opposing Clefable used <strong>Soft-Boiled</strong>!<br></div><div class="battle-history"><small>The opposing Clefable restored its HP.</small><br></div><div class="spacer battle-history"><br></div><h2 class="battle-history">Turn 18</h2><div class="spacer battle-history"><br></div><div class="battle-history">cool aligator withdrew Clefable!<br></div><div class="battle-history">cool aligator sent out Landorus (<strong>Landorus-Therian</strong>)!<br></div><div class="battle-history"><small>Pointed stones dug into the opposing Landorus!</small><br></div><div class="battle-history"><small>[The opposing Landorus's Intimidate]</small><br></div><div class="battle-history"><small>Terrakion's Attack fell!</small><br></div><div class="spacer battle-history"><br></div><div class="battle-history">Terrakion used <strong>Iron Head</strong>!<br></div><div class="battle-history"><small>(The opposing Landorus lost <abbr title="−113/319">35.4%</abbr> of its health!)</small><br></div><div class="spacer battle-history"><br></div><div class="battle-history"><small>The electricity disappeared from the battlefield.</small><br></div><div class="spacer battle-history"><br></div><h2 class="battle-history">Turn 19</h2><div class="spacer battle-history"><br></div><div class="battle-history">Terrakion, come back!<br></div><div class="battle-history">Go! Tornadus (<strong>Tornadus-Therian</strong>)!<br></div><div class="battle-history"><small>Pointed stones dug into Tornadus!</small><br></div><div class="spacer battle-history"><br></div><div class="battle-history">The opposing Landorus used <strong>U-turn</strong>!<br></div><div class="battle-history"><small>It's not very effective...</small><br></div><div class="battle-history"><small>(Tornadus lost <abbr title="−56/361">15.5%</abbr> of its health!)</small><br></div><div class="spacer battle-history"><br></div><div class="battle-history">The opposing Landorus went back to cool aligator!<br></div><div class="battle-history">cool aligator sent out <strong>Tapu Koko</strong>!<br></div><div class="battle-history"><small>Pointed stones dug into the opposing Tapu Koko!</small><br></div><div class="battle-history"><small>[The opposing Tapu Koko's Electric Surge]</small><br><small>An electric current runs across the battlefield!</small><br></div><div class="spacer battle-history"><br></div><h2 class="battle-history">Turn 20</h2><div class="spacer battle-history"><br></div><div class="battle-history">Tornadus, come back!<br></div><div class="battle-history">Go! <strong>Ferrothorn</strong>!<br></div><div class="battle-history"><small>Pointed stones dug into Ferrothorn!</small><br></div><div class="spacer battle-history"><br></div><div class="battle-history">The opposing Tapu Koko used <strong>Thunderbolt</strong>!<br></div><div class="battle-history"><small>It's not very effective...</small><br></div><div class="battle-history"><small>(Ferrothorn lost <abbr title="−65/352">18.5%</abbr> of its health!)</small><br></div><div class="spacer battle-history"><br></div><div class="battle-history"><small>Ferrothorn restored a little HP using its Leftovers!</small><br></div><div class="spacer battle-history"><br></div><h2 class="battle-history">Turn 21</h2><div class="spacer battle-history"><br></div><div class="battle-history">cool aligator withdrew Tapu Koko!<br></div><div class="battle-history">cool aligator sent out <strong>Clefable</strong>!<br></div><div class="spacer battle-history"><br></div><div class="battle-history">Ferrothorn used <strong>Power Whip</strong>!<br></div><div class="battle-history"><small>(The opposing Clefable lost <abbr title="−126/394">32.0%</abbr> of its health!)</small><br></div><div class="spacer battle-history"><br></div><div class="battle-history"><small>Ferrothorn restored a little HP using its Leftovers!</small><br></div><div class="spacer battle-history"><br></div><h2 class="battle-history">Turn 22</h2><div class="spacer battle-history"><br></div><div class="battle-history">The opposing Clefable used <strong>Moonblast</strong>!<br></div><div class="battle-history"><small>It's not very effective...</small><br></div><div class="battle-history"><small>(Ferrothorn lost <abbr title="−38/352">10.8%</abbr> of its health!)</small><br></div><div class="spacer battle-history"><br></div><div class="battle-history">Ferrothorn used <strong>Power Whip</strong>!<br></div><div class="battle-history"><small>(The opposing Clefable lost <abbr title="−123/394">31.2%</abbr> of its health!)</small><br></div><div class="spacer battle-history"><br></div><div class="battle-history"><small>Ferrothorn restored a little HP using its Leftovers!</small><br></div><div class="spacer battle-history"><br></div><h2 class="battle-history">Turn 23</h2><div class="spacer battle-history"><br></div><div class="battle-history">Ferrothorn, come back!<br></div><div class="battle-history">Go! <strong>Terrakion</strong>!<br></div><div class="battle-history"><small>Pointed stones dug into Terrakion!</small><br></div><div class="spacer battle-history"><br></div><div class="battle-history">The opposing Clefable used <strong>Soft-Boiled</strong>!<br></div><div class="battle-history"><small>The opposing Clefable restored its HP.</small><br></div><div class="spacer battle-history"><br></div><div class="battle-history"><small>The electricity disappeared from the battlefield.</small><br></div><div class="spacer battle-history"><br></div><h2 class="battle-history">Turn 24</h2><div class="spacer battle-history"><br></div><div class="battle-history">cool aligator withdrew Clefable!<br></div><div class="battle-history">cool aligator sent out <strong>Celesteela</strong>!<br></div><div class="battle-history"><small>Pointed stones dug into the opposing Celesteela!</small><br></div><div class="spacer battle-history"><br></div><div class="battle-history">Terrakion used <strong>Stone Edge</strong>!<br></div><div class="battle-history"><small>(The opposing Celesteela lost <abbr title="−190/398">47.7%</abbr> of its health!)</small><br></div><div class="spacer battle-history"><br></div><div class="battle-history"><small>The opposing Celesteela restored a little HP using its Leftovers!</small><br></div><div class="spacer battle-history"><br></div><h2 class="battle-history">Turn 25</h2><div class="chat chatmessage-serperiormlg"><strong style="color:hsl(198,67%,43%)"><small> </small><span class="username" data-name="serperior_mlg">serperior_mlg</span>:</strong> <em>cool aligator</em></div><div class="chat chatmessage-serperiormlg"><strong style="color:hsl(198,67%,43%)"><small> </small><span class="username" data-name="serperior_mlg">serperior_mlg</span>:</strong> <em>xq switcheaste</em></div><div class="chat chatmessage-serperiormlg"><strong style="color:hsl(198,67%,43%)"><small> </small><span class="username" data-name="serperior_mlg">serperior_mlg</span>:</strong> <em>el clefa no moria ahr</em></div><div class="chat chatmessage-trkedgar"><strong style="color:hsl(293,81%,43.478101866404835%)"><small>☆</small><span class="username" data-name="trk edgar">trk edgar</span>:</strong> <em>no me mata de moonblast</em></div><div class="chat message-error">trk edgar tiene 285 segundos restantes.</div><div class="chat chatmessage-trkedgar"><strong style="color:hsl(293,81%,43.478101866404835%)"><small>☆</small><span class="username" data-name="trk edgar">trk edgar</span>:</strong> <em>hizo la buena play</em></div><div class="spacer battle-history"><br></div><div class="battle-history">Terrakion, come back!<br></div><div class="battle-history">Go! <strong>Latios</strong>!<br></div><div class="battle-history"><small>Pointed stones dug into Latios!</small><br></div><div class="spacer battle-history"><br></div><div class="battle-history">The opposing Celesteela used <strong>Protect</strong>!<br></div><div class="battle-history"><small>But it failed!</small><br></div><div class="spacer battle-history"><br></div><div class="battle-history"><small>The opposing Celesteela restored a little HP using its Leftovers!</small><br></div><div class="spacer battle-history"><br></div><h2 class="battle-history">Turn 26</h2><div class="chat chatmessage-serperiormlg"><strong style="color:hsl(198,67%,43%)"><small> </small><span class="username" data-name="serperior_mlg">serperior_mlg</span>:</strong> <em> que set move tiene el clefa</em></div><div class="spacer battle-history"><br></div><div class="battle-history"><small>Latios's Latiosite is reacting to the Key Stone!</small><br>Latios has Mega Evolved into Mega Latios!<br></div><div class="spacer battle-history"><br></div><div class="battle-history">Latios used <strong>Thunderbolt</strong>!<br></div><div class="battle-history"><small>It's super effective!</small><br></div><div class="battle-history"><small>(The opposing Celesteela lost <abbr title="−207/398">52.0%</abbr> of its health!)</small><br></div><div class="spacer battle-history"><br></div><div class="battle-history">The opposing Celesteela fainted!<br></div><div class="spacer battle-history"><br></div><div class="battle-history">cool aligator sent out <strong>Clefable</strong>!<br></div><div class="spacer battle-history"><br></div><h2 class="battle-history">Turn 27</h2><div class="chat"><div class="broadcast-red"><b>Chat Moderado. Nivel: +!</b><br>Solo quienes tengan rango + o superior pueden hablar.</div></div><div class="spacer battle-history"><br></div><div class="battle-history">Latios used <strong>Thunderbolt</strong>!<br></div><div class="battle-history"><small>(The opposing Clefable lost <abbr title="−130/394">33.0%</abbr> of its health!)</small><br></div><div class="spacer battle-history"><br></div><div class="battle-history">The opposing Clefable used <strong>Calm Mind</strong>!<br></div><div class="battle-history"><small>The opposing Clefable's Special Attack rose!</small><br></div><div class="battle-history"><small>The opposing Clefable's Special Defense rose!</small><br></div><div class="spacer battle-history"><br></div><h2 class="battle-history">Turn 28</h2><div class="spacer battle-history"><br></div><div class="battle-history">Latios, come back!<br></div><div class="battle-history">Go! <strong>Ferrothorn</strong>!<br></div><div class="battle-history"><small>Pointed stones dug into Ferrothorn!</small><br></div><div class="spacer battle-history"><br></div><div class="battle-history">The opposing Clefable used <strong>Moonblast</strong>!<br></div><div class="battle-history"><small>It's not very effective...</small><br></div><div class="battle-history"><small>(Ferrothorn lost <abbr title="−55/352">15.6%</abbr> of its health!)</small><br></div><div class="spacer battle-history"><br></div><div class="battle-history"><small>Ferrothorn restored a little HP using its Leftovers!</small><br></div><div class="spacer battle-history"><br></div><h2 class="battle-history">Turn 29</h2><div class="spacer battle-history"><br></div><div class="battle-history">The opposing Clefable used <strong>Soft-Boiled</strong>!<br></div><div class="battle-history"><small>The opposing Clefable restored its HP.</small><br></div><div class="spacer battle-history"><br></div><div class="battle-history">Ferrothorn used <strong>Power Whip</strong>!<br></div><div class="battle-history"><small>(The opposing Clefable lost <abbr title="−117/394">29.7%</abbr> of its health!)</small><br></div><div class="spacer battle-history"><br></div><div class="battle-history"><small>Ferrothorn restored a little HP using its Leftovers!</small><br></div><div class="spacer battle-history"><br></div><h2 class="battle-history">Turn 30</h2><div class="spacer battle-history"><br></div><div class="battle-history">The opposing Clefable used <strong>Moonblast</strong>!<br></div><div class="battle-history"><small>It's not very effective...</small><br></div><div class="battle-history"><small>(Ferrothorn lost <abbr title="−53/352">15.1%</abbr> of its health!)</small><br></div><div class="spacer battle-history"><br></div><div class="battle-history">Ferrothorn used <strong>Power Whip</strong>!<br></div><div class="battle-history"><small>(The opposing Clefable lost <abbr title="−127/394">32.2%</abbr> of its health!)</small><br></div><div class="spacer battle-history"><br></div><div class="battle-history"><small>Ferrothorn restored a little HP using its Leftovers!</small><br></div><div class="spacer battle-history"><br></div><h2 class="battle-history">Turn 31</h2><div class="spacer battle-history"><br></div><div class="battle-history">The opposing Clefable used <strong>Moonblast</strong>!<br></div><div class="battle-history"><small>It's not very effective...</small><br></div><div class="battle-history"><small>(Ferrothorn lost <abbr title="−51/352">14.5%</abbr> of its health!)</small><br></div><div class="spacer battle-history"><br></div><div class="battle-history">Ferrothorn used <strong>Power Whip</strong>!<br></div><div class="battle-history"><small>(The opposing Clefable lost <abbr title="−127/394">32.2%</abbr> of its health!)</small><br></div><div class="spacer battle-history"><br></div><div class="battle-history"><small>Ferrothorn restored a little HP using its Leftovers!</small><br></div><div class="spacer battle-history"><br></div><h2 class="battle-history">Turn 32</h2><div class="spacer battle-history"><br></div><div class="battle-history">Ferrothorn, come back!<br></div><div class="battle-history">Go! <strong>Terrakion</strong>!<br></div><div class="battle-history"><small>Pointed stones dug into Terrakion!</small><br></div><div class="spacer battle-history"><br></div><div class="battle-history">The opposing Clefable used <strong>Soft-Boiled</strong>!<br></div><div class="battle-history"><small>The opposing Clefable restored its HP.</small><br></div><div class="spacer battle-history"><br></div><h2 class="battle-history">Turn 33</h2><div class="chat chatmessage-trkedgar"><strong style="color:hsl(293,81%,43.478101866404835%)"><small>☆</small><span class="username" data-name="trk edgar">trk edgar</span>:</strong> <em>eso fue choke creo</em></div><div class="spacer battle-history"><br></div><div class="battle-history">cool aligator withdrew Clefable!<br></div><div class="battle-history">cool aligator sent out <strong>Zygarde</strong>!<br></div><div class="battle-history"><small>Pointed stones dug into the opposing Zygarde!</small><br></div><div class="battle-history"><small>[The opposing Zygarde's Aura Break]</small><br><small>The opposing Zygarde reversed all other Pokémon's auras!</small><br></div><div class="spacer battle-history"><br></div><div class="battle-history">Terrakion used <strong>Stone Edge</strong>!<br></div><div class="battle-history"><small>It's not very effective...</small><br></div><div class="battle-history"><small>(The opposing Zygarde lost <abbr title="−105/357">29.4%</abbr> of its health!)</small><br></div><div class="spacer battle-history"><br></div><div class="battle-history"><small>The opposing Zygarde restored a little HP using its Leftovers!</small><br></div><div class="spacer battle-history"><br></div><h2 class="battle-history">Turn 34</h2><div class="spacer battle-history"><br></div><div class="battle-history">Terrakion, come back!<br></div><div class="battle-history">Go! Landorus (<strong>Landorus-Therian</strong>)!<br></div><div class="battle-history"><small>Pointed stones dug into Landorus!</small><br></div><div class="battle-history"><small>[Landorus's Intimidate]</small><br></div><div class="battle-history"><small>The opposing Zygarde's Attack fell!</small><br></div><div class="spacer battle-history"><br></div><div class="battle-history">The opposing Zygarde used <strong>Thousand Arrows</strong>!<br></div><div class="battle-history"><small>(Landorus lost <abbr title="−93/381">24.4%</abbr> of its health!)</small><br></div><div class="battle-history"><small>Landorus fell straight down!</small><br></div><div class="spacer battle-history"><br></div><div class="battle-history"><small>The opposing Zygarde restored a little HP using its Leftovers!</small><br></div><div class="spacer battle-history"><br></div><h2 class="battle-history">Turn 35</h2><div class="spacer battle-history"><br></div><div class="battle-history">The opposing Zygarde used <strong>Protect</strong>!<br></div><div class="battle-history"><small>The opposing Zygarde protected itself!</small><br></div><div class="spacer battle-history"><br></div><div class="battle-history">Landorus used <strong>U-turn</strong>!<br></div><div class="battle-history"><small>The opposing Zygarde protected itself!</small><br></div><div class="spacer battle-history"><br></div><div class="battle-history"><small>The opposing Zygarde restored a little HP using its Leftovers!</small><br></div><div class="spacer battle-history"><br></div><h2 class="battle-history">Turn 36</h2><div class="spacer battle-history"><br></div><div class="battle-history">Landorus used <strong>U-turn</strong>!<br></div><div class="battle-history"><small>(The opposing Zygarde lost <abbr title="−65/357">18.2%</abbr> of its health!)</small><br></div><div class="spacer battle-history"><br></div><div class="battle-history">Landorus went back to trk edgar!<br></div><div class="battle-history">Go! Tornadus (<strong>Tornadus-Therian</strong>)!<br></div><div class="battle-history"><small>Pointed stones dug into Tornadus!</small><br></div><div class="spacer battle-history"><br></div><div class="battle-history">The opposing Zygarde used <strong>Dragon Dance</strong>!<br></div><div class="battle-history"><small>The opposing Zygarde's Attack rose!</small><br></div><div class="battle-history"><small>The opposing Zygarde's Speed rose!</small><br></div><div class="spacer battle-history"><br></div><div class="battle-history"><small>The opposing Zygarde restored a little HP using its Leftovers!</small><br></div><div class="spacer battle-history"><br></div><h2 class="battle-history">Turn 37</h2><div class="spacer battle-history"><br></div><div class="battle-history">The opposing Zygarde used <strong>Protect</strong>!<br></div><div class="battle-history"><small>The opposing Zygarde protected itself!</small><br></div><div class="spacer battle-history"><br></div><div class="battle-history">Tornadus used <strong>Hidden Power</strong>!<br></div><div class="battle-history"><small>The opposing Zygarde protected itself!</small><br></div><div class="spacer battle-history"><br></div><div class="battle-history"><small>The opposing Zygarde restored a little HP using its Leftovers!</small><br></div><div class="spacer battle-history"><br></div><h2 class="battle-history">Turn 38</h2><div class="spacer battle-history"><br></div><div class="battle-history">The opposing Zygarde used <strong>Thousand Arrows</strong>!<br></div><div class="battle-history"><small>(Tornadus lost <abbr title="−183/361">50.7%</abbr> of its health!)</small><br></div><div class="battle-history"><small>Tornadus fell straight down!</small><br></div><div class="spacer battle-history"><br></div><div class="battle-history">Tornadus used <strong>Hidden Power</strong>!<br></div><div class="battle-history"><small>It's super effective!</small><br></div><div class="battle-history"><small>A critical hit!</small><br></div><div class="battle-history"><small>(The opposing Zygarde lost <abbr title="−275/357">77.0%</abbr> of its health!)</small><br></div><div class="spacer battle-history"><br></div><div class="battle-history">The opposing Zygarde fainted!<br></div><div class="chat chatmessage-trkedgar"><strong style="color:hsl(293,81%,43.478101866404835%)"><small>☆</small><span class="username" data-name="trk edgar">trk edgar</span>:</strong> <em>sry</em></div><div class="spacer battle-history"><br></div><div class="battle-history">cool aligator sent out <strong>Tapu Koko</strong>!<br></div><div class="battle-history"><small>Pointed stones dug into the opposing Tapu Koko!</small><br></div><div class="battle-history"><small>[The opposing Tapu Koko's Electric Surge]</small><br><small>An electric current runs across the battlefield!</small><br></div><div class="spacer battle-history"><br></div><h2 class="battle-history">Turn 39</h2><div class="spacer battle-history"><br></div><div class="battle-history">Tornadus, come back!<br></div><div class="battle-history">Go! Landorus (<strong>Landorus-Therian</strong>)!<br></div><div class="battle-history"><small>Pointed stones dug into Landorus!</small><br></div><div class="battle-history"><small>[Landorus's Intimidate]</small><br></div><div class="battle-history"><small>The opposing Tapu Koko's Attack fell!</small><br></div><div class="spacer battle-history"><br></div><div class="battle-history">The opposing Tapu Koko used <strong>Calm Mind</strong>!<br></div><div class="battle-history"><small>The opposing Tapu Koko's Special Attack rose!</small><br></div><div class="battle-history"><small>The opposing Tapu Koko's Special Defense rose!</small><br></div><div class="spacer battle-history"><br></div><h2 class="battle-history">Turn 40</h2><div class="spacer battle-history"><br></div><div class="battle-history">cool aligator withdrew Tapu Koko!<br></div><div class="battle-history">cool aligator sent out Landorus (<strong>Landorus-Therian</strong>)!<br></div><div class="battle-history"><small>Pointed stones dug into the opposing Landorus!</small><br></div><div class="battle-history"><small>[The opposing Landorus's Intimidate]</small><br></div><div class="battle-history"><small>Landorus's Attack fell!</small><br></div><div class="spacer battle-history"><br></div><div class="battle-history">Landorus used <strong>Earthquake</strong>!<br></div><div class="battle-history"><small>It doesn't affect the opposing Landorus...</small><br></div><div class="spacer battle-history"><br></div><h2 class="battle-history">Turn 41</h2><div class="spacer battle-history"><br></div><div class="battle-history">The opposing Landorus used <strong>U-turn</strong>!<br></div><div class="battle-history"><small>It's not very effective...</small><br></div><div class="battle-history"><small>(Landorus lost <abbr title="−47/381">12.3%</abbr> of its health!)</small><br></div><div class="chat message-error">cool aligator tiene 285 segundos restantes.</div><div class="chat message-error">cool aligator tiene 270 segundos restantes.</div><div class="chat message-error">cool aligator tiene 255 segundos restantes.</div><div class="chat message-error">cool aligator tiene 240 segundos restantes.</div><div class="chat chatmessage-coolaligator"><strong style="color:hsl(195,73%,42%)"><small>☆</small><span class="username" data-name="cool aligator">cool aligator</span>:</strong> <em>:v</em></div><div class="chat message-error">cool aligator tiene 225 segundos restantes.</div><div class="chat chatmessage-coolaligator"><strong style="color:hsl(195,73%,42%)"><small>☆</small><span class="username" data-name="cool aligator">cool aligator</span>:</strong> <em>juegas muy bien</em></div><div class="chat message-error">cool aligator tiene 210 segundos restantes.</div><div class="chat chatmessage-trkedgar"><strong style="color:hsl(293,81%,43.478101866404835%)"><small>☆</small><span class="username" data-name="trk edgar">trk edgar</span>:</strong> <em>n_n</em></div><div class="spacer battle-history"><br></div><div class="battle-history">The opposing Landorus went back to cool aligator!<br></div><div class="battle-history">cool aligator sent out <strong>Clefable</strong>!<br></div><div class="spacer battle-history"><br></div><div class="battle-history">Landorus used <strong>Earthquake</strong>!<br></div><div class="battle-history"><small>(The opposing Clefable lost <abbr title="−91/394">23.1%</abbr> of its health!)</small><br></div><div class="spacer battle-history"><br></div><h2 class="battle-history">Turn 42</h2><div class="chat chatmessage-trkedgar"><strong style="color:hsl(293,81%,43.478101866404835%)"><small>☆</small><span class="username" data-name="trk edgar">trk edgar</span>:</strong> <em>todavía te queda</em></div><div class="chat chatmessage-trkedgar"><strong style="color:hsl(293,81%,43.478101866404835%)"><small>☆</small><span class="username" data-name="trk edgar">trk edgar</span>:</strong> <em>game 2 y game 3</em></div><div class="chat chatmessage-trkedgar"><strong style="color:hsl(293,81%,43.478101866404835%)"><small>☆</small><span class="username" data-name="trk edgar">trk edgar</span>:</strong> <em>es mejor de 3 recuerda</em></div><div class="chat chatmessage-trkedgar"><strong style="color:hsl(293,81%,43.478101866404835%)"><small>☆</small><span class="username" data-name="trk edgar">trk edgar</span>:</strong> <em>xd</em></div><div class="spacer battle-history"><br></div><div class="battle-history">Landorus, come back!<br></div><div class="battle-history">Go! <strong>Terrakion</strong>!<br></div><div class="battle-history"><small>Pointed stones dug into Terrakion!</small><br></div><div class="spacer battle-history"><br></div><div class="battle-history">The opposing Clefable used <strong>Soft-Boiled</strong>!<br></div><div class="battle-history"><small>The opposing Clefable restored its HP.</small><br></div><div class="spacer battle-history"><br></div><h2 class="battle-history">Turn 43</h2><div class="chat chatmessage-coolaligator"><strong style="color:hsl(195,73%,42%)"><small>☆</small><span class="username" data-name="cool aligator">cool aligator</span>:</strong> <em>gg</em></div><div class="chat message-error">cool aligator tiene 285 segundos restantes.</div><div class="chat chatmessage-trkedgar"><strong style="color:hsl(293,81%,43.478101866404835%)"><small>☆</small><span class="username" data-name="trk edgar">trk edgar</span>:</strong> <em>gg</em></div><div class="spacer battle-history"><br></div><div class="battle-history">Terrakion used <strong>Stone Edge</strong>!<br></div><div class="battle-history"><small>The opposing Clefable avoided the attack!</small><br></div><div class="spacer battle-history"><br></div><div class="battle-history">The opposing Clefable used <strong>Moonblast</strong>!<br></div><div class="battle-history"><small>It's super effective!</small><br></div><div class="battle-history"><small>(Terrakion lost <abbr title="−242/323">74.9%</abbr> of its health!)</small><br></div><div class="battle-history"><small>Terrakion's Special Attack fell!</small><br></div><div class="spacer battle-history"><br></div><div class="battle-history"><small>The electricity disappeared from the battlefield.</small><br></div><div class="spacer battle-history"><br></div><h2 class="battle-history">Turn 44</h2><div class="chat chatmessage-trkedgar"><strong style="color:hsl(293,81%,43.478101866404835%)"><small>☆</small><span class="username" data-name="trk edgar">trk edgar</span>:</strong> <em>mierda</em></div><div class="spacer battle-history"><br></div><div class="battle-history">Terrakion used <strong>Stone Edge</strong>!<br></div><div class="battle-history"><small>(The opposing Clefable lost <abbr title="−240/394">60.9%</abbr> of its health!)</small><br></div><div class="spacer battle-history"><br></div><div class="battle-history">The opposing Clefable used <strong>Moonblast</strong>!<br></div><div class="battle-history"><small>It's super effective!</small><br></div><div class="battle-history"><small>(Terrakion lost <abbr title="−1/323">0.3%</abbr> of its health!)</small><br></div><div class="spacer battle-history"><br></div><div class="battle-history">Terrakion fainted!<br></div><div class="spacer battle-history"><br></div><div class="battle-history">Go! Latios (<strong>Latios-Mega</strong>)!<br></div><div class="battle-history"><small>Pointed stones dug into Latios!</small><br></div><div class="spacer battle-history"><br></div><h2 class="battle-history">Turn 45</h2><div class="spacer battle-history"><br></div><div class="battle-history">cool aligator withdrew Clefable!<br></div><div class="battle-history">cool aligator sent out <strong>Toxapex</strong>!<br></div><div class="battle-history"><small>Pointed stones dug into the opposing Toxapex!</small><br></div><div class="spacer battle-history"><br></div><div class="battle-history">Latios used <strong>Surf</strong>!<br></div><div class="battle-history"><small>It's not very effective...</small><br></div><div class="battle-history"><small>(The opposing Toxapex lost <abbr title="−39/304">12.8%</abbr> of its health!)</small><br></div><div class="spacer battle-history"><br></div><div class="battle-history"><small>The opposing Toxapex restored a little HP using its Leftovers!</small><br></div><div class="spacer battle-history"><br></div><h2 class="battle-history">Turn 46</h2><div class="spacer battle-history"><br></div><div class="battle-history">Latios used <strong>Thunderbolt</strong>!<br></div><div class="battle-history"><small>It's super effective!</small><br></div><div class="battle-history"><small>(The opposing Toxapex lost <abbr title="−146/304">48.0%</abbr> of its health!)</small><br></div><div class="spacer battle-history"><br></div><div class="battle-history">The opposing Toxapex used <strong>Toxic Spikes</strong>!<br></div><div class="battle-history"><small>Poison spikes were scattered on the ground all around your team!</small><br></div><div class="spacer battle-history"><br></div><div class="battle-history"><small>The opposing Toxapex restored a little HP using its Leftovers!</small><br></div><div class="spacer battle-history"><br></div><h2 class="battle-history">Turn 47</h2><div class="spacer battle-history"><br></div><div class="battle-history">Latios used <strong>Surf</strong>!<br></div><div class="battle-history"><small>It's not very effective...</small><br></div><div class="battle-history"><small>(The opposing Toxapex lost <abbr title="−39/304">12.8%</abbr> of its health!)</small><br></div><div class="spacer battle-history"><br></div><div class="battle-history">The opposing Toxapex used <strong>Toxic Spikes</strong>!<br></div><div class="battle-history"><small>Poison spikes were scattered on the ground all around your team!</small><br></div><div class="spacer battle-history"><br></div><div class="battle-history"><small>The opposing Toxapex restored a little HP using its Leftovers!</small><br></div><div class="spacer battle-history"><br></div><h2 class="battle-history">Turn 48</h2><div class="spacer battle-history"><br></div><div class="battle-history">Latios used <strong>Thunderbolt</strong>!<br></div><div class="battle-history"><small>It's super effective!</small><br></div><div class="battle-history"><small>(The opposing Toxapex lost <abbr title="−99/304">32.6%</abbr> of its health!)</small><br></div><div class="spacer battle-history"><br></div><div class="battle-history">The opposing Toxapex fainted!<br></div><div class="spacer battle-history"><br></div><div class="battle-history">cool aligator sent out Landorus (<strong>Landorus-Therian</strong>)!<br></div><div class="battle-history"><small>Pointed stones dug into the opposing Landorus!</small><br></div><div class="battle-history"><small>[The opposing Landorus's Intimidate]</small><br></div><div class="battle-history"><small>Latios's Attack fell!</small><br></div><div class="spacer battle-history"><br></div><h2 class="battle-history">Turn 49</h2><div class="spacer battle-history"><br></div><div class="battle-history">The opposing Landorus used <strong>U-turn</strong>!<br></div><div class="battle-history"><small>It's super effective!</small><br></div><div class="battle-history"><small>(Latios lost <abbr title="−196/301">65.1%</abbr> of its health!)</small><br></div><div class="chat chatmessage-coolaligator"><strong style="color:hsl(195,73%,42%)"><small>☆</small><span class="username" data-name="cool aligator">cool aligator</span>:</strong> <em>v:</em></div><div class="spacer battle-history"><br></div><div class="battle-history">The opposing Landorus went back to cool aligator!<br></div><div class="battle-history">cool aligator sent out <strong>Tapu Koko</strong>!<br></div><div class="battle-history"><small>Pointed stones dug into the opposing Tapu Koko!</small><br></div><div class="battle-history"><small>[The opposing Tapu Koko's Electric Surge]</small><br><small>An electric current runs across the battlefield!</small><br></div><div class="spacer battle-history"><br></div><div class="battle-history">Latios used <strong>Roost</strong>!<br></div><div class="battle-history"><small>Latios restored its HP.</small><br></div><div class="spacer battle-history"><br></div><h2 class="battle-history">Turn 50</h2><div class="spacer battle-history"><br></div><div class="battle-history">Latios, come back!<br></div><div class="battle-history">Go! <strong>Ferrothorn</strong>!<br></div><div class="battle-history"><small>Pointed stones dug into Ferrothorn!</small><br></div><div class="spacer battle-history"><br></div><div class="battle-history">The opposing Tapu Koko used <strong>Dazzling Gleam</strong>!<br></div><div class="battle-history"><small>It's not very effective...</small><br></div><div class="battle-history"><small>(Ferrothorn lost <abbr title="−37/352">10.5%</abbr> of its health!)</small><br></div><div class="spacer battle-history"><br></div><div class="battle-history"><small>Ferrothorn restored a little HP using its Leftovers!</small><br></div><div class="spacer battle-history"><br></div><h2 class="battle-history">Turn 51</h2><div class="spacer battle-history"><br></div><div class="battle-history">cool aligator withdrew Tapu Koko!<br></div><div class="battle-history">cool aligator sent out Landorus (<strong>Landorus-Therian</strong>)!<br></div><div class="battle-history"><small>Pointed stones dug into the opposing Landorus!</small><br></div><div class="battle-history"><small>[The opposing Landorus's Intimidate]</small><br></div><div class="battle-history"><small>Ferrothorn's Attack fell!</small><br></div><div class="spacer battle-history"><br></div><div class="battle-history">Ferrothorn used <strong>Leech Seed</strong>!<br></div><div class="battle-history"><small>The opposing Landorus was seeded!</small><br></div><div class="spacer battle-history"><br></div><div class="battle-history"><small>Ferrothorn restored a little HP using its Leftovers!</small><br></div><div class="battle-history"><small>The opposing Landorus's health is sapped by Leech Seed!</small><br></div><div class="spacer battle-history"><br></div><h2 class="battle-history">Turn 52</h2><div class="spacer battle-history"><br></div><div class="battle-history">Ferrothorn, come back!<br></div><div class="battle-history">Go! Tornadus (<strong>Tornadus-Therian</strong>)!<br></div><div class="battle-history"><small>Pointed stones dug into Tornadus!</small><br></div><div class="spacer battle-history"><br></div><div class="battle-history">The opposing Landorus used <strong>Explosion</strong>!<br></div><div class="battle-history"><small>(Tornadus lost <abbr title="−92/361">25.5%</abbr> of its health!)</small><br></div><div class="spacer battle-history"><br></div><div class="battle-history">The opposing Landorus fainted!<br></div><div class="battle-history">Tornadus fainted!<br></div><div class="spacer battle-history"><br></div><div class="battle-history">Go! Landorus (<strong>Landorus-Therian</strong>)!<br></div><div class="spacer battle-history"><br></div><div class="battle-history">cool aligator sent out <strong>Tapu Koko</strong>!<br></div><div class="battle-history"><small>Pointed stones dug into Landorus!</small><br></div><div class="battle-history"><small>[Landorus's Intimidate]</small><br></div><div class="battle-history"><small>The opposing Tapu Koko's Attack fell!</small><br></div><div class="battle-history"><small>Pointed stones dug into the opposing Tapu Koko!</small><br></div><div class="spacer battle-history"><br></div><h2 class="battle-history">Turn 53</h2><div class="chat chatmessage-trkedgar"><strong style="color:hsl(293,81%,43.478101866404835%)"><small>☆</small><span class="username" data-name="trk edgar">trk edgar</span>:</strong> <em>gg</em></div><div class="spacer battle-history"><br></div><div class="battle-history">Landorus used <strong>Earthquake</strong>!<br></div><div class="battle-history"><small>It's super effective!</small><br></div><div class="battle-history"><small>(The opposing Tapu Koko lost <abbr title="−113/282">40.1%</abbr> of its health!)</small><br></div><div class="spacer battle-history"><br></div><div class="battle-history">The opposing Tapu Koko fainted!<br></div><div class="spacer battle-history"><br></div><div class="battle-history"><small>The electricity disappeared from the battlefield.</small><br></div><div class="spacer battle-history"><br></div><div class="battle-history">cool aligator sent out <strong>Clefable</strong>!<br></div><div class="spacer battle-history"><br></div><h2 class="battle-history">Turn 54</h2><div class="spacer battle-history"><br></div><div class="battle-history">Landorus used <strong>Earthquake</strong>!<br></div><div class="battle-history"><small>(The opposing Clefable lost <abbr title="−86/394">21.8%</abbr> of its health!)</small><br></div><div class="spacer battle-history"><br></div><div class="battle-history">The opposing Clefable fainted!<br></div><div class="spacer battle-history"><br></div><div class="battle-history"><strong>trk edgar</strong> won the battle!<br></div><div class="chat chatmessage-coolaligator"><strong style="color:hsl(195,73%,42%)"><small>☆</small><span class="username" data-name="cool aligator">cool aligator</span>:</strong> <em>pedia min</em></div><div class="chat chatmessage-coolaligator"><strong style="color:hsl(195,73%,42%)"><small>☆</small><span class="username" data-name="cool aligator">cool aligator</span>:</strong> <em>XD</em></div></div><div class="inner-preempt"></div></div></div>
</div>
<script>
let daily = Math.floor(Date.now()/1000/60/60/24);document.write('<script src="https://play.pokemonshowdown.com/js/replay-embed.js?version'+daily+'"></'+'script>');
</script>
