<!DOCTYPE html>
<meta charset="utf-8" />
<!-- version 1 -->
<title>RU replay: j_bolginaski vs. SEPHIROTHFF7</title>
<style>
html,body {font-family:Verdana, sans-serif;font-size:10pt;margin:0;padding:0;}body{padding:12px 0;} .battle-log {font-family:Verdana, sans-serif;font-size:10pt;} .battle-log-inline {border:1px solid #AAAAAA;background:#EEF2F5;color:black;max-width:640px;margin:0 auto 80px;padding-bottom:5px;} .battle-log .inner {padding:4px 8px 0px 8px;} .battle-log .inner-preempt {padding:0 8px 4px 8px;} .battle-log .inner-after {margin-top:0.5em;} .battle-log h2 {margin:0.5em -8px;padding:4px 8px;border:1px solid #AAAAAA;background:#E0E7EA;border-left:0;border-right:0;font-family:Verdana, sans-serif;font-size:13pt;} .battle-log .chat {vertical-align:middle;padding:3px 0 3px 0;font-size:8pt;} .battle-log .chat strong {color:#40576A;} .battle-log .chat em {padding:1px 4px 1px 3px;color:#000000;font-style:normal;} .chat.mine {background:rgba(0,0,0,0.05);margin-left:-8px;margin-right:-8px;padding-left:8px;padding-right:8px;} .spoiler {color:#BBBBBB;background:#BBBBBB;padding:0px 3px;} .spoiler:hover, .spoiler:active, .spoiler-shown {color:#000000;background:#E2E2E2;padding:0px 3px;} .spoiler a {color:#BBBBBB;} .spoiler:hover a, .spoiler:active a, .spoiler-shown a {color:#2288CC;} .chat code, .chat .spoiler:hover code, .chat .spoiler:active code, .chat .spoiler-shown code {border:1px solid #C0C0C0;background:#EEEEEE;color:black;padding:0 2px;} .chat .spoiler code {border:1px solid #CCCCCC;background:#CCCCCC;color:#CCCCCC;} .battle-log .rated {padding:3px 4px;} .battle-log .rated strong {color:white;background:#89A;padding:1px 4px;border-radius:4px;} .spacer {margin-top:0.5em;} .message-announce {background:#6688AA;color:white;padding:1px 4px 2px;} .message-announce a, .broadcast-green a, .broadcast-blue a, .broadcast-red a {color:#DDEEFF;} .broadcast-green {background-color:#559955;color:white;padding:2px 4px;} .broadcast-blue {background-color:#6688AA;color:white;padding:2px 4px;} .infobox {border:1px solid #6688AA;padding:2px 4px;} .infobox-limited {max-height:200px;overflow:auto;overflow-x:hidden;} .broadcast-red {background-color:#AA5544;color:white;padding:2px 4px;} .message-learn-canlearn {font-weight:bold;color:#228822;text-decoration:underline;} .message-learn-cannotlearn {font-weight:bold;color:#CC2222;text-decoration:underline;} .message-effect-weak {font-weight:bold;color:#CC2222;} .message-effect-resist {font-weight:bold;color:#6688AA;} .message-effect-immune {font-weight:bold;color:#666666;} .message-learn-list {margin-top:0;margin-bottom:0;} .message-throttle-notice, .message-error {color:#992222;} .message-overflow, .chat small.message-overflow {font-size:0pt;} .message-overflow::before {font-size:9pt;content:'...';} .subtle {color:#3A4A66;}
</style>
<div class="wrapper replay-wrapper" style="max-width:1180px;margin:0 auto">
<input type="hidden" name="replayid" value="ru-493915737" />
<div class="battle"></div><div class="battle-log"></div><div class="replay-controls"></div><div class="replay-controls-2"></div>
<h1 style="font-weight:normal;text-align:center"><strong>RU</strong><br /><a href="http://pokemonshowdown.com/users/jbolginaski" class="subtle" target="_blank">j_bolginaski</a> vs. <a href="http://pokemonshowdown.com/users/sephirothff7" class="subtle" target="_blank">SEPHIROTHFF7</a></h1>
<script type="text/plain" class="battle-log-data">|j|j_bolginaski
|j|SEPHIROTHFF7
|player|p1|j_bolginaski|238
|player|p2|SEPHIROTHFF7|95
|gametype|singles
|gen|6
|tier|RU
|seed|18315,62552,31359,4072
|rule|Sleep Clause Mod: Limit one foe put to sleep
|rule|Species Clause: Limit one of each Pokémon
|rule|OHKO Clause: OHKO moves are banned
|rule|Moody Clause: Moody is banned
|rule|Evasion Moves Clause: Evasion moves are banned
|rule|Endless Battle Clause: Forcing endless battles is banned
|rule|HP Percentage Mod: HP is shown in percentages
|clearpoke
|poke|p1|Rotom-Fan|item
|poke|p1|Flygon, F|item
|poke|p1|Braviary, M|item
|poke|p1|Clawitzer, M|item
|poke|p1|Aerodactyl, M|item
|poke|p1|Throh, M|item
|poke|p2|Cinccino, M|item
|poke|p2|Aromatisse, F|item
|poke|p2|Scrafty, F|item
|poke|p2|Delphox, M|item
|poke|p2|Banette, M|item
|poke|p2|Ariados, F|item
|rule|Swagger Clause: Swagger is banned
|rule|Baton Pass Clause: Limit one Baton Passer, can't pass Spe and other stats simultaneously
|teampreview
|c|★j_bolginaski|same bruh ?
|c|★j_bolginaski|team
|c|★j_bolginaski|booo
|choice|team 5, team 2, team 3, team 4, team 1, team 6|team 3, team 2, team 1, team 4, team 5, team 6
|
|start
|switch|p1a: Aerodactyl|Aerodactyl, M|301\/301
|switch|p2a: Scrafty|Scrafty, F|334\/334
|turn|1
|choice|move aerialace|move icepunch
|
|move|p1a: Aerodactyl|Aerial Ace|p2a: Scrafty
|-supereffective|p2a: Scrafty
|-damage|p2a: Scrafty|178\/334
|move|p2a: Scrafty|Ice Punch|p1a: Aerodactyl
|-supereffective|p1a: Aerodactyl
|-crit|p1a: Aerodactyl
|-damage|p1a: Aerodactyl|0 fnt
|-damage|p2a: Scrafty|145\/334|[from] item: Life Orb
|faint|p1a: Aerodactyl
|
|upkeep
|choice|switch 4|
|
|switch|p1a: Clawitzer|Clawitzer, M|283\/283
|turn|2
|choice|move aurasphere|move drainpunch
|
|move|p1a: Clawitzer|Aura Sphere|p2a: Scrafty
|-supereffective|p2a: Scrafty
|-damage|p2a: Scrafty|0 fnt
|faint|p2a: Scrafty
|
|upkeep
|choice||switch 3
|
|switch|p2a: Cinccino|Cinccino, M|292\/292
|turn|3
|choice|move aurasphere|move bulletseed
|
|move|p2a: Cinccino|Bullet Seed|p1a: Clawitzer
|-supereffective|p1a: Clawitzer
|-damage|p1a: Clawitzer|227\/283
|-supereffective|p1a: Clawitzer
|-damage|p1a: Clawitzer|171\/283
|-supereffective|p1a: Clawitzer
|-crit|p1a: Clawitzer
|-damage|p1a: Clawitzer|87\/283
|-supereffective|p1a: Clawitzer
|-damage|p1a: Clawitzer|37\/283
|-supereffective|p1a: Clawitzer
|-damage|p1a: Clawitzer|0 fnt
|-hitcount|p1a: Clawitzer|5
|faint|p1a: Clawitzer
|
|upkeep
|choice|switch 6|
|
|switch|p1a: Throh|Throh, M|413\/413
|turn|4
|choice|move bulkup|switch 6
|
|switch|p2a: Ariados|Ariados, F|344\/344
|move|p1a: Throh|Bulk Up|p1a: Throh
|-boost|p1a: Throh|atk|1
|-boost|p1a: Throh|def|1
|
|upkeep
|turn|5
|choice|move earthquake|move stickyweb
|
|move|p1a: Throh|Earthquake|p2a: Ariados
|-damage|p2a: Ariados|147\/344
|move|p2a: Ariados|Sticky Web|p1a: Throh
|-sidestart|p1: j_bolginaski|move: Sticky Web
|
|upkeep
|turn|6
|choice|move earthquake|move toxicspikes
|
|move|p1a: Throh|Earthquake|p2a: Ariados
|-damage|p2a: Ariados|0 fnt
|faint|p2a: Ariados
|
|upkeep
|c|★j_bolginaski|all flying type but thanks
|choice||switch 5
|
|switch|p2a: Banette|Banette, M|269\/269
|turn|7
|choice|move earthquake|move knockoff mega
|
|detailschange|p2a: Banette|Banette-Mega, M
|-mega|p2a: Banette|Banette|Banettite
|move|p2a: Banette|Knock Off|p1a: Throh
|-resisted|p1a: Throh
|-damage|p1a: Throh|376\/413
|-enditem|p1a: Throh|Leftovers|[from] move: Knock Off|[of] p2a: Banette
|move|p1a: Throh|Earthquake|p2a: Banette
|-damage|p2a: Banette|67\/269
|
|upkeep
|turn|8
|choice|move earthquake|move shadowclaw
|
|move|p2a: Banette|Shadow Claw|p1a: Throh
|-damage|p1a: Throh|294\/413
|move|p1a: Throh|Earthquake|p2a: Banette
|-damage|p2a: Banette|0 fnt
|faint|p2a: Banette
|
|upkeep
|choice||switch 4
|
|switch|p2a: Delphox|Delphox, M|354\/354
|turn|9
|choice|move earthquake|move psychic
|
|move|p2a: Delphox|Psychic|p1a: Throh
|-supereffective|p1a: Throh
|-damage|p1a: Throh|4\/413
|move|p1a: Throh|Earthquake|p2a: Delphox
|-supereffective|p2a: Delphox
|-damage|p2a: Delphox|60\/354
|
|upkeep
|turn|10
|choice|move earthquake|move psychic
|
|move|p2a: Delphox|Psychic|p1a: Throh
|-supereffective|p1a: Throh
|-damage|p1a: Throh|0 fnt
|faint|p1a: Throh
|
|upkeep
|choice|switch 3|
|
|switch|p1a: Braviary|Braviary, M|341\/341
|turn|11
|choice|move tailwind|move flamethrower
|
|move|p2a: Delphox|Flamethrower|p1a: Braviary
|-damage|p1a: Braviary|173\/341
|move|p1a: Braviary|Tailwind|p1a: Braviary
|-sidestart|p1: j_bolginaski|move: Tailwind
|
|-heal|p1a: Braviary|194\/341|[from] item: Leftovers
|upkeep
|turn|12
|choice|move crushclaw|move flamethrower
|
|move|p1a: Braviary|Crush Claw|p2a: Delphox
|-damage|p2a: Delphox|0 fnt
|faint|p2a: Delphox
|
|-heal|p1a: Braviary|215\/341|[from] item: Leftovers
|upkeep
|choice||switch 6
|
|switch|p2a: Cinccino|Cinccino, M|292\/292
|turn|13
|choice|move crushclaw|move rockblast
|
|move|p1a: Braviary|Crush Claw|p2a: Cinccino
|-damage|p2a: Cinccino|127\/292
|move|p2a: Cinccino|Rock Blast|p1a: Braviary
|-supereffective|p1a: Braviary
|-damage|p1a: Braviary|163\/341
|-supereffective|p1a: Braviary
|-damage|p1a: Braviary|111\/341
|-supereffective|p1a: Braviary
|-damage|p1a: Braviary|61\/341
|-supereffective|p1a: Braviary
|-damage|p1a: Braviary|13\/341
|-supereffective|p1a: Braviary
|-damage|p1a: Braviary|0 fnt
|-hitcount|p1a: Braviary|5
|faint|p1a: Braviary
|
|upkeep
|choice|switch 2|
|
|switch|p1a: Flygon|Flygon, F|301\/301
|turn|14
|choice|move superpower|switch 2
|
|switch|p2a: Aromatisse|Aromatisse, F|406\/406
|move|p1a: Flygon|Superpower|p2a: Aromatisse
|-resisted|p2a: Aromatisse
|-damage|p2a: Aromatisse|343\/406
|-unboost|p1a: Flygon|atk|1
|-unboost|p1a: Flygon|def|1
|
|-heal|p2a: Aromatisse|368\/406|[from] item: Leftovers
|-sideend|p1: j_bolginaski|move: Tailwind
|upkeep
|turn|15
|choice|switch 5|move moonblast
|
|switch|p1a: Rotom|Rotom-Fan|303\/303
|move|p2a: Aromatisse|Moonblast|p1a: Rotom
|-damage|p1a: Rotom|218\/303
|
|-heal|p1a: Rotom|236\/303|[from] item: Leftovers
|-heal|p2a: Aromatisse|393\/406|[from] item: Leftovers
|upkeep
|turn|16
|choice|move thunderwave|switch 2
|
|switch|p2a: Cinccino|Cinccino, M|127\/292
|move|p1a: Rotom|Thunder Wave|p2a: Cinccino
|-status|p2a: Cinccino|par
|
|-heal|p1a: Rotom|254\/303|[from] item: Leftovers
|upkeep
|turn|17
|choice|move airslash|switch 2
|
|switch|p2a: Aromatisse|Aromatisse, F|393\/406
|move|p1a: Rotom|Air Slash|p2a: Aromatisse
|-damage|p2a: Aromatisse|300\/406
|
|-heal|p1a: Rotom|272\/303|[from] item: Leftovers
|-heal|p2a: Aromatisse|325\/406|[from] item: Leftovers
|upkeep
|turn|18
|choice|move thunderwave|move healbell
|
|move|p1a: Rotom|Thunder Wave|p2a: Aromatisse
|-status|p2a: Aromatisse|par
|move|p2a: Aromatisse|Heal Bell|p2a: Aromatisse
|-activate|p2a: Aromatisse|move: Heal Bell
|-curestatus|p2a: Aromatisse|par|[msg]
|-curestatus|p2: Cinccino|par|[msg]
|
|-heal|p1a: Rotom|290\/303|[from] item: Leftovers
|-heal|p2a: Aromatisse|350\/406|[from] item: Leftovers
|upkeep
|turn|19
|choice|move thunderwave|switch 2
|
|switch|p2a: Cinccino|Cinccino, M|127\/292
|move|p1a: Rotom|Thunder Wave|p2a: Cinccino
|-status|p2a: Cinccino|par
|
|-heal|p1a: Rotom|303\/303|[from] item: Leftovers
|upkeep
|turn|20
|choice|move discharge|move rockblast
|
|move|p1a: Rotom|Discharge|p2a: Cinccino
|-damage|p2a: Cinccino|0 fnt
|faint|p2a: Cinccino
|
|upkeep
|choice||switch 2
|
|switch|p2a: Aromatisse|Aromatisse, F|350\/406
|turn|21
|choice|move thunderwave|move psyshock
|
|move|p1a: Rotom|Thunder Wave|p2a: Aromatisse
|-status|p2a: Aromatisse|par
|move|p2a: Aromatisse|Psyshock|p1a: Rotom
|-damage|p1a: Rotom|242\/303
|
|-heal|p1a: Rotom|260\/303|[from] item: Leftovers
|-heal|p2a: Aromatisse|375\/406 par|[from] item: Leftovers
|upkeep
|turn|22
|choice|move discharge|move moonblast
|
|move|p1a: Rotom|Discharge|p2a: Aromatisse
|-damage|p2a: Aromatisse|273\/406 par
|cant|p2a: Aromatisse|par
|
|-heal|p1a: Rotom|278\/303|[from] item: Leftovers
|-heal|p2a: Aromatisse|298\/406 par|[from] item: Leftovers
|upkeep
|turn|23
|choice|move discharge|move moonblast
|
|move|p1a: Rotom|Discharge|p2a: Aromatisse
|-damage|p2a: Aromatisse|207\/406 par
|move|p2a: Aromatisse|Moonblast|p1a: Rotom
|-damage|p1a: Rotom|190\/303
|
|-heal|p1a: Rotom|208\/303|[from] item: Leftovers
|-heal|p2a: Aromatisse|232\/406 par|[from] item: Leftovers
|upkeep
|turn|24
|choice|move discharge|move moonblast
|
|move|p1a: Rotom|Discharge|p2a: Aromatisse
|-damage|p2a: Aromatisse|141\/406 par
|move|p2a: Aromatisse|Moonblast|p1a: Rotom
|-damage|p1a: Rotom|124\/303
|
|-heal|p1a: Rotom|142\/303|[from] item: Leftovers
|-heal|p2a: Aromatisse|166\/406 par|[from] item: Leftovers
|upkeep
|turn|25
|choice|move airslash|move moonblast
|
|move|p1a: Rotom|Air Slash|p2a: Aromatisse
|-damage|p2a: Aromatisse|81\/406 par
|move|p2a: Aromatisse|Moonblast|p1a: Rotom
|-damage|p1a: Rotom|51\/303
|-unboost|p1a: Rotom|spa|1
|
|-heal|p1a: Rotom|69\/303|[from] item: Leftovers
|-heal|p2a: Aromatisse|106\/406 par|[from] item: Leftovers
|upkeep
|turn|26
|choice|move airslash|move moonblast
|
|move|p1a: Rotom|Air Slash|p2a: Aromatisse
|-damage|p2a: Aromatisse|40\/406 par
|move|p2a: Aromatisse|Moonblast|p1a: Rotom
|-damage|p1a: Rotom|0 fnt
|faint|p1a: Rotom
|
|-heal|p2a: Aromatisse|65\/406 par|[from] item: Leftovers
|upkeep
|choice|switch 5|
|
|switch|p1a: Flygon|Flygon, F|301\/301
|turn|27
|choice|move earthquake|move moonblast
|
|move|p1a: Flygon|Earthquake|p2a: Aromatisse
|-damage|p2a: Aromatisse|0 fnt
|faint|p2a: Aromatisse
|
|win|j_bolginaski
|player|p1
|player|p2
|c|★j_bolginaski|gg</script>
</div>
<div class="battle-log battle-log-inline"><div class="inner"><div class="battle-options"></div><div class="inner"><div class="chat"><small>j_bolginaski joined.</small></div><div class="chat"><small>SEPHIROTHFF7 joined.</small></div><div class=""><small>Format:</small> <br><strong>RU</strong></div><div class=""><small><em>Sleep Clause Mod:</em> Limit one foe put to sleep</small></div><div class=""><small><em>Species Clause:</em> Limit one of each Pokémon</small></div><div class=""><small><em>OHKO Clause:</em> OHKO moves are banned</small></div><div class=""><small><em>Moody Clause:</em> Moody is banned</small></div><div class=""><small><em>Evasion Moves Clause:</em> Evasion moves are banned</small></div><div class=""><small><em>Endless Battle Clause:</em> Forcing endless battles is banned</small></div><div class=""><small><em>HP Percentage Mod:</em> HP is shown in percentages</small></div><div class=""><small><em>Swagger Clause:</em> Swagger is banned</small></div><div class=""><small><em>Baton Pass Clause:</em> Limit one Baton Passer, can't pass Spe and other stats simultaneously</small></div><div class="chat battle-history"><strong>j_bolginaski's team:</strong> <em style="color:#445566;display:block;">Rotom-Fan / Flygon / Braviary / Clawitzer / Aerodactyl / Throh</em></div><div class="chat battle-history"><strong>SEPHIROTHFF7's team:</strong> <em style="color:#445566;display:block;">Cinccino / Aromatisse / Scrafty / Delphox / Banette / Ariados</em></div><div class="chat chatmessage-jbolginaski"><strong style="color:hsl(292,55%,44.56080365455861%)"><small>★</small><span class="username" data-name="j_bolginaski">j_bolginaski</span>:</strong> <em>same bruh ?</em></div><div class="chat chatmessage-jbolginaski"><strong style="color:hsl(292,55%,44.56080365455861%)"><small>★</small><span class="username" data-name="j_bolginaski">j_bolginaski</span>:</strong> <em>team</em></div><div class="chat chatmessage-jbolginaski"><strong style="color:hsl(292,55%,44.56080365455861%)"><small>★</small><span class="username" data-name="j_bolginaski">j_bolginaski</span>:</strong> <em>booo</em></div><div class="spacer battle-history"><br></div><div class="battle-history">Battle started between j_bolginaski and SEPHIROTHFF7!<br></div><div class="spacer battle-history"><br></div><div class="battle-history">Go! <strong>Aerodactyl</strong>!<br></div><div class="spacer battle-history"><br></div><div class="battle-history">SEPHIROTHFF7 sent out <strong>Scrafty</strong>!<br></div><div class="spacer battle-history"><br></div><h2 class="battle-history">Turn 1</h2><div class="spacer battle-history"><br></div><div class="battle-history">Aerodactyl used <strong>Aerial Ace</strong>!<br></div><div class="battle-history"><small>It's super effective!</small><br></div><div class="battle-history"><small>(The opposing Scrafty lost <abbr title="−156/334">46.7%</abbr> of its health!)</small><br></div><div class="spacer battle-history"><br></div><div class="battle-history">The opposing Scrafty used <strong>Ice Punch</strong>!<br></div><div class="battle-history"><small>It's super effective!</small><br></div><div class="battle-history"><small>A critical hit!</small><br></div><div class="battle-history"><small>(Aerodactyl lost <abbr title="−301/301">100%</abbr> of its health!)</small><br></div><div class="battle-history"><small>The opposing Scrafty lost some of its HP!</small><br></div><div class="spacer battle-history"><br></div><div class="battle-history">Aerodactyl fainted!<br></div><div class="spacer battle-history"><br></div><div class="battle-history">Go! <strong>Clawitzer</strong>!<br></div><div class="spacer battle-history"><br></div><h2 class="battle-history">Turn 2</h2><div class="spacer battle-history"><br></div><div class="battle-history">Clawitzer used <strong>Aura Sphere</strong>!<br></div><div class="battle-history"><small>It's super effective!</small><br></div><div class="battle-history"><small>(The opposing Scrafty lost <abbr title="−145/334">43.4%</abbr> of its health!)</small><br></div><div class="spacer battle-history"><br></div><div class="battle-history">The opposing Scrafty fainted!<br></div><div class="spacer battle-history"><br></div><div class="battle-history">SEPHIROTHFF7 sent out <strong>Cinccino</strong>!<br></div><div class="spacer battle-history"><br></div><h2 class="battle-history">Turn 3</h2><div class="spacer battle-history"><br></div><div class="battle-history">The opposing Cinccino used <strong>Bullet Seed</strong>!<br></div><div class="battle-history"><small>It's super effective!</small><br></div><div class="battle-history"><small>(Clawitzer lost <abbr title="−56/283">19.8%</abbr> of its health!)</small><br></div><div class="battle-history"><small>It's super effective!</small><br></div><div class="battle-history"><small>(Clawitzer lost <abbr title="−56/283">19.8%</abbr> of its health!)</small><br></div><div class="battle-history"><small>It's super effective!</small><br></div><div class="battle-history"><small>A critical hit!</small><br></div><div class="battle-history"><small>(Clawitzer lost <abbr title="−84/283">29.7%</abbr> of its health!)</small><br></div><div class="battle-history"><small>It's super effective!</small><br></div><div class="battle-history"><small>(Clawitzer lost <abbr title="−50/283">17.7%</abbr> of its health!)</small><br></div><div class="battle-history"><small>It's super effective!</small><br></div><div class="battle-history"><small>(Clawitzer lost <abbr title="−37/283">13.1%</abbr> of its health!)</small><br></div><div class="battle-history"><small>Hit 5 times!</small><br></div><div class="spacer battle-history"><br></div><div class="battle-history">Clawitzer fainted!<br></div><div class="spacer battle-history"><br></div><div class="battle-history">Go! <strong>Throh</strong>!<br></div><div class="spacer battle-history"><br></div><h2 class="battle-history">Turn 4</h2><div class="spacer battle-history"><br></div><div class="battle-history">SEPHIROTHFF7 withdrew Cinccino!<br></div><div class="battle-history">SEPHIROTHFF7 sent out <strong>Ariados</strong>!<br></div><div class="spacer battle-history"><br></div><div class="battle-history">Throh used <strong>Bulk Up</strong>!<br></div><div class="battle-history"><small>Throh's Attack rose!</small><br></div><div class="battle-history"><small>Throh's Defense rose!</small><br></div><div class="spacer battle-history"><br></div><h2 class="battle-history">Turn 5</h2><div class="spacer battle-history"><br></div><div class="battle-history">Throh used <strong>Earthquake</strong>!<br></div><div class="battle-history"><small>(The opposing Ariados lost <abbr title="−197/344">57.3%</abbr> of its health!)</small><br></div><div class="spacer battle-history"><br></div><div class="battle-history">The opposing Ariados used <strong>Sticky Web</strong>!<br></div><div class="battle-history"><small>A sticky web spreads out on the ground around your team!</small><br></div><div class="spacer battle-history"><br></div><h2 class="battle-history">Turn 6</h2><div class="spacer battle-history"><br></div><div class="battle-history">Throh used <strong>Earthquake</strong>!<br></div><div class="battle-history"><small>(The opposing Ariados lost <abbr title="−147/344">42.7%</abbr> of its health!)</small><br></div><div class="spacer battle-history"><br></div><div class="battle-history">The opposing Ariados fainted!<br></div><div class="chat chatmessage-jbolginaski"><strong style="color:hsl(292,55%,44.56080365455861%)"><small>★</small><span class="username" data-name="j_bolginaski">j_bolginaski</span>:</strong> <em>all flying type but thanks</em></div><div class="spacer battle-history"><br></div><div class="battle-history">SEPHIROTHFF7 sent out <strong>Banette</strong>!<br></div><div class="spacer battle-history"><br></div><h2 class="battle-history">Turn 7</h2><div class="spacer battle-history"><br></div><div class="battle-history"><small>The opposing Banette's Banettite is reacting to SEPHIROTHFF7's Mega Bracelet!</small><br>The opposing Banette has Mega Evolved into Mega Banette!<br></div><div class="spacer battle-history"><br></div><div class="battle-history">The opposing Banette used <strong>Knock Off</strong>!<br></div><div class="battle-history"><small>It's not very effective...</small><br></div><div class="battle-history"><small>(Throh lost <abbr title="−37/413">9.0%</abbr> of its health!)</small><br></div><div class="battle-history"><small>The opposing Banette knocked off Throh's Leftovers!</small><br></div><div class="spacer battle-history"><br></div><div class="battle-history">Throh used <strong>Earthquake</strong>!<br></div><div class="battle-history"><small>(The opposing Banette lost <abbr title="−202/269">75.1%</abbr> of its health!)</small><br></div><div class="spacer battle-history"><br></div><h2 class="battle-history">Turn 8</h2><div class="spacer battle-history"><br></div><div class="battle-history">The opposing Banette used <strong>Shadow Claw</strong>!<br></div><div class="battle-history"><small>(Throh lost <abbr title="−82/413">19.9%</abbr> of its health!)</small><br></div><div class="spacer battle-history"><br></div><div class="battle-history">Throh used <strong>Earthquake</strong>!<br></div><div class="battle-history"><small>(The opposing Banette lost <abbr title="−67/269">24.9%</abbr> of its health!)</small><br></div><div class="spacer battle-history"><br></div><div class="battle-history">The opposing Banette fainted!<br></div><div class="spacer battle-history"><br></div><div class="battle-history">SEPHIROTHFF7 sent out <strong>Delphox</strong>!<br></div><div class="spacer battle-history"><br></div><h2 class="battle-history">Turn 9</h2><div class="spacer battle-history"><br></div><div class="battle-history">The opposing Delphox used <strong>Psychic</strong>!<br></div><div class="battle-history"><small>It's super effective!</small><br></div><div class="battle-history"><small>(Throh lost <abbr title="−290/413">70.2%</abbr> of its health!)</small><br></div><div class="spacer battle-history"><br></div><div class="battle-history">Throh used <strong>Earthquake</strong>!<br></div><div class="battle-history"><small>It's super effective!</small><br></div><div class="battle-history"><small>(The opposing Delphox lost <abbr title="−294/354">83.1%</abbr> of its health!)</small><br></div><div class="spacer battle-history"><br></div><h2 class="battle-history">Turn 10</h2><div class="spacer battle-history"><br></div><div class="battle-history">The opposing Delphox used <strong>Psychic</strong>!<br></div><div class="battle-history"><small>It's super effective!</small><br></div><div class="battle-history"><small>(Throh lost <abbr title="−4/413">1.0%</abbr> of its health!)</small><br></div><div class="spacer battle-history"><br></div><div class="battle-history">Throh fainted!<br></div><div class="spacer battle-history"><br></div><div class="battle-history">Go! <strong>Braviary</strong>!<br></div><div class="spacer battle-history"><br></div><h2 class="battle-history">Turn 11</h2><div class="spacer battle-history"><br></div><div class="battle-history">The opposing Delphox used <strong>Flamethrower</strong>!<br></div><div class="battle-history"><small>(Braviary lost <abbr title="−168/341">49.3%</abbr> of its health!)</small><br></div><div class="spacer battle-history"><br></div><div class="battle-history">Braviary used <strong>Tailwind</strong>!<br></div><div class="battle-history"><small>The Tailwind blew from behind your team!</small><br></div><div class="spacer battle-history"><br></div><div class="battle-history"><small>Braviary restored a little HP using its Leftovers!</small><br></div><div class="spacer battle-history"><br></div><h2 class="battle-history">Turn 12</h2><div class="spacer battle-history"><br></div><div class="battle-history">Braviary used <strong>Crush Claw</strong>!<br></div><div class="battle-history"><small>(The opposing Delphox lost <abbr title="−60/354">16.9%</abbr> of its health!)</small><br></div><div class="spacer battle-history"><br></div><div class="battle-history">The opposing Delphox fainted!<br></div><div class="spacer battle-history"><br></div><div class="battle-history"><small>Braviary restored a little HP using its Leftovers!</small><br></div><div class="spacer battle-history"><br></div><div class="battle-history">SEPHIROTHFF7 sent out <strong>Cinccino</strong>!<br></div><div class="spacer battle-history"><br></div><h2 class="battle-history">Turn 13</h2><div class="spacer battle-history"><br></div><div class="battle-history">Braviary used <strong>Crush Claw</strong>!<br></div><div class="battle-history"><small>(The opposing Cinccino lost <abbr title="−165/292">56.5%</abbr> of its health!)</small><br></div><div class="spacer battle-history"><br></div><div class="battle-history">The opposing Cinccino used <strong>Rock Blast</strong>!<br></div><div class="battle-history"><small>It's super effective!</small><br></div><div class="battle-history"><small>(Braviary lost <abbr title="−52/341">15.2%</abbr> of its health!)</small><br></div><div class="battle-history"><small>It's super effective!</small><br></div><div class="battle-history"><small>(Braviary lost <abbr title="−52/341">15.2%</abbr> of its health!)</small><br></div><div class="battle-history"><small>It's super effective!</small><br></div><div class="battle-history"><small>(Braviary lost <abbr title="−50/341">14.7%</abbr> of its health!)</small><br></div><div class="battle-history"><small>It's super effective!</small><br></div><div class="battle-history"><small>(Braviary lost <abbr title="−48/341">14.1%</abbr> of its health!)</small><br></div><div class="battle-history"><small>It's super effective!</small><br></div><div class="battle-history"><small>(Braviary lost <abbr title="−13/341">3.8%</abbr> of its health!)</small><br></div><div class="battle-history"><small>Hit 5 times!</small><br></div><div class="spacer battle-history"><br></div><div class="battle-history">Braviary fainted!<br></div><div class="spacer battle-history"><br></div><div class="battle-history">Go! <strong>Flygon</strong>!<br></div><div class="spacer battle-history"><br></div><h2 class="battle-history">Turn 14</h2><div class="spacer battle-history"><br></div><div class="battle-history">SEPHIROTHFF7 withdrew Cinccino!<br></div><div class="battle-history">SEPHIROTHFF7 sent out <strong>Aromatisse</strong>!<br></div><div class="spacer battle-history"><br></div><div class="battle-history">Flygon used <strong>Superpower</strong>!<br></div><div class="battle-history"><small>It's not very effective...</small><br></div><div class="battle-history"><small>(The opposing Aromatisse lost <abbr title="−63/406">15.5%</abbr> of its health!)</small><br></div><div class="battle-history"><small>Flygon's Attack fell!</small><br></div><div class="battle-history"><small>Flygon's Defense fell!</small><br></div><div class="spacer battle-history"><br></div><div class="battle-history"><small>The opposing Aromatisse restored a little HP using its Leftovers!</small><br></div><div class="battle-history"><small>Your team's Tailwind petered out!</small><br></div><div class="spacer battle-history"><br></div><h2 class="battle-history">Turn 15</h2><div class="spacer battle-history"><br></div><div class="battle-history">Flygon, come back!<br></div><div class="battle-history">Go! Rotom (<strong>Rotom-Fan</strong>)!<br></div><div class="spacer battle-history"><br></div><div class="battle-history">The opposing Aromatisse used <strong>Moonblast</strong>!<br></div><div class="battle-history"><small>(Rotom lost <abbr title="−85/303">28.1%</abbr> of its health!)</small><br></div><div class="spacer battle-history"><br></div><div class="battle-history"><small>Rotom restored a little HP using its Leftovers!</small><br></div><div class="battle-history"><small>The opposing Aromatisse restored a little HP using its Leftovers!</small><br></div><div class="spacer battle-history"><br></div><h2 class="battle-history">Turn 16</h2><div class="spacer battle-history"><br></div><div class="battle-history">SEPHIROTHFF7 withdrew Aromatisse!<br></div><div class="battle-history">SEPHIROTHFF7 sent out <strong>Cinccino</strong>!<br></div><div class="spacer battle-history"><br></div><div class="battle-history">Rotom used <strong>Thunder Wave</strong>!<br></div><div class="battle-history"><small>The opposing Cinccino is paralyzed! It may be unable to move!</small><br></div><div class="spacer battle-history"><br></div><div class="battle-history"><small>Rotom restored a little HP using its Leftovers!</small><br></div><div class="spacer battle-history"><br></div><h2 class="battle-history">Turn 17</h2><div class="spacer battle-history"><br></div><div class="battle-history">SEPHIROTHFF7 withdrew Cinccino!<br></div><div class="battle-history">SEPHIROTHFF7 sent out <strong>Aromatisse</strong>!<br></div><div class="spacer battle-history"><br></div><div class="battle-history">Rotom used <strong>Air Slash</strong>!<br></div><div class="battle-history"><small>(The opposing Aromatisse lost <abbr title="−93/406">22.9%</abbr> of its health!)</small><br></div><div class="spacer battle-history"><br></div><div class="battle-history"><small>Rotom restored a little HP using its Leftovers!</small><br></div><div class="battle-history"><small>The opposing Aromatisse restored a little HP using its Leftovers!</small><br></div><div class="spacer battle-history"><br></div><h2 class="battle-history">Turn 18</h2><div class="spacer battle-history"><br></div><div class="battle-history">Rotom used <strong>Thunder Wave</strong>!<br></div><div class="battle-history"><small>The opposing Aromatisse is paralyzed! It may be unable to move!</small><br></div><div class="spacer battle-history"><br></div><div class="battle-history">The opposing Aromatisse used <strong>Heal Bell</strong>!<br></div><div class="battle-history"><small>A bell chimed!</small><br></div><div class="battle-history"><small>The opposing Aromatisse was cured of paralysis.</small><br></div><div class="battle-history"><small>The opposing Cinccino was cured of paralysis.</small><br></div><div class="spacer battle-history"><br></div><div class="battle-history"><small>Rotom restored a little HP using its Leftovers!</small><br></div><div class="battle-history"><small>The opposing Aromatisse restored a little HP using its Leftovers!</small><br></div><div class="spacer battle-history"><br></div><h2 class="battle-history">Turn 19</h2><div class="spacer battle-history"><br></div><div class="battle-history">SEPHIROTHFF7 withdrew Aromatisse!<br></div><div class="battle-history">SEPHIROTHFF7 sent out <strong>Cinccino</strong>!<br></div><div class="spacer battle-history"><br></div><div class="battle-history">Rotom used <strong>Thunder Wave</strong>!<br></div><div class="battle-history"><small>The opposing Cinccino is paralyzed! It may be unable to move!</small><br></div><div class="spacer battle-history"><br></div><div class="battle-history"><small>Rotom restored a little HP using its Leftovers!</small><br></div><div class="spacer battle-history"><br></div><h2 class="battle-history">Turn 20</h2><div class="spacer battle-history"><br></div><div class="battle-history">Rotom used <strong>Discharge</strong>!<br></div><div class="battle-history"><small>(The opposing Cinccino lost <abbr title="−127/292">43.5%</abbr> of its health!)</small><br></div><div class="spacer battle-history"><br></div><div class="battle-history">The opposing Cinccino fainted!<br></div><div class="spacer battle-history"><br></div><div class="battle-history">SEPHIROTHFF7 sent out <strong>Aromatisse</strong>!<br></div><div class="spacer battle-history"><br></div><h2 class="battle-history">Turn 21</h2><div class="spacer battle-history"><br></div><div class="battle-history">Rotom used <strong>Thunder Wave</strong>!<br></div><div class="battle-history"><small>The opposing Aromatisse is paralyzed! It may be unable to move!</small><br></div><div class="spacer battle-history"><br></div><div class="battle-history">The opposing Aromatisse used <strong>Psyshock</strong>!<br></div><div class="battle-history"><small>(Rotom lost <abbr title="−61/303">20.1%</abbr> of its health!)</small><br></div><div class="spacer battle-history"><br></div><div class="battle-history"><small>Rotom restored a little HP using its Leftovers!</small><br></div><div class="battle-history"><small>The opposing Aromatisse restored a little HP using its Leftovers!</small><br></div><div class="spacer battle-history"><br></div><h2 class="battle-history">Turn 22</h2><div class="spacer battle-history"><br></div><div class="battle-history">Rotom used <strong>Discharge</strong>!<br></div><div class="battle-history"><small>(The opposing Aromatisse lost <abbr title="−102/406">25.1%</abbr> of its health!)</small><br></div><div class="spacer battle-history"><br></div><div class="battle-history">The opposing Aromatisse is paralyzed! It can't move!<br></div><div class="spacer battle-history"><br></div><div class="battle-history"><small>Rotom restored a little HP using its Leftovers!</small><br></div><div class="battle-history"><small>The opposing Aromatisse restored a little HP using its Leftovers!</small><br></div><div class="spacer battle-history"><br></div><h2 class="battle-history">Turn 23</h2><div class="spacer battle-history"><br></div><div class="battle-history">Rotom used <strong>Discharge</strong>!<br></div><div class="battle-history"><small>(The opposing Aromatisse lost <abbr title="−91/406">22.4%</abbr> of its health!)</small><br></div><div class="spacer battle-history"><br></div><div class="battle-history">The opposing Aromatisse used <strong>Moonblast</strong>!<br></div><div class="battle-history"><small>(Rotom lost <abbr title="−88/303">29.0%</abbr> of its health!)</small><br></div><div class="spacer battle-history"><br></div><div class="battle-history"><small>Rotom restored a little HP using its Leftovers!</small><br></div><div class="battle-history"><small>The opposing Aromatisse restored a little HP using its Leftovers!</small><br></div><div class="spacer battle-history"><br></div><h2 class="battle-history">Turn 24</h2><div class="spacer battle-history"><br></div><div class="battle-history">Rotom used <strong>Discharge</strong>!<br></div><div class="battle-history"><small>(The opposing Aromatisse lost <abbr title="−91/406">22.4%</abbr> of its health!)</small><br></div><div class="spacer battle-history"><br></div><div class="battle-history">The opposing Aromatisse used <strong>Moonblast</strong>!<br></div><div class="battle-history"><small>(Rotom lost <abbr title="−84/303">27.7%</abbr> of its health!)</small><br></div><div class="spacer battle-history"><br></div><div class="battle-history"><small>Rotom restored a little HP using its Leftovers!</small><br></div><div class="battle-history"><small>The opposing Aromatisse restored a little HP using its Leftovers!</small><br></div><div class="spacer battle-history"><br></div><h2 class="battle-history">Turn 25</h2><div class="spacer battle-history"><br></div><div class="battle-history">Rotom used <strong>Air Slash</strong>!<br></div><div class="battle-history"><small>(The opposing Aromatisse lost <abbr title="−85/406">20.9%</abbr> of its health!)</small><br></div><div class="spacer battle-history"><br></div><div class="battle-history">The opposing Aromatisse used <strong>Moonblast</strong>!<br></div><div class="battle-history"><small>(Rotom lost <abbr title="−91/303">30.0%</abbr> of its health!)</small><br></div><div class="battle-history"><small>Rotom's Special Attack fell!</small><br></div><div class="spacer battle-history"><br></div><div class="battle-history"><small>Rotom restored a little HP using its Leftovers!</small><br></div><div class="battle-history"><small>The opposing Aromatisse restored a little HP using its Leftovers!</small><br></div><div class="spacer battle-history"><br></div><h2 class="battle-history">Turn 26</h2><div class="spacer battle-history"><br></div><div class="battle-history">Rotom used <strong>Air Slash</strong>!<br></div><div class="battle-history"><small>(The opposing Aromatisse lost <abbr title="−66/406">16.3%</abbr> of its health!)</small><br></div><div class="spacer battle-history"><br></div><div class="battle-history">The opposing Aromatisse used <strong>Moonblast</strong>!<br></div><div class="battle-history"><small>(Rotom lost <abbr title="−69/303">22.8%</abbr> of its health!)</small><br></div><div class="spacer battle-history"><br></div><div class="battle-history">Rotom fainted!<br></div><div class="spacer battle-history"><br></div><div class="battle-history"><small>The opposing Aromatisse restored a little HP using its Leftovers!</small><br></div><div class="spacer battle-history"><br></div><div class="battle-history">Go! <strong>Flygon</strong>!<br></div><div class="spacer battle-history"><br></div><h2 class="battle-history">Turn 27</h2><div class="spacer battle-history"><br></div><div class="battle-history">Flygon used <strong>Earthquake</strong>!<br></div><div class="battle-history"><small>(The opposing Aromatisse lost <abbr title="−65/406">16.0%</abbr> of its health!)</small><br></div><div class="spacer battle-history"><br></div><div class="battle-history">The opposing Aromatisse fainted!<br></div><div class="spacer battle-history"><br></div><div class="battle-history"><strong>j_bolginaski</strong> won the battle!<br></div><div class="chat chatmessage-jbolginaski"><strong style="color:hsl(292,55%,44.56080365455861%)"><small>★</small><span class="username" data-name="j_bolginaski">j_bolginaski</span>:</strong> <em>gg</em></div></div><div class="inner-preempt"></div></div></div>
</div>
<script>
let daily = Math.floor(Date.now()/1000/60/60/24);document.write('<script src="https://play.pokemonshowdown.com/js/replay-embed.js?version'+daily+'"></'+'script>');
</script>
