<!DOCTYPE html>
<meta charset="utf-8" />
<!-- version 1 -->
<title>RU replay: ZoroDark vs. inherent vice</title>
<style>
html,body {font-family:Verdana, sans-serif;font-size:10pt;margin:0;padding:0;}body{padding:12px 0;} .battle-log {font-family:Verdana, sans-serif;font-size:10pt;} .battle-log-inline {border:1px solid #AAAAAA;background:#EEF2F5;color:black;max-width:640px;margin:0 auto 80px;padding-bottom:5px;} .battle-log .inner {padding:4px 8px 0px 8px;} .battle-log .inner-preempt {padding:0 8px 4px 8px;} .battle-log .inner-after {margin-top:0.5em;} .battle-log h2 {margin:0.5em -8px;padding:4px 8px;border:1px solid #AAAAAA;background:#E0E7EA;border-left:0;border-right:0;font-family:Verdana, sans-serif;font-size:13pt;} .battle-log .chat {vertical-align:middle;padding:3px 0 3px 0;font-size:8pt;} .battle-log .chat strong {color:#40576A;} .battle-log .chat em {padding:1px 4px 1px 3px;color:#000000;font-style:normal;} .chat.mine {background:rgba(0,0,0,0.05);margin-left:-8px;margin-right:-8px;padding-left:8px;padding-right:8px;} .spoiler {color:#BBBBBB;background:#BBBBBB;padding:0px 3px;} .spoiler:hover, .spoiler:active, .spoiler-shown {color:#000000;background:#E2E2E2;padding:0px 3px;} .spoiler a {color:#BBBBBB;} .spoiler:hover a, .spoiler:active a, .spoiler-shown a {color:#2288CC;} .chat code, .chat .spoiler:hover code, .chat .spoiler:active code, .chat .spoiler-shown code {border:1px solid #C0C0C0;background:#EEEEEE;color:black;padding:0 2px;} .chat .spoiler code {border:1px solid #CCCCCC;background:#CCCCCC;color:#CCCCCC;} .battle-log .rated {padding:3px 4px;} .battle-log .rated strong {color:white;background:#89A;padding:1px 4px;border-radius:4px;} .spacer {margin-top:0.5em;} .message-announce {background:#6688AA;color:white;padding:1px 4px 2px;} .message-announce a, .broadcast-green a, .broadcast-blue a, .broadcast-red a {color:#DDEEFF;} .broadcast-green {background-color:#559955;color:white;padding:2px 4px;} .broadcast-blue {background-color:#6688AA;color:white;padding:2px 4px;} .infobox {border:1px solid #6688AA;padding:2px 4px;} .infobox-limited {max-height:200px;overflow:auto;overflow-x:hidden;} .broadcast-red {background-color:#AA5544;color:white;padding:2px 4px;} .message-learn-canlearn {font-weight:bold;color:#228822;text-decoration:underline;} .message-learn-cannotlearn {font-weight:bold;color:#CC2222;text-decoration:underline;} .message-effect-weak {font-weight:bold;color:#CC2222;} .message-effect-resist {font-weight:bold;color:#6688AA;} .message-effect-immune {font-weight:bold;color:#666666;} .message-learn-list {margin-top:0;margin-bottom:0;} .message-throttle-notice, .message-error {color:#992222;} .message-overflow, .chat small.message-overflow {font-size:0pt;} .message-overflow::before {font-size:9pt;content:'...';} .subtle {color:#3A4A66;}
</style>
<div class="wrapper replay-wrapper" style="max-width:1180px;margin:0 auto">
<input type="hidden" name="replayid" value="ru-596509082" />
<div class="battle"></div><div class="battle-log"></div><div class="replay-controls"></div><div class="replay-controls-2"></div>
<h1 style="font-weight:normal;text-align:center"><strong>RU</strong><br /><a href="http://pokemonshowdown.com/users/zorodark" class="subtle" target="_blank">ZoroDark</a> vs. <a href="http://pokemonshowdown.com/users/inherentvice" class="subtle" target="_blank">inherent vice</a></h1>
<script type="text/plain" class="battle-log-data">|j|ZoroDark
|j|inherent vice
|player|p1|ZoroDark|175
|teamsize|p1|6
|player|p2|inherent vice|73
|teamsize|p2|6
|gametype|singles
|gen|6
|tier|RU
|seed|27628,22682,16048,10162
|rule|Sleep Clause Mod: Limit one foe put to sleep
|rule|Species Clause: Limit one of each Pokémon
|rule|OHKO Clause: OHKO moves are banned
|rule|Moody Clause: Moody is banned
|rule|Evasion Moves Clause: Evasion moves are banned
|rule|Endless Battle Clause: Forcing endless battles is banned
|rule|HP Percentage Mod: HP is shown in percentages
|clearpoke
|poke|p1|Flygon, F|item
|poke|p1|Registeel|item
|poke|p1|Venusaur, F|item
|poke|p1|Alomomola, M|item
|poke|p1|Medicham, F|item
|poke|p1|Drapion, M|item
|poke|p2|Scrafty, M|item
|poke|p2|Camerupt, M, shiny|item
|poke|p2|Jellicent, M|item
|poke|p2|Xatu, F|item
|poke|p2|Escavalier, M|item
|poke|p2|Venusaur, M|item
|rule|Swagger Clause: Swagger is banned
|rule|Baton Pass Clause: Limit one Baton Passer, can't pass Spe and other stats simultaneously
|teampreview
|c|☆ZoroDark|hf
|c|☆inherent vice|hf man
|j|eifo
|j|Dark♥Dreamerr♥Luna
|j|h_t
|j|spookysocialist
|choice|team 1, team 2, team 3, team 4, team 5, team 6|team 1, team 2, team 3, team 4, team 5, team 6
|
|start
|switch|p1a: Flygon|Flygon, F|301\/301
|switch|p2a: CRYING OF LOT 49|Scrafty, M|273\/273
|turn|1
|l|Dark♥Dreamerr♥Luna
|choice|move earthquake|move knockoff
|
|move|p1a: Flygon|Earthquake|p2a: CRYING OF LOT 49
|-damage|p2a: CRYING OF LOT 49|86\/273
|move|p2a: CRYING OF LOT 49|Knock Off|p1a: Flygon
|-damage|p1a: Flygon|144\/301
|-enditem|p1a: Flygon|Choice Band|[from] move: Knock Off|[of] p2a: CRYING OF LOT 49
|
|-heal|p2a: CRYING OF LOT 49|103\/273|[from] item: Leftovers
|upkeep
|turn|2
|j|Mr. Aldo
|choice|move uturn|switch 4
|
|switch|p2a: GRAVITY'S RAINBOW|Xatu, F|333\/333
|move|p1a: Flygon|U-turn|p2a: GRAVITY'S RAINBOW
|-damage|p2a: GRAVITY'S RAINBOW|270\/333
|-damage|p1a: Flygon|94\/301|[from] item: Rocky Helmet|[of] p2a: GRAVITY'S RAINBOW
|choice|switch 6|
|
|switch|p1a: Drapion|Drapion, M|281\/281
|
|upkeep
|turn|3
|choice|move knockoff|switch 2
|
|switch|p2a: MASON & DIXON|Camerupt, M, shiny|343\/343
|move|p1a: Drapion|Knock Off|p2a: MASON & DIXON
|-crit|p2a: MASON & DIXON
|-damage|p2a: MASON & DIXON|87\/343
|
|upkeep
|turn|4
|c|☆inherent vice|no
|j|Feliburn
|choice|move knockoff|switch 6
|
|switch|p2a: VINELAND|Venusaur, M|363\/363
|move|p1a: Drapion|Knock Off|p2a: VINELAND
|-damage|p2a: VINELAND|254\/363
|-enditem|p2a: VINELAND|Black Sludge|[from] move: Knock Off|[of] p1a: Drapion
|
|upkeep
|turn|5
|c| eifo|:bop:
|j|Tzop
|choice|switch 3|move leechseed
|
|switch|p1a: Venusaur|Venusaur, F|301\/301
|move|p2a: VINELAND|Leech Seed|p1a: Venusaur
|-immune|p1a: Venusaur|[msg]
|
|upkeep
|turn|6
|choice|move sludgebomb|switch 5
|
|switch|p2a: V.|Escavalier, M|343\/343
|move|p1a: Venusaur|Sludge Bomb|p2a: V.
|-immune|p2a: V.|[msg]
|
|upkeep
|turn|7
|choice|switch 4|move megahorn
|
|switch|p1a: Alomomola|Alomomola, M|501\/501
|move|p2a: V.|Megahorn|p1a: Alomomola
|-damage|p1a: Alomomola|323\/501
|
|-heal|p1a: Alomomola|354\/501|[from] item: Leftovers
|upkeep
|turn|8
|choice|switch 2|move swordsdance
|
|switch|p1a: Registeel|Registeel|363\/363
|move|p2a: V.|Swords Dance|p2a: V.
|-boost|p2a: V.|atk|2
|
|upkeep
|turn|9
|choice|move seismictoss|switch 2
|
|switch|p2a: GRAVITY'S RAINBOW|Xatu, F|270\/333
|move|p1a: Registeel|Seismic Toss|p2a: GRAVITY'S RAINBOW
|-damage|p2a: GRAVITY'S RAINBOW|170\/333
|-damage|p1a: Registeel|303\/363|[from] item: Rocky Helmet|[of] p2a: GRAVITY'S RAINBOW
|
|-heal|p1a: Registeel|325\/363|[from] item: Leftovers
|upkeep
|turn|10
|choice|switch 3|move uturn
|
|switch|p1a: Drapion|Drapion, M|281\/281
|move|p2a: GRAVITY'S RAINBOW|U-turn|p1a: Drapion
|-damage|p1a: Drapion|239\/281
|choice||switch 4
|
|switch|p2a: CRYING OF LOT 49|Scrafty, M|103\/273
|
|-heal|p2a: CRYING OF LOT 49|120\/273|[from] item: Leftovers
|upkeep
|turn|11
|choice|move swordsdance|switch 2
|
|switch|p2a: V.|Escavalier, M|343\/343
|move|p1a: Drapion|Swords Dance|p1a: Drapion
|-boost|p1a: Drapion|atk|2
|
|upkeep
|turn|12
|choice|move knockoff|move megahorn
|
|move|p1a: Drapion|Knock Off|p2a: V.
|-damage|p2a: V.|87\/343
|-enditem|p2a: V.|Leftovers|[from] move: Knock Off|[of] p1a: Drapion
|move|p2a: V.|Megahorn|p1a: Drapion
|-damage|p1a: Drapion|59\/281
|
|upkeep
|turn|13
|choice|move knockoff|switch 6
|
|switch|p2a: MASON & DIXON|Camerupt, M, shiny|87\/343
|move|p1a: Drapion|Knock Off|p2a: MASON & DIXON
|-damage|p2a: MASON & DIXON|0 fnt
|faint|p2a: MASON & DIXON
|
|upkeep
|choice||switch 3
|
|switch|p2a: BLEEDING EDGE|Jellicent, M|404\/404
|turn|14
|choice|move knockoff|move scald
|
|move|p1a: Drapion|Knock Off|p2a: BLEEDING EDGE
|-supereffective|p2a: BLEEDING EDGE
|-enditem|p2a: BLEEDING EDGE|Colbur Berry|[eat]
|-enditem|p2a: BLEEDING EDGE|Colbur Berry|[weaken]
|-damage|p2a: BLEEDING EDGE|113\/404
|move|p2a: BLEEDING EDGE|Scald|p1a: Drapion
|-damage|p1a: Drapion|0 fnt
|faint|p1a: Drapion
|
|upkeep
|choice|switch 4|
|
|switch|p1a: Venusaur|Venusaur, F|301\/301
|turn|15
|choice|move knockoff|switch 6
|
|switch|p2a: V.|Escavalier, M|87\/343
|move|p1a: Venusaur|Knock Off|p2a: V.
|-damage|p2a: V.|36\/343
|-damage|p1a: Venusaur|271\/301|[from] item: Life Orb
|
|upkeep
|turn|16
|choice|move knockoff|switch 5
|
|switch|p2a: VINELAND|Venusaur, M|254\/363
|move|p1a: Venusaur|Knock Off|p2a: VINELAND
|-damage|p2a: VINELAND|212\/363
|-damage|p1a: Venusaur|241\/301|[from] item: Life Orb
|
|upkeep
|turn|17
|choice|move sludgebomb|move synthesis
|
|move|p1a: Venusaur|Sludge Bomb|p2a: VINELAND
|-damage|p2a: VINELAND|25\/363
|-damage|p1a: Venusaur|211\/301|[from] item: Life Orb
|move|p2a: VINELAND|Synthesis|p2a: VINELAND
|-heal|p2a: VINELAND|206\/363
|
|upkeep
|turn|18
|choice|move sludgebomb|move synthesis
|
|move|p1a: Venusaur|Sludge Bomb|p2a: VINELAND
|-damage|p2a: VINELAND|49\/363
|-damage|p1a: Venusaur|181\/301|[from] item: Life Orb
|move|p2a: VINELAND|Synthesis|p2a: VINELAND
|-heal|p2a: VINELAND|230\/363
|
|upkeep
|turn|19
|c|☆ZoroDark|wild rolls
|choice|move sludgebomb|move synthesis
|
|move|p1a: Venusaur|Sludge Bomb|p2a: VINELAND
|-damage|p2a: VINELAND|57\/363
|-damage|p1a: Venusaur|151\/301|[from] item: Life Orb
|move|p2a: VINELAND|Synthesis|p2a: VINELAND
|-heal|p2a: VINELAND|238\/363
|
|upkeep
|turn|20
|choice|move synthesis|move synthesis
|
|move|p1a: Venusaur|Synthesis|p1a: Venusaur
|-heal|p1a: Venusaur|301\/301
|move|p2a: VINELAND|Synthesis|p2a: VINELAND
|-heal|p2a: VINELAND|363\/363
|
|upkeep
|turn|21
|choice|move sludgebomb|move sludgebomb
|
|move|p1a: Venusaur|Sludge Bomb|p2a: VINELAND
|-damage|p2a: VINELAND|194\/363
|-damage|p1a: Venusaur|271\/301|[from] item: Life Orb
|move|p2a: VINELAND|Sludge Bomb|p1a: Venusaur
|-damage|p1a: Venusaur|165\/301
|
|upkeep
|turn|22
|choice|move sludgebomb|move sludgebomb
|
|move|p1a: Venusaur|Sludge Bomb|p2a: VINELAND
|-damage|p2a: VINELAND|29\/363
|-damage|p1a: Venusaur|135\/301|[from] item: Life Orb
|move|p2a: VINELAND|Sludge Bomb|p1a: Venusaur
|-damage|p1a: Venusaur|18\/301
|
|upkeep
|turn|23
|c|%Mr. Aldo|life orb knock off venu
|c|%Mr. Aldo|ah, good set
|choice|move synthesis|move synthesis
|
|move|p1a: Venusaur|Synthesis|p1a: Venusaur
|-heal|p1a: Venusaur|168\/301
|move|p2a: VINELAND|Synthesis|p2a: VINELAND
|-heal|p2a: VINELAND|210\/363
|
|upkeep
|turn|24
|choice|move sludgebomb|move sludgebomb
|
|move|p1a: Venusaur|Sludge Bomb|p2a: VINELAND
|-damage|p2a: VINELAND|33\/363
|-damage|p1a: Venusaur|138\/301|[from] item: Life Orb
|move|p2a: VINELAND|Sludge Bomb|p1a: Venusaur
|-damage|p1a: Venusaur|32\/301
|
|upkeep
|turn|25
|choice|move synthesis|move sludgebomb
|
|move|p1a: Venusaur|Synthesis|p1a: Venusaur
|-heal|p1a: Venusaur|182\/301
|move|p2a: VINELAND|Sludge Bomb|p1a: Venusaur
|-damage|p1a: Venusaur|79\/301
|
|upkeep
|turn|26
|choice|move sludgebomb|move synthesis
|
|move|p1a: Venusaur|Sludge Bomb|p2a: VINELAND
|-damage|p2a: VINELAND|0 fnt
|-damage|p1a: Venusaur|49\/301|[from] item: Life Orb
|faint|p2a: VINELAND
|
|upkeep
|choice||switch 2
|
|switch|p2a: CRYING OF LOT 49|Scrafty, M|120\/273
|turn|27
|choice|move leafstorm|switch 5
|
|switch|p2a: V.|Escavalier, M|36\/343
|move|p1a: Venusaur|Leaf Storm|p2a: V.|[miss]
|-miss|p1a: Venusaur|p2a: V.
|
|upkeep
|turn|28
|c|☆inherent vice|shucks
|c| eifo|rip
|j|irk'd
|j|thick skulled
|choice|move knockoff|move rest
|
|move|p1a: Venusaur|Knock Off|p2a: V.
|-damage|p2a: V.|0 fnt
|-damage|p1a: Venusaur|19\/301|[from] item: Life Orb
|faint|p2a: V.
|
|upkeep
|j|tkfkdgo
|choice||switch 4
|
|switch|p2a: GRAVITY'S RAINBOW|Xatu, F|170\/333
|turn|29
|c|%Mr. Aldo|hence why I dont like slow sluggish teams like that
|l|inherent vice
|player|p2|
|j|inherent vice
|player|p2|inherent vice|73
|c|%Mr. Aldo|NO, HIS INTERNET
|choice|switch 3|move roost
|
|switch|p1a: Registeel|Registeel|325\/363
|move|p2a: GRAVITY'S RAINBOW|Roost|p2a: GRAVITY'S RAINBOW
|-heal|p2a: GRAVITY'S RAINBOW|333\/333
|
|-heal|p1a: Registeel|347\/363|[from] item: Leftovers
|upkeep
|turn|30
|l|spookysocialist
|choice|move seismictoss|move nightshade
|
|move|p2a: GRAVITY'S RAINBOW|Night Shade|p1a: Registeel
|-damage|p1a: Registeel|247\/363
|move|p1a: Registeel|Seismic Toss|p2a: GRAVITY'S RAINBOW
|-damage|p2a: GRAVITY'S RAINBOW|233\/333
|-damage|p1a: Registeel|187\/363|[from] item: Rocky Helmet|[of] p2a: GRAVITY'S RAINBOW
|
|-heal|p1a: Registeel|209\/363|[from] item: Leftovers
|upkeep
|turn|31
|choice|switch 2|move roost
|
|switch|p1a: Alomomola|Alomomola, M|501\/501
|move|p2a: GRAVITY'S RAINBOW|Roost|p2a: GRAVITY'S RAINBOW
|-heal|p2a: GRAVITY'S RAINBOW|333\/333
|
|upkeep
|turn|32
|choice|move wish|move toxic
|
|move|p2a: GRAVITY'S RAINBOW|Toxic|p1a: Alomomola
|-status|p1a: Alomomola|tox
|move|p1a: Alomomola|Wish|p1a: Alomomola
|
|-damage|p1a: Alomomola|470\/501 tox|[from] psn
|upkeep
|turn|33
|c|☆inherent vice|check
|l|inherent vice
|player|p2|
|j|inherent vice
|player|p2|inherent vice|73
|choice|move scald|move uturn
|
|move|p2a: GRAVITY'S RAINBOW|U-turn|p1a: Alomomola
|-damage|p1a: Alomomola|428\/501 tox
|choice||switch 5
|
|switch|p2a: CRYING OF LOT 49|Scrafty, M|120\/273
|move|p1a: Alomomola|Scald|p2a: CRYING OF LOT 49
|-crit|p2a: CRYING OF LOT 49
|-damage|p2a: CRYING OF LOT 49|56\/273
|
|-heal|p1a: Alomomola|501\/501 tox|[from] move: Wish|[wisher] Alomomola
|-heal|p2a: CRYING OF LOT 49|73\/273|[from] item: Leftovers
|-damage|p1a: Alomomola|439\/501 tox|[from] psn
|upkeep
|turn|34
|choice|switch 5|move dragondance
|
|switch|p1a: Medicham|Medicham, F|261\/261
|move|p2a: CRYING OF LOT 49|Dragon Dance|p2a: CRYING OF LOT 49
|-boost|p2a: CRYING OF LOT 49|atk|1
|-boost|p2a: CRYING OF LOT 49|spe|1
|
|-heal|p2a: CRYING OF LOT 49|90\/273|[from] item: Leftovers
|upkeep
|turn|35
|choice|move highjumpkick|switch 5
|
|switch|p2a: GRAVITY'S RAINBOW|Xatu, F|333\/333
|move|p1a: Medicham|High Jump Kick|p2a: GRAVITY'S RAINBOW|[miss]
|-miss|p1a: Medicham|p2a: GRAVITY'S RAINBOW
|-damage|p1a: Medicham|131\/261|[from] highjumpkick
|
|upkeep
|turn|36
|c|☆inherent vice|sorry man
|c|☆ZoroDark|its fine
|choice|switch 5|move uturn
|
|switch|p1a: Alomomola|Alomomola, M|501\/501 tox
|move|p2a: GRAVITY'S RAINBOW|U-turn|p1a: Alomomola
|-damage|p1a: Alomomola|461\/501 tox
|c| thick skulled|you even risked it with jelly right there
|choice||switch 5
|
|switch|p2a: CRYING OF LOT 49|Scrafty, M|90\/273
|
|-heal|p2a: CRYING OF LOT 49|107\/273|[from] item: Leftovers
|-heal|p1a: Alomomola|492\/501 tox|[from] item: Leftovers
|-damage|p1a: Alomomola|461\/501 tox|[from] psn
|upkeep
|turn|37
|c|☆ZoroDark|well he didnt go jelly did he
|c| thick skulled|no but what if he did
|choice|switch 5|move dragondance
|
|switch|p1a: Medicham|Medicham, F|131\/261
|move|p2a: CRYING OF LOT 49|Dragon Dance|p2a: CRYING OF LOT 49
|-boost|p2a: CRYING OF LOT 49|atk|1
|-boost|p2a: CRYING OF LOT 49|spe|1
|
|-heal|p2a: CRYING OF LOT 49|124\/273|[from] item: Leftovers
|upkeep
|turn|38
|c| thick skulled|same thing
|choice|switch 5|switch 5
|
|switch|p1a: Alomomola|Alomomola, M|501\/501 tox
|switch|p2a: GRAVITY'S RAINBOW|Xatu, F|333\/333
|
|-damage|p1a: Alomomola|470\/501 tox|[from] psn
|upkeep
|turn|39
|choice|move toxic|move uturn
|
|move|p2a: GRAVITY'S RAINBOW|U-turn|p1a: Alomomola
|-damage|p1a: Alomomola|430\/501 tox
|choice||switch 5
|
|switch|p2a: CRYING OF LOT 49|Scrafty, M|124\/273
|move|p1a: Alomomola|Toxic|p2a: CRYING OF LOT 49
|-status|p2a: CRYING OF LOT 49|tox
|
|-activate|p2a: CRYING OF LOT 49|ability: Shed Skin
|-curestatus|p2a: CRYING OF LOT 49|tox|[msg]
|-heal|p2a: CRYING OF LOT 49|141\/273|[from] item: Leftovers
|-heal|p1a: Alomomola|461\/501 tox|[from] item: Leftovers
|-damage|p1a: Alomomola|399\/501 tox|[from] psn
|upkeep
|turn|40
|choice|switch 5|move dragondance
|
|switch|p1a: Medicham|Medicham, F|131\/261
|move|p2a: CRYING OF LOT 49|Dragon Dance|p2a: CRYING OF LOT 49
|-boost|p2a: CRYING OF LOT 49|atk|1
|-boost|p2a: CRYING OF LOT 49|spe|1
|
|-heal|p2a: CRYING OF LOT 49|158\/273|[from] item: Leftovers
|upkeep
|turn|41
|choice|switch 5|switch 5
|
|switch|p1a: Alomomola|Alomomola, M|501\/501 tox
|switch|p2a: GRAVITY'S RAINBOW|Xatu, F|333\/333
|
|-damage|p1a: Alomomola|470\/501 tox|[from] psn
|upkeep
|turn|42
|choice|move toxic|move uturn
|
|move|p2a: GRAVITY'S RAINBOW|U-turn|p1a: Alomomola
|-damage|p1a: Alomomola|425\/501 tox
|choice||switch 5
|
|switch|p2a: CRYING OF LOT 49|Scrafty, M|158\/273
|move|p1a: Alomomola|Toxic|p2a: CRYING OF LOT 49
|-status|p2a: CRYING OF LOT 49|tox
|
|-activate|p2a: CRYING OF LOT 49|ability: Shed Skin
|-curestatus|p2a: CRYING OF LOT 49|tox|[msg]
|-heal|p2a: CRYING OF LOT 49|175\/273|[from] item: Leftovers
|-heal|p1a: Alomomola|456\/501 tox|[from] item: Leftovers
|-damage|p1a: Alomomola|394\/501 tox|[from] psn
|upkeep
|turn|43
|c|☆inherent vice|lol
|choice|move scald|move knockoff
|
|move|p2a: CRYING OF LOT 49|Knock Off|p1a: Alomomola
|-damage|p1a: Alomomola|265\/501 tox
|-enditem|p1a: Alomomola|Leftovers|[from] move: Knock Off|[of] p2a: CRYING OF LOT 49
|move|p1a: Alomomola|Scald|p2a: CRYING OF LOT 49
|-damage|p2a: CRYING OF LOT 49|136\/273
|
|-heal|p2a: CRYING OF LOT 49|153\/273|[from] item: Leftovers
|-damage|p1a: Alomomola|172\/501 tox|[from] psn
|upkeep
|turn|44
|choice|switch 5|move knockoff
|
|switch|p1a: Medicham|Medicham, F|131\/261
|move|p2a: CRYING OF LOT 49|Knock Off|p1a: Medicham
|-damage|p1a: Medicham|0 fnt
|-enditem|p1a: Medicham|Choice Scarf|[from] move: Knock Off|[of] p2a: CRYING OF LOT 49
|faint|p1a: Medicham
|
|-heal|p2a: CRYING OF LOT 49|170\/273|[from] item: Leftovers
|upkeep
|choice|switch 3|
|
|switch|p1a: Venusaur|Venusaur, F|19\/301
|turn|45
|choice|move synthesis|move knockoff
|
|move|p1a: Venusaur|Synthesis|p1a: Venusaur
|-heal|p1a: Venusaur|169\/301
|move|p2a: CRYING OF LOT 49|Knock Off|p1a: Venusaur
|-damage|p1a: Venusaur|13\/301
|-enditem|p1a: Venusaur|Life Orb|[from] move: Knock Off|[of] p2a: CRYING OF LOT 49
|
|-heal|p2a: CRYING OF LOT 49|187\/273|[from] item: Leftovers
|upkeep
|turn|46
|choice|move leafstorm|move dragondance
|
|move|p1a: Venusaur|Leaf Storm|p2a: CRYING OF LOT 49
|-crit|p2a: CRYING OF LOT 49
|-damage|p2a: CRYING OF LOT 49|0 fnt
|-unboost|p1a: Venusaur|spa|2
|faint|p2a: CRYING OF LOT 49
|
|upkeep
|c|☆inherent vice|that is
|c|☆inherent vice|ungood
|choice||switch 6
|
|switch|p2a: BLEEDING EDGE|Jellicent, M|113\/404
|turn|47
|choice|move leafstorm|switch 5
|
|switch|p2a: GRAVITY'S RAINBOW|Xatu, F|333\/333
|move|p1a: Venusaur|Leaf Storm|p2a: GRAVITY'S RAINBOW|[miss]
|-miss|p1a: Venusaur|p2a: GRAVITY'S RAINBOW
|
|upkeep
|turn|48
|c|@Feliburn|p sure w\/ overgrow it killed
|c|☆inherent vice|im bulky
|c|☆inherent vice|as f
|c|☆inherent vice|i didnt calc tho
|choice|switch 5|move uturn
|
|switch|p1a: Alomomola|Alomomola, M|339\/501 tox
|move|p2a: GRAVITY'S RAINBOW|U-turn|p1a: Alomomola
|-damage|p1a: Alomomola|297\/501 tox
|choice||switch 5
|
|switch|p2a: BLEEDING EDGE|Jellicent, M|113\/404
|
|-damage|p1a: Alomomola|266\/501 tox|[from] psn
|upkeep
|turn|49
|choice|move toxic|move recover
|
|move|p2a: BLEEDING EDGE|Recover|p2a: BLEEDING EDGE
|-heal|p2a: BLEEDING EDGE|315\/404
|move|p1a: Alomomola|Toxic|p2a: BLEEDING EDGE|[miss]
|-miss|p1a: Alomomola|p2a: BLEEDING EDGE
|
|-damage|p1a: Alomomola|204\/501 tox|[from] psn
|upkeep
|turn|50
|c|☆ZoroDark|this game is hot garbage
|c|☆inherent vice|y
|choice|move wish|move hex
|
|move|p2a: BLEEDING EDGE|Hex|p1a: Alomomola
|-damage|p1a: Alomomola|48\/501 tox
|move|p1a: Alomomola|Wish|p1a: Alomomola
|
|-damage|p1a: Alomomola|0 fnt|[from] psn
|upkeep
|faint|p1a: Alomomola
|choice|switch 5|
|
|switch|p1a: Venusaur|Venusaur, F|13\/301
|turn|51
|choice|move synthesis|switch 5
|
|switch|p2a: GRAVITY'S RAINBOW|Xatu, F|333\/333
|move|p1a: Venusaur|Synthesis|p1a: Venusaur
|-heal|p1a: Venusaur|163\/301
|
|-heal|p1a: Venusaur|301\/301|[from] move: Wish|[wisher] Alomomola
|upkeep
|turn|52
|choice|move sludgebomb|move nightshade
|
|move|p1a: Venusaur|Sludge Bomb|p2a: GRAVITY'S RAINBOW
|-damage|p2a: GRAVITY'S RAINBOW|149\/333
|move|p2a: GRAVITY'S RAINBOW|Night Shade|p1a: Venusaur
|-damage|p1a: Venusaur|201\/301
|
|upkeep
|turn|53
|choice|move sludgebomb|switch 5
|
|switch|p2a: BLEEDING EDGE|Jellicent, M|315\/404
|move|p1a: Venusaur|Sludge Bomb|p2a: BLEEDING EDGE
|-resisted|p2a: BLEEDING EDGE
|-damage|p2a: BLEEDING EDGE|252\/404
|
|upkeep
|turn|54
|choice|move leafstorm|switch 5
|
|switch|p2a: GRAVITY'S RAINBOW|Xatu, F|149\/333
|move|p1a: Venusaur|Leaf Storm|p2a: GRAVITY'S RAINBOW|[miss]
|-miss|p1a: Venusaur|p2a: GRAVITY'S RAINBOW
|
|upkeep
|turn|55
|choice|move sludgebomb|switch 5
|
|switch|p2a: BLEEDING EDGE|Jellicent, M|252\/404
|move|p1a: Venusaur|Sludge Bomb|p2a: BLEEDING EDGE
|-resisted|p2a: BLEEDING EDGE
|-damage|p2a: BLEEDING EDGE|183\/404
|
|upkeep
|turn|56
|choice|move leafstorm|switch 5
|
|switch|p2a: GRAVITY'S RAINBOW|Xatu, F|149\/333
|move|p1a: Venusaur|Leaf Storm|p2a: GRAVITY'S RAINBOW
|-resisted|p2a: GRAVITY'S RAINBOW
|-damage|p2a: GRAVITY'S RAINBOW|28\/333
|-unboost|p1a: Venusaur|spa|2
|
|upkeep
|turn|57
|choice|move sludgebomb|switch 5
|
|switch|p2a: BLEEDING EDGE|Jellicent, M|183\/404
|move|p1a: Venusaur|Sludge Bomb|p2a: BLEEDING EDGE
|-resisted|p2a: BLEEDING EDGE
|-damage|p2a: BLEEDING EDGE|149\/404
|
|upkeep
|turn|58
|choice|move leafstorm|move recover
|
|move|p1a: Venusaur|Leaf Storm|p2a: BLEEDING EDGE|[miss]
|-miss|p1a: Venusaur|p2a: BLEEDING EDGE
|move|p2a: BLEEDING EDGE|Recover|p2a: BLEEDING EDGE
|-heal|p2a: BLEEDING EDGE|351\/404
|
|upkeep
|turn|59
|c|☆ZoroDark|jesus
|c| eifo|dude
|c| eifo|it cant hit..
|choice|move sludgebomb|move scald
|
|move|p1a: Venusaur|Sludge Bomb|p2a: BLEEDING EDGE
|-resisted|p2a: BLEEDING EDGE
|-damage|p2a: BLEEDING EDGE|319\/404
|move|p2a: BLEEDING EDGE|Scald|p1a: Venusaur
|-resisted|p1a: Venusaur
|-damage|p1a: Venusaur|161\/301
|
|upkeep
|turn|60
|choice|move sludgebomb|move scald
|
|move|p1a: Venusaur|Sludge Bomb|p2a: BLEEDING EDGE
|-resisted|p2a: BLEEDING EDGE
|-damage|p2a: BLEEDING EDGE|288\/404
|-status|p2a: BLEEDING EDGE|psn
|move|p2a: BLEEDING EDGE|Scald|p1a: Venusaur
|-resisted|p1a: Venusaur
|-damage|p1a: Venusaur|121\/301
|-status|p1a: Venusaur|brn
|
|-damage|p1a: Venusaur|84\/301 brn|[from] brn
|-damage|p2a: BLEEDING EDGE|238\/404 psn|[from] psn
|upkeep
|turn|61
|choice|move synthesis|move hex
|
|move|p1a: Venusaur|Synthesis|p1a: Venusaur
|-heal|p1a: Venusaur|234\/301 brn
|move|p2a: BLEEDING EDGE|Hex|p1a: Venusaur
|-damage|p1a: Venusaur|93\/301 brn
|
|-damage|p1a: Venusaur|56\/301 brn|[from] brn
|-damage|p2a: BLEEDING EDGE|188\/404 psn|[from] psn
|upkeep
|turn|62
|choice|move leafstorm|move recover
|
|move|p1a: Venusaur|Leaf Storm|p2a: BLEEDING EDGE
|-supereffective|p2a: BLEEDING EDGE
|-damage|p2a: BLEEDING EDGE|0 fnt
|-unboost|p1a: Venusaur|spa|2
|faint|p2a: BLEEDING EDGE
|
|-damage|p1a: Venusaur|19\/301 brn|[from] brn
|upkeep
|j|Homiedino
|l|inherent vice
|player|p2|
|l|tkfkdgo
|l|Homiedino
|j|inherent vice
|player|p2|inherent vice|73
|c|☆inherent vice|gg
|l|thick skulled
|c|☆inherent vice|well
|c|☆inherent vice|not rlly
|c|☆inherent vice|was kinda ass
|c|☆ZoroDark|yea i think
|c|☆ZoroDark|the crit on camel
|c|☆ZoroDark|was the biggest of it all
|c|☆ZoroDark|sry about that
|c|☆inherent vice|y
|c|☆ZoroDark|gg
|l|Tzop
|c|☆inherent vice|were u eq
|c|☆ZoroDark|no
|c|☆inherent vice|suit?
|c|☆ZoroDark|ya
|j|Just Random Nick
|c|☆inherent vice|yeah that's annoying
|-message|inherent vice forfeited.
|
|win|ZoroDark
|l|ZoroDark
|l|Feliburn
|j|Micro
|l|Just Random Nick
|l|Micro
|l|h_t
|j|Dundies
|l|Dundies
|l|eifo
|l|irk'd
|l|inherent vice
|l|Mr. Aldo
|j|ZoroDark</script>
</div>
<div class="battle-log battle-log-inline"><div class="inner"><div class="battle-options"></div><div class="inner"><div class="chat"><small>ZoroDark joined.</small></div><div class="chat"><small>inherent vice joined.</small></div><div class=""><small>Format:</small> <br><strong>RU</strong></div><div class=""><small><em>Sleep Clause Mod:</em> Limit one foe put to sleep</small></div><div class=""><small><em>Species Clause:</em> Limit one of each Pokémon</small></div><div class=""><small><em>OHKO Clause:</em> OHKO moves are banned</small></div><div class=""><small><em>Moody Clause:</em> Moody is banned</small></div><div class=""><small><em>Evasion Moves Clause:</em> Evasion moves are banned</small></div><div class=""><small><em>Endless Battle Clause:</em> Forcing endless battles is banned</small></div><div class=""><small><em>HP Percentage Mod:</em> HP is shown in percentages</small></div><div class=""><small><em>Swagger Clause:</em> Swagger is banned</small></div><div class=""><small><em>Baton Pass Clause:</em> Limit one Baton Passer, can't pass Spe and other stats simultaneously</small></div><div class="chat battle-history"><strong>ZoroDark's team:</strong> <em style="color:#445566;display:block;">Flygon / Registeel / Venusaur / Alomomola / Medicham / Drapion</em></div><div class="chat battle-history"><strong>inherent vice's team:</strong> <em style="color:#445566;display:block;">Scrafty / Camerupt / Jellicent / Xatu / Escavalier / Venusaur</em></div><div class="chat chatmessage-zorodark"><strong style="color:hsl(207,42%,46.24263679699702%)"><small>☆</small><span class="username" data-name="ZoroDark">ZoroDark</span>:</strong> <em>hf</em></div><div class="chat chatmessage-inherentvice"><strong style="color:hsl(40,80%,43.152920226844444%)"><small>☆</small><span class="username" data-name="inherent vice">inherent vice</span>:</strong> <em>hf man</em></div><div class="chat"><small>eifo joined.</small></div><div class="chat"><small>Dark♥Dreamerr♥Luna joined.</small></div><div class="chat"><small>h_t joined.</small></div><div class="chat"><small>spookysocialist joined.</small></div><div class="spacer battle-history"><br></div><div class="battle-history">Battle started between ZoroDark and inherent vice!<br></div><div class="spacer battle-history"><br></div><div class="battle-history">Go! <strong>Flygon</strong>!<br></div><div class="spacer battle-history"><br></div><div class="battle-history">inherent vice sent out CRYING OF LOT 49 (<strong>Scrafty</strong>)!<br></div><div class="spacer battle-history"><br></div><h2 class="battle-history">Turn 1</h2><div class="chat"><small>Dark♥Dreamerr♥Luna left.</small></div><div class="spacer battle-history"><br></div><div class="battle-history">Flygon used <strong>Earthquake</strong>!<br></div><div class="battle-history"><small>(The opposing CRYING OF LOT 49 lost <abbr title="−187/273">68.5%</abbr> of its health!)</small><br></div><div class="spacer battle-history"><br></div><div class="battle-history">The opposing CRYING OF LOT 49 used <strong>Knock Off</strong>!<br></div><div class="battle-history"><small>(Flygon lost <abbr title="−157/301">52.2%</abbr> of its health!)</small><br></div><div class="battle-history"><small>The opposing CRYING OF LOT 49 knocked off Flygon's Choice Band!</small><br></div><div class="spacer battle-history"><br></div><div class="battle-history"><small>The opposing CRYING OF LOT 49 restored a little HP using its Leftovers!</small><br></div><div class="spacer battle-history"><br></div><h2 class="battle-history">Turn 2</h2><div class="chat"><small>Mr. Aldo joined.</small></div><div class="spacer battle-history"><br></div><div class="battle-history">inherent vice withdrew CRYING OF LOT 49!<br></div><div class="battle-history">inherent vice sent out GRAVITY'S RAINBOW (<strong>Xatu</strong>)!<br></div><div class="spacer battle-history"><br></div><div class="battle-history">Flygon used <strong>U-turn</strong>!<br></div><div class="battle-history"><small>(The opposing GRAVITY'S RAINBOW lost <abbr title="−63/333">18.9%</abbr> of its health!)</small><br></div><div class="battle-history"><small>Flygon was hurt by the Rocky Helmet!</small><br></div><div class="spacer battle-history"><br></div><div class="battle-history">Flygon went back to ZoroDark!<br></div><div class="battle-history">Go! <strong>Drapion</strong>!<br></div><div class="spacer battle-history"><br></div><h2 class="battle-history">Turn 3</h2><div class="spacer battle-history"><br></div><div class="battle-history">inherent vice withdrew GRAVITY'S RAINBOW!<br></div><div class="battle-history">inherent vice sent out MASON &amp; DIXON (<strong>Camerupt</strong>)!<br></div><div class="spacer battle-history"><br></div><div class="battle-history">Drapion used <strong>Knock Off</strong>!<br></div><div class="battle-history"><small>A critical hit!</small><br></div><div class="battle-history"><small>(The opposing MASON &amp; DIXON lost <abbr title="−256/343">74.6%</abbr> of its health!)</small><br></div><div class="spacer battle-history"><br></div><h2 class="battle-history">Turn 4</h2><div class="chat chatmessage-inherentvice"><strong style="color:hsl(40,80%,43.152920226844444%)"><small>☆</small><span class="username" data-name="inherent vice">inherent vice</span>:</strong> <em>no</em></div><div class="chat"><small>Feliburn joined.</small></div><div class="spacer battle-history"><br></div><div class="battle-history">inherent vice withdrew MASON &amp; DIXON!<br></div><div class="battle-history">inherent vice sent out VINELAND (<strong>Venusaur</strong>)!<br></div><div class="spacer battle-history"><br></div><div class="battle-history">Drapion used <strong>Knock Off</strong>!<br></div><div class="battle-history"><small>(The opposing VINELAND lost <abbr title="−109/363">30.0%</abbr> of its health!)</small><br></div><div class="battle-history"><small>Drapion knocked off the opposing VINELAND's Black Sludge!</small><br></div><div class="spacer battle-history"><br></div><h2 class="battle-history">Turn 5</h2><div class="chat chatmessage-eifo"><strong style="color:hsl(309,72%,42%)"><small> </small><span class="username" data-name="eifo">eifo</span>:</strong> <em>:bop:</em></div><div class="chat"><small>Tzop joined.</small></div><div class="spacer battle-history"><br></div><div class="battle-history">Drapion, come back!<br></div><div class="battle-history">Go! <strong>Venusaur</strong>!<br></div><div class="spacer battle-history"><br></div><div class="battle-history">The opposing VINELAND used <strong>Leech Seed</strong>!<br></div><div class="battle-history"><small>It doesn't affect Venusaur...</small><br></div><div class="spacer battle-history"><br></div><h2 class="battle-history">Turn 6</h2><div class="spacer battle-history"><br></div><div class="battle-history">inherent vice withdrew VINELAND!<br></div><div class="battle-history">inherent vice sent out V. (<strong>Escavalier</strong>)!<br></div><div class="spacer battle-history"><br></div><div class="battle-history">Venusaur used <strong>Sludge Bomb</strong>!<br></div><div class="battle-history"><small>It doesn't affect the opposing V....</small><br></div><div class="spacer battle-history"><br></div><h2 class="battle-history">Turn 7</h2><div class="spacer battle-history"><br></div><div class="battle-history">Venusaur, come back!<br></div><div class="battle-history">Go! <strong>Alomomola</strong>!<br></div><div class="spacer battle-history"><br></div><div class="battle-history">The opposing V. used <strong>Megahorn</strong>!<br></div><div class="battle-history"><small>(Alomomola lost <abbr title="−178/501">35.5%</abbr> of its health!)</small><br></div><div class="spacer battle-history"><br></div><div class="battle-history"><small>Alomomola restored a little HP using its Leftovers!</small><br></div><div class="spacer battle-history"><br></div><h2 class="battle-history">Turn 8</h2><div class="spacer battle-history"><br></div><div class="battle-history">Alomomola, come back!<br></div><div class="battle-history">Go! <strong>Registeel</strong>!<br></div><div class="spacer battle-history"><br></div><div class="battle-history">The opposing V. used <strong>Swords Dance</strong>!<br></div><div class="battle-history"><small>The opposing V.'s Attack rose sharply!</small><br></div><div class="spacer battle-history"><br></div><h2 class="battle-history">Turn 9</h2><div class="spacer battle-history"><br></div><div class="battle-history">inherent vice withdrew V.!<br></div><div class="battle-history">inherent vice sent out GRAVITY'S RAINBOW (<strong>Xatu</strong>)!<br></div><div class="spacer battle-history"><br></div><div class="battle-history">Registeel used <strong>Seismic Toss</strong>!<br></div><div class="battle-history"><small>(The opposing GRAVITY'S RAINBOW lost <abbr title="−100/333">30.0%</abbr> of its health!)</small><br></div><div class="battle-history"><small>Registeel was hurt by the Rocky Helmet!</small><br></div><div class="spacer battle-history"><br></div><div class="battle-history"><small>Registeel restored a little HP using its Leftovers!</small><br></div><div class="spacer battle-history"><br></div><h2 class="battle-history">Turn 10</h2><div class="spacer battle-history"><br></div><div class="battle-history">Registeel, come back!<br></div><div class="battle-history">Go! <strong>Drapion</strong>!<br></div><div class="spacer battle-history"><br></div><div class="battle-history">The opposing GRAVITY'S RAINBOW used <strong>U-turn</strong>!<br></div><div class="battle-history"><small>(Drapion lost <abbr title="−42/281">14.9%</abbr> of its health!)</small><br></div><div class="spacer battle-history"><br></div><div class="battle-history">The opposing GRAVITY'S RAINBOW went back to inherent vice!<br></div><div class="battle-history">inherent vice sent out CRYING OF LOT 49 (<strong>Scrafty</strong>)!<br></div><div class="spacer battle-history"><br></div><div class="battle-history"><small>The opposing CRYING OF LOT 49 restored a little HP using its Leftovers!</small><br></div><div class="spacer battle-history"><br></div><h2 class="battle-history">Turn 11</h2><div class="spacer battle-history"><br></div><div class="battle-history">inherent vice withdrew CRYING OF LOT 49!<br></div><div class="battle-history">inherent vice sent out V. (<strong>Escavalier</strong>)!<br></div><div class="spacer battle-history"><br></div><div class="battle-history">Drapion used <strong>Swords Dance</strong>!<br></div><div class="battle-history"><small>Drapion's Attack rose sharply!</small><br></div><div class="spacer battle-history"><br></div><h2 class="battle-history">Turn 12</h2><div class="spacer battle-history"><br></div><div class="battle-history">Drapion used <strong>Knock Off</strong>!<br></div><div class="battle-history"><small>(The opposing V. lost <abbr title="−256/343">74.6%</abbr> of its health!)</small><br></div><div class="battle-history"><small>Drapion knocked off the opposing V.'s Leftovers!</small><br></div><div class="spacer battle-history"><br></div><div class="battle-history">The opposing V. used <strong>Megahorn</strong>!<br></div><div class="battle-history"><small>(Drapion lost <abbr title="−180/281">64.1%</abbr> of its health!)</small><br></div><div class="spacer battle-history"><br></div><h2 class="battle-history">Turn 13</h2><div class="spacer battle-history"><br></div><div class="battle-history">inherent vice withdrew V.!<br></div><div class="battle-history">inherent vice sent out MASON &amp; DIXON (<strong>Camerupt</strong>)!<br></div><div class="spacer battle-history"><br></div><div class="battle-history">Drapion used <strong>Knock Off</strong>!<br></div><div class="battle-history"><small>(The opposing MASON &amp; DIXON lost <abbr title="−87/343">25.4%</abbr> of its health!)</small><br></div><div class="spacer battle-history"><br></div><div class="battle-history">The opposing MASON &amp; DIXON fainted!<br></div><div class="spacer battle-history"><br></div><div class="battle-history">inherent vice sent out BLEEDING EDGE (<strong>Jellicent</strong>)!<br></div><div class="spacer battle-history"><br></div><h2 class="battle-history">Turn 14</h2><div class="spacer battle-history"><br></div><div class="battle-history">Drapion used <strong>Knock Off</strong>!<br></div><div class="battle-history"><small>It's super effective!</small><br></div><div class="battle-history"><small>The opposing BLEEDING EDGE ate its Colbur Berry!</small><br></div><div class="battle-history"><small>The Colbur Berry weakened the damage to the opposing BLEEDING EDGE!</small><br></div><div class="battle-history"><small>(The opposing BLEEDING EDGE lost <abbr title="−291/404">72.0%</abbr> of its health!)</small><br></div><div class="spacer battle-history"><br></div><div class="battle-history">The opposing BLEEDING EDGE used <strong>Scald</strong>!<br></div><div class="battle-history"><small>(Drapion lost <abbr title="−59/281">21.0%</abbr> of its health!)</small><br></div><div class="spacer battle-history"><br></div><div class="battle-history">Drapion fainted!<br></div><div class="spacer battle-history"><br></div><div class="battle-history">Go! <strong>Venusaur</strong>!<br></div><div class="spacer battle-history"><br></div><h2 class="battle-history">Turn 15</h2><div class="spacer battle-history"><br></div><div class="battle-history">inherent vice withdrew BLEEDING EDGE!<br></div><div class="battle-history">inherent vice sent out V. (<strong>Escavalier</strong>)!<br></div><div class="spacer battle-history"><br></div><div class="battle-history">Venusaur used <strong>Knock Off</strong>!<br></div><div class="battle-history"><small>(The opposing V. lost <abbr title="−51/343">14.9%</abbr> of its health!)</small><br></div><div class="battle-history"><small>Venusaur lost some of its HP!</small><br></div><div class="spacer battle-history"><br></div><h2 class="battle-history">Turn 16</h2><div class="spacer battle-history"><br></div><div class="battle-history">inherent vice withdrew V.!<br></div><div class="battle-history">inherent vice sent out VINELAND (<strong>Venusaur</strong>)!<br></div><div class="spacer battle-history"><br></div><div class="battle-history">Venusaur used <strong>Knock Off</strong>!<br></div><div class="battle-history"><small>(The opposing VINELAND lost <abbr title="−42/363">11.6%</abbr> of its health!)</small><br></div><div class="battle-history"><small>Venusaur lost some of its HP!</small><br></div><div class="spacer battle-history"><br></div><h2 class="battle-history">Turn 17</h2><div class="spacer battle-history"><br></div><div class="battle-history">Venusaur used <strong>Sludge Bomb</strong>!<br></div><div class="battle-history"><small>(The opposing VINELAND lost <abbr title="−187/363">51.5%</abbr> of its health!)</small><br></div><div class="battle-history"><small>Venusaur lost some of its HP!</small><br></div><div class="spacer battle-history"><br></div><div class="battle-history">The opposing VINELAND used <strong>Synthesis</strong>!<br></div><div class="battle-history"><small>The opposing VINELAND restored its HP.</small><br></div><div class="spacer battle-history"><br></div><h2 class="battle-history">Turn 18</h2><div class="spacer battle-history"><br></div><div class="battle-history">Venusaur used <strong>Sludge Bomb</strong>!<br></div><div class="battle-history"><small>(The opposing VINELAND lost <abbr title="−157/363">43.3%</abbr> of its health!)</small><br></div><div class="battle-history"><small>Venusaur lost some of its HP!</small><br></div><div class="spacer battle-history"><br></div><div class="battle-history">The opposing VINELAND used <strong>Synthesis</strong>!<br></div><div class="battle-history"><small>The opposing VINELAND restored its HP.</small><br></div><div class="spacer battle-history"><br></div><h2 class="battle-history">Turn 19</h2><div class="chat chatmessage-zorodark"><strong style="color:hsl(207,42%,46.24263679699702%)"><small>☆</small><span class="username" data-name="ZoroDark">ZoroDark</span>:</strong> <em>wild rolls</em></div><div class="spacer battle-history"><br></div><div class="battle-history">Venusaur used <strong>Sludge Bomb</strong>!<br></div><div class="battle-history"><small>(The opposing VINELAND lost <abbr title="−173/363">47.7%</abbr> of its health!)</small><br></div><div class="battle-history"><small>Venusaur lost some of its HP!</small><br></div><div class="spacer battle-history"><br></div><div class="battle-history">The opposing VINELAND used <strong>Synthesis</strong>!<br></div><div class="battle-history"><small>The opposing VINELAND restored its HP.</small><br></div><div class="spacer battle-history"><br></div><h2 class="battle-history">Turn 20</h2><div class="spacer battle-history"><br></div><div class="battle-history">Venusaur used <strong>Synthesis</strong>!<br></div><div class="battle-history"><small>Venusaur restored its HP.</small><br></div><div class="spacer battle-history"><br></div><div class="battle-history">The opposing VINELAND used <strong>Synthesis</strong>!<br></div><div class="battle-history"><small>The opposing VINELAND restored its HP.</small><br></div><div class="spacer battle-history"><br></div><h2 class="battle-history">Turn 21</h2><div class="spacer battle-history"><br></div><div class="battle-history">Venusaur used <strong>Sludge Bomb</strong>!<br></div><div class="battle-history"><small>(The opposing VINELAND lost <abbr title="−169/363">46.6%</abbr> of its health!)</small><br></div><div class="battle-history"><small>Venusaur lost some of its HP!</small><br></div><div class="spacer battle-history"><br></div><div class="battle-history">The opposing VINELAND used <strong>Sludge Bomb</strong>!<br></div><div class="battle-history"><small>(Venusaur lost <abbr title="−106/301">35.2%</abbr> of its health!)</small><br></div><div class="spacer battle-history"><br></div><h2 class="battle-history">Turn 22</h2><div class="spacer battle-history"><br></div><div class="battle-history">Venusaur used <strong>Sludge Bomb</strong>!<br></div><div class="battle-history"><small>(The opposing VINELAND lost <abbr title="−165/363">45.5%</abbr> of its health!)</small><br></div><div class="battle-history"><small>Venusaur lost some of its HP!</small><br></div><div class="spacer battle-history"><br></div><div class="battle-history">The opposing VINELAND used <strong>Sludge Bomb</strong>!<br></div><div class="battle-history"><small>(Venusaur lost <abbr title="−117/301">38.9%</abbr> of its health!)</small><br></div><div class="spacer battle-history"><br></div><h2 class="battle-history">Turn 23</h2><div class="chat chatmessage-mraldo"><strong style="color:hsl(234,45%,61.885059011812395%)"><small>%</small><span class="username" data-name="Mr. Aldo">Mr. Aldo</span>:</strong> <em>life orb knock off venu</em></div><div class="chat chatmessage-mraldo"><strong style="color:hsl(234,45%,61.885059011812395%)"><small>%</small><span class="username" data-name="Mr. Aldo">Mr. Aldo</span>:</strong> <em>ah, good set</em></div><div class="spacer battle-history"><br></div><div class="battle-history">Venusaur used <strong>Synthesis</strong>!<br></div><div class="battle-history"><small>Venusaur restored its HP.</small><br></div><div class="spacer battle-history"><br></div><div class="battle-history">The opposing VINELAND used <strong>Synthesis</strong>!<br></div><div class="battle-history"><small>The opposing VINELAND restored its HP.</small><br></div><div class="spacer battle-history"><br></div><h2 class="battle-history">Turn 24</h2><div class="spacer battle-history"><br></div><div class="battle-history">Venusaur used <strong>Sludge Bomb</strong>!<br></div><div class="battle-history"><small>(The opposing VINELAND lost <abbr title="−177/363">48.8%</abbr> of its health!)</small><br></div><div class="battle-history"><small>Venusaur lost some of its HP!</small><br></div><div class="spacer battle-history"><br></div><div class="battle-history">The opposing VINELAND used <strong>Sludge Bomb</strong>!<br></div><div class="battle-history"><small>(Venusaur lost <abbr title="−106/301">35.2%</abbr> of its health!)</small><br></div><div class="spacer battle-history"><br></div><h2 class="battle-history">Turn 25</h2><div class="spacer battle-history"><br></div><div class="battle-history">Venusaur used <strong>Synthesis</strong>!<br></div><div class="battle-history"><small>Venusaur restored its HP.</small><br></div><div class="spacer battle-history"><br></div><div class="battle-history">The opposing VINELAND used <strong>Sludge Bomb</strong>!<br></div><div class="battle-history"><small>(Venusaur lost <abbr title="−103/301">34.2%</abbr> of its health!)</small><br></div><div class="spacer battle-history"><br></div><h2 class="battle-history">Turn 26</h2><div class="spacer battle-history"><br></div><div class="battle-history">Venusaur used <strong>Sludge Bomb</strong>!<br></div><div class="battle-history"><small>(The opposing VINELAND lost <abbr title="−33/363">9.1%</abbr> of its health!)</small><br></div><div class="battle-history"><small>Venusaur lost some of its HP!</small><br></div><div class="spacer battle-history"><br></div><div class="battle-history">The opposing VINELAND fainted!<br></div><div class="spacer battle-history"><br></div><div class="battle-history">inherent vice sent out CRYING OF LOT 49 (<strong>Scrafty</strong>)!<br></div><div class="spacer battle-history"><br></div><h2 class="battle-history">Turn 27</h2><div class="spacer battle-history"><br></div><div class="battle-history">inherent vice withdrew CRYING OF LOT 49!<br></div><div class="battle-history">inherent vice sent out V. (<strong>Escavalier</strong>)!<br></div><div class="spacer battle-history"><br></div><div class="battle-history">Venusaur used <strong>Leaf Storm</strong>!<br></div><div class="battle-history"><small>The opposing V. avoided the attack!</small><br></div><div class="spacer battle-history"><br></div><h2 class="battle-history">Turn 28</h2><div class="chat chatmessage-inherentvice"><strong style="color:hsl(40,80%,43.152920226844444%)"><small>☆</small><span class="username" data-name="inherent vice">inherent vice</span>:</strong> <em>shucks</em></div><div class="chat chatmessage-eifo"><strong style="color:hsl(309,72%,42%)"><small> </small><span class="username" data-name="eifo">eifo</span>:</strong> <em>rip</em></div><div class="chat"><small>irk'd joined.</small></div><div class="chat"><small>thick skulled joined.</small></div><div class="spacer battle-history"><br></div><div class="battle-history">Venusaur used <strong>Knock Off</strong>!<br></div><div class="battle-history"><small>(The opposing V. lost <abbr title="−36/343">10.5%</abbr> of its health!)</small><br></div><div class="battle-history"><small>Venusaur lost some of its HP!</small><br></div><div class="spacer battle-history"><br></div><div class="battle-history">The opposing V. fainted!<br></div><div class="chat"><small>tkfkdgo joined.</small></div><div class="spacer battle-history"><br></div><div class="battle-history">inherent vice sent out GRAVITY'S RAINBOW (<strong>Xatu</strong>)!<br></div><div class="spacer battle-history"><br></div><h2 class="battle-history">Turn 29</h2><div class="chat chatmessage-mraldo"><strong style="color:hsl(234,45%,61.885059011812395%)"><small>%</small><span class="username" data-name="Mr. Aldo">Mr. Aldo</span>:</strong> <em>hence why I dont like slow sluggish teams like that</em></div><div class="chat"><small>inherent vice left.</small></div><div class="chat"><small>inherent vice joined.</small></div><div class="chat chatmessage-mraldo"><strong style="color:hsl(234,45%,61.885059011812395%)"><small>%</small><span class="username" data-name="Mr. Aldo">Mr. Aldo</span>:</strong> <em>NO, HIS INTERNET</em></div><div class="spacer battle-history"><br></div><div class="battle-history">Venusaur, come back!<br></div><div class="battle-history">Go! <strong>Registeel</strong>!<br></div><div class="spacer battle-history"><br></div><div class="battle-history">The opposing GRAVITY'S RAINBOW used <strong>Roost</strong>!<br></div><div class="battle-history"><small>The opposing GRAVITY'S RAINBOW restored its HP.</small><br></div><div class="spacer battle-history"><br></div><div class="battle-history"><small>Registeel restored a little HP using its Leftovers!</small><br></div><div class="spacer battle-history"><br></div><h2 class="battle-history">Turn 30</h2><div class="chat"><small>spookysocialist left.</small></div><div class="spacer battle-history"><br></div><div class="battle-history">The opposing GRAVITY'S RAINBOW used <strong>Night Shade</strong>!<br></div><div class="battle-history"><small>(Registeel lost <abbr title="−100/363">27.5%</abbr> of its health!)</small><br></div><div class="spacer battle-history"><br></div><div class="battle-history">Registeel used <strong>Seismic Toss</strong>!<br></div><div class="battle-history"><small>(The opposing GRAVITY'S RAINBOW lost <abbr title="−100/333">30.0%</abbr> of its health!)</small><br></div><div class="battle-history"><small>Registeel was hurt by the Rocky Helmet!</small><br></div><div class="spacer battle-history"><br></div><div class="battle-history"><small>Registeel restored a little HP using its Leftovers!</small><br></div><div class="spacer battle-history"><br></div><h2 class="battle-history">Turn 31</h2><div class="spacer battle-history"><br></div><div class="battle-history">Registeel, come back!<br></div><div class="battle-history">Go! <strong>Alomomola</strong>!<br></div><div class="spacer battle-history"><br></div><div class="battle-history">The opposing GRAVITY'S RAINBOW used <strong>Roost</strong>!<br></div><div class="battle-history"><small>The opposing GRAVITY'S RAINBOW restored its HP.</small><br></div><div class="spacer battle-history"><br></div><h2 class="battle-history">Turn 32</h2><div class="spacer battle-history"><br></div><div class="battle-history">The opposing GRAVITY'S RAINBOW used <strong>Toxic</strong>!<br></div><div class="battle-history"><small>Alomomola was badly poisoned!</small><br></div><div class="spacer battle-history"><br></div><div class="battle-history">Alomomola used <strong>Wish</strong>!<br></div><div class="spacer battle-history"><br></div><div class="battle-history"><small>Alomomola was hurt by poison!</small><br></div><div class="spacer battle-history"><br></div><h2 class="battle-history">Turn 33</h2><div class="chat chatmessage-inherentvice"><strong style="color:hsl(40,80%,43.152920226844444%)"><small>☆</small><span class="username" data-name="inherent vice">inherent vice</span>:</strong> <em>check</em></div><div class="chat"><small>inherent vice left.</small></div><div class="chat"><small>inherent vice joined.</small></div><div class="spacer battle-history"><br></div><div class="battle-history">The opposing GRAVITY'S RAINBOW used <strong>U-turn</strong>!<br></div><div class="battle-history"><small>(Alomomola lost <abbr title="−42/501">8.4%</abbr> of its health!)</small><br></div><div class="spacer battle-history"><br></div><div class="battle-history">The opposing GRAVITY'S RAINBOW went back to inherent vice!<br></div><div class="battle-history">inherent vice sent out CRYING OF LOT 49 (<strong>Scrafty</strong>)!<br></div><div class="spacer battle-history"><br></div><div class="battle-history">Alomomola used <strong>Scald</strong>!<br></div><div class="battle-history"><small>A critical hit!</small><br></div><div class="battle-history"><small>(The opposing CRYING OF LOT 49 lost <abbr title="−64/273">23.4%</abbr> of its health!)</small><br></div><div class="spacer battle-history"><br></div><div class="battle-history"><small>Alomomola's wish came true!</small><br></div><div class="battle-history"><small>The opposing CRYING OF LOT 49 restored a little HP using its Leftovers!</small><br></div><div class="battle-history"><small>Alomomola was hurt by poison!</small><br></div><div class="spacer battle-history"><br></div><h2 class="battle-history">Turn 34</h2><div class="spacer battle-history"><br></div><div class="battle-history">Alomomola, come back!<br></div><div class="battle-history">Go! <strong>Medicham</strong>!<br></div><div class="spacer battle-history"><br></div><div class="battle-history">The opposing CRYING OF LOT 49 used <strong>Dragon Dance</strong>!<br></div><div class="battle-history"><small>The opposing CRYING OF LOT 49's Attack rose!</small><br></div><div class="battle-history"><small>The opposing CRYING OF LOT 49's Speed rose!</small><br></div><div class="spacer battle-history"><br></div><div class="battle-history"><small>The opposing CRYING OF LOT 49 restored a little HP using its Leftovers!</small><br></div><div class="spacer battle-history"><br></div><h2 class="battle-history">Turn 35</h2><div class="spacer battle-history"><br></div><div class="battle-history">inherent vice withdrew CRYING OF LOT 49!<br></div><div class="battle-history">inherent vice sent out GRAVITY'S RAINBOW (<strong>Xatu</strong>)!<br></div><div class="spacer battle-history"><br></div><div class="battle-history">Medicham used <strong>High Jump Kick</strong>!<br></div><div class="battle-history"><small>The opposing GRAVITY'S RAINBOW avoided the attack!</small><br></div><div class="battle-history"><small>Medicham kept going and crashed!</small><br></div><div class="spacer battle-history"><br></div><h2 class="battle-history">Turn 36</h2><div class="chat chatmessage-inherentvice"><strong style="color:hsl(40,80%,43.152920226844444%)"><small>☆</small><span class="username" data-name="inherent vice">inherent vice</span>:</strong> <em>sorry man</em></div><div class="chat chatmessage-zorodark"><strong style="color:hsl(207,42%,46.24263679699702%)"><small>☆</small><span class="username" data-name="ZoroDark">ZoroDark</span>:</strong> <em>its fine</em></div><div class="spacer battle-history"><br></div><div class="battle-history">Medicham, come back!<br></div><div class="battle-history">Go! <strong>Alomomola</strong>!<br></div><div class="spacer battle-history"><br></div><div class="battle-history">The opposing GRAVITY'S RAINBOW used <strong>U-turn</strong>!<br></div><div class="battle-history"><small>(Alomomola lost <abbr title="−40/501">8.0%</abbr> of its health!)</small><br></div><div class="chat chatmessage-thickskulled"><strong style="color:hsl(285,53%,48.14218201298223%)"><small> </small><span class="username" data-name="thick skulled">thick skulled</span>:</strong> <em>you even risked it with jelly right there</em></div><div class="spacer battle-history"><br></div><div class="battle-history">The opposing GRAVITY'S RAINBOW went back to inherent vice!<br></div><div class="battle-history">inherent vice sent out CRYING OF LOT 49 (<strong>Scrafty</strong>)!<br></div><div class="spacer battle-history"><br></div><div class="battle-history"><small>The opposing CRYING OF LOT 49 restored a little HP using its Leftovers!</small><br></div><div class="battle-history"><small>Alomomola restored a little HP using its Leftovers!</small><br></div><div class="battle-history"><small>Alomomola was hurt by poison!</small><br></div><div class="spacer battle-history"><br></div><h2 class="battle-history">Turn 37</h2><div class="chat chatmessage-zorodark"><strong style="color:hsl(207,42%,46.24263679699702%)"><small>☆</small><span class="username" data-name="ZoroDark">ZoroDark</span>:</strong> <em>well he didnt go jelly did he</em></div><div class="chat chatmessage-thickskulled"><strong style="color:hsl(285,53%,48.14218201298223%)"><small> </small><span class="username" data-name="thick skulled">thick skulled</span>:</strong> <em>no but what if he did</em></div><div class="spacer battle-history"><br></div><div class="battle-history">Alomomola, come back!<br></div><div class="battle-history">Go! <strong>Medicham</strong>!<br></div><div class="spacer battle-history"><br></div><div class="battle-history">The opposing CRYING OF LOT 49 used <strong>Dragon Dance</strong>!<br></div><div class="battle-history"><small>The opposing CRYING OF LOT 49's Attack rose!</small><br></div><div class="battle-history"><small>The opposing CRYING OF LOT 49's Speed rose!</small><br></div><div class="spacer battle-history"><br></div><div class="battle-history"><small>The opposing CRYING OF LOT 49 restored a little HP using its Leftovers!</small><br></div><div class="spacer battle-history"><br></div><h2 class="battle-history">Turn 38</h2><div class="chat chatmessage-thickskulled"><strong style="color:hsl(285,53%,48.14218201298223%)"><small> </small><span class="username" data-name="thick skulled">thick skulled</span>:</strong> <em>same thing</em></div><div class="spacer battle-history"><br></div><div class="battle-history">Medicham, come back!<br></div><div class="battle-history">Go! <strong>Alomomola</strong>!<br></div><div class="spacer battle-history"><br></div><div class="battle-history">inherent vice withdrew CRYING OF LOT 49!<br></div><div class="battle-history">inherent vice sent out GRAVITY'S RAINBOW (<strong>Xatu</strong>)!<br></div><div class="spacer battle-history"><br></div><div class="battle-history"><small>Alomomola was hurt by poison!</small><br></div><div class="spacer battle-history"><br></div><h2 class="battle-history">Turn 39</h2><div class="spacer battle-history"><br></div><div class="battle-history">The opposing GRAVITY'S RAINBOW used <strong>U-turn</strong>!<br></div><div class="battle-history"><small>(Alomomola lost <abbr title="−40/501">8.0%</abbr> of its health!)</small><br></div><div class="spacer battle-history"><br></div><div class="battle-history">The opposing GRAVITY'S RAINBOW went back to inherent vice!<br></div><div class="battle-history">inherent vice sent out CRYING OF LOT 49 (<strong>Scrafty</strong>)!<br></div><div class="spacer battle-history"><br></div><div class="battle-history">Alomomola used <strong>Toxic</strong>!<br></div><div class="battle-history"><small>The opposing CRYING OF LOT 49 was badly poisoned!</small><br></div><div class="spacer battle-history"><br></div><div class="battle-history"><small>[The opposing CRYING OF LOT 49's Shed Skin]</small><br></div><div class="battle-history"><small>The opposing CRYING OF LOT 49 was cured of its poisoning.</small><br></div><div class="battle-history"><small>The opposing CRYING OF LOT 49 restored a little HP using its Leftovers!</small><br></div><div class="battle-history"><small>Alomomola restored a little HP using its Leftovers!</small><br></div><div class="battle-history"><small>Alomomola was hurt by poison!</small><br></div><div class="spacer battle-history"><br></div><h2 class="battle-history">Turn 40</h2><div class="spacer battle-history"><br></div><div class="battle-history">Alomomola, come back!<br></div><div class="battle-history">Go! <strong>Medicham</strong>!<br></div><div class="spacer battle-history"><br></div><div class="battle-history">The opposing CRYING OF LOT 49 used <strong>Dragon Dance</strong>!<br></div><div class="battle-history"><small>The opposing CRYING OF LOT 49's Attack rose!</small><br></div><div class="battle-history"><small>The opposing CRYING OF LOT 49's Speed rose!</small><br></div><div class="spacer battle-history"><br></div><div class="battle-history"><small>The opposing CRYING OF LOT 49 restored a little HP using its Leftovers!</small><br></div><div class="spacer battle-history"><br></div><h2 class="battle-history">Turn 41</h2><div class="spacer battle-history"><br></div><div class="battle-history">Medicham, come back!<br></div><div class="battle-history">Go! <strong>Alomomola</strong>!<br></div><div class="spacer battle-history"><br></div><div class="battle-history">inherent vice withdrew CRYING OF LOT 49!<br></div><div class="battle-history">inherent vice sent out GRAVITY'S RAINBOW (<strong>Xatu</strong>)!<br></div><div class="spacer battle-history"><br></div><div class="battle-history"><small>Alomomola was hurt by poison!</small><br></div><div class="spacer battle-history"><br></div><h2 class="battle-history">Turn 42</h2><div class="spacer battle-history"><br></div><div class="battle-history">The opposing GRAVITY'S RAINBOW used <strong>U-turn</strong>!<br></div><div class="battle-history"><small>(Alomomola lost <abbr title="−45/501">9.0%</abbr> of its health!)</small><br></div><div class="spacer battle-history"><br></div><div class="battle-history">The opposing GRAVITY'S RAINBOW went back to inherent vice!<br></div><div class="battle-history">inherent vice sent out CRYING OF LOT 49 (<strong>Scrafty</strong>)!<br></div><div class="spacer battle-history"><br></div><div class="battle-history">Alomomola used <strong>Toxic</strong>!<br></div><div class="battle-history"><small>The opposing CRYING OF LOT 49 was badly poisoned!</small><br></div><div class="spacer battle-history"><br></div><div class="battle-history"><small>[The opposing CRYING OF LOT 49's Shed Skin]</small><br></div><div class="battle-history"><small>The opposing CRYING OF LOT 49 was cured of its poisoning.</small><br></div><div class="battle-history"><small>The opposing CRYING OF LOT 49 restored a little HP using its Leftovers!</small><br></div><div class="battle-history"><small>Alomomola restored a little HP using its Leftovers!</small><br></div><div class="battle-history"><small>Alomomola was hurt by poison!</small><br></div><div class="spacer battle-history"><br></div><h2 class="battle-history">Turn 43</h2><div class="chat chatmessage-inherentvice"><strong style="color:hsl(40,80%,43.152920226844444%)"><small>☆</small><span class="username" data-name="inherent vice">inherent vice</span>:</strong> <em>lol</em></div><div class="spacer battle-history"><br></div><div class="battle-history">The opposing CRYING OF LOT 49 used <strong>Knock Off</strong>!<br></div><div class="battle-history"><small>(Alomomola lost <abbr title="−129/501">25.7%</abbr> of its health!)</small><br></div><div class="battle-history"><small>The opposing CRYING OF LOT 49 knocked off Alomomola's Leftovers!</small><br></div><div class="spacer battle-history"><br></div><div class="battle-history">Alomomola used <strong>Scald</strong>!<br></div><div class="battle-history"><small>(The opposing CRYING OF LOT 49 lost <abbr title="−39/273">14.3%</abbr> of its health!)</small><br></div><div class="spacer battle-history"><br></div><div class="battle-history"><small>The opposing CRYING OF LOT 49 restored a little HP using its Leftovers!</small><br></div><div class="battle-history"><small>Alomomola was hurt by poison!</small><br></div><div class="spacer battle-history"><br></div><h2 class="battle-history">Turn 44</h2><div class="spacer battle-history"><br></div><div class="battle-history">Alomomola, come back!<br></div><div class="battle-history">Go! <strong>Medicham</strong>!<br></div><div class="spacer battle-history"><br></div><div class="battle-history">The opposing CRYING OF LOT 49 used <strong>Knock Off</strong>!<br></div><div class="battle-history"><small>(Medicham lost <abbr title="−131/261">50.2%</abbr> of its health!)</small><br></div><div class="battle-history"><small>The opposing CRYING OF LOT 49 knocked off Medicham's Choice Scarf!</small><br></div><div class="spacer battle-history"><br></div><div class="battle-history">Medicham fainted!<br></div><div class="spacer battle-history"><br></div><div class="battle-history"><small>The opposing CRYING OF LOT 49 restored a little HP using its Leftovers!</small><br></div><div class="spacer battle-history"><br></div><div class="battle-history">Go! <strong>Venusaur</strong>!<br></div><div class="spacer battle-history"><br></div><h2 class="battle-history">Turn 45</h2><div class="spacer battle-history"><br></div><div class="battle-history">Venusaur used <strong>Synthesis</strong>!<br></div><div class="battle-history"><small>Venusaur restored its HP.</small><br></div><div class="spacer battle-history"><br></div><div class="battle-history">The opposing CRYING OF LOT 49 used <strong>Knock Off</strong>!<br></div><div class="battle-history"><small>(Venusaur lost <abbr title="−156/301">51.8%</abbr> of its health!)</small><br></div><div class="battle-history"><small>The opposing CRYING OF LOT 49 knocked off Venusaur's Life Orb!</small><br></div><div class="spacer battle-history"><br></div><div class="battle-history"><small>The opposing CRYING OF LOT 49 restored a little HP using its Leftovers!</small><br></div><div class="spacer battle-history"><br></div><h2 class="battle-history">Turn 46</h2><div class="spacer battle-history"><br></div><div class="battle-history">Venusaur used <strong>Leaf Storm</strong>!<br></div><div class="battle-history"><small>A critical hit!</small><br></div><div class="battle-history"><small>(The opposing CRYING OF LOT 49 lost <abbr title="−187/273">68.5%</abbr> of its health!)</small><br></div><div class="battle-history"><small>Venusaur's Special Attack fell harshly!</small><br></div><div class="spacer battle-history"><br></div><div class="battle-history">The opposing CRYING OF LOT 49 fainted!<br></div><div class="chat chatmessage-inherentvice"><strong style="color:hsl(40,80%,43.152920226844444%)"><small>☆</small><span class="username" data-name="inherent vice">inherent vice</span>:</strong> <em>that is</em></div><div class="chat chatmessage-inherentvice"><strong style="color:hsl(40,80%,43.152920226844444%)"><small>☆</small><span class="username" data-name="inherent vice">inherent vice</span>:</strong> <em>ungood</em></div><div class="spacer battle-history"><br></div><div class="battle-history">inherent vice sent out BLEEDING EDGE (<strong>Jellicent</strong>)!<br></div><div class="spacer battle-history"><br></div><h2 class="battle-history">Turn 47</h2><div class="spacer battle-history"><br></div><div class="battle-history">inherent vice withdrew BLEEDING EDGE!<br></div><div class="battle-history">inherent vice sent out GRAVITY'S RAINBOW (<strong>Xatu</strong>)!<br></div><div class="spacer battle-history"><br></div><div class="battle-history">Venusaur used <strong>Leaf Storm</strong>!<br></div><div class="battle-history"><small>The opposing GRAVITY'S RAINBOW avoided the attack!</small><br></div><div class="spacer battle-history"><br></div><h2 class="battle-history">Turn 48</h2><div class="chat chatmessage-feliburn"><strong style="color:hsl(59,89%,31.085366448508736%)"><small>@</small><span class="username" data-name="Feliburn">Feliburn</span>:</strong> <em>p sure w/ overgrow it killed</em></div><div class="chat chatmessage-inherentvice"><strong style="color:hsl(40,80%,43.152920226844444%)"><small>☆</small><span class="username" data-name="inherent vice">inherent vice</span>:</strong> <em>im bulky</em></div><div class="chat chatmessage-inherentvice"><strong style="color:hsl(40,80%,43.152920226844444%)"><small>☆</small><span class="username" data-name="inherent vice">inherent vice</span>:</strong> <em>as f</em></div><div class="chat chatmessage-inherentvice"><strong style="color:hsl(40,80%,43.152920226844444%)"><small>☆</small><span class="username" data-name="inherent vice">inherent vice</span>:</strong> <em>i didnt calc tho</em></div><div class="spacer battle-history"><br></div><div class="battle-history">Venusaur, come back!<br></div><div class="battle-history">Go! <strong>Alomomola</strong>!<br></div><div class="spacer battle-history"><br></div><div class="battle-history">The opposing GRAVITY'S RAINBOW used <strong>U-turn</strong>!<br></div><div class="battle-history"><small>(Alomomola lost <abbr title="−42/501">8.4%</abbr> of its health!)</small><br></div><div class="spacer battle-history"><br></div><div class="battle-history">The opposing GRAVITY'S RAINBOW went back to inherent vice!<br></div><div class="battle-history">inherent vice sent out BLEEDING EDGE (<strong>Jellicent</strong>)!<br></div><div class="spacer battle-history"><br></div><div class="battle-history"><small>Alomomola was hurt by poison!</small><br></div><div class="spacer battle-history"><br></div><h2 class="battle-history">Turn 49</h2><div class="spacer battle-history"><br></div><div class="battle-history">The opposing BLEEDING EDGE used <strong>Recover</strong>!<br></div><div class="battle-history"><small>The opposing BLEEDING EDGE restored its HP.</small><br></div><div class="spacer battle-history"><br></div><div class="battle-history">Alomomola used <strong>Toxic</strong>!<br></div><div class="battle-history"><small>The opposing BLEEDING EDGE avoided the attack!</small><br></div><div class="spacer battle-history"><br></div><div class="battle-history"><small>Alomomola was hurt by poison!</small><br></div><div class="spacer battle-history"><br></div><h2 class="battle-history">Turn 50</h2><div class="chat chatmessage-zorodark"><strong style="color:hsl(207,42%,46.24263679699702%)"><small>☆</small><span class="username" data-name="ZoroDark">ZoroDark</span>:</strong> <em>this game is hot garbage</em></div><div class="chat chatmessage-inherentvice"><strong style="color:hsl(40,80%,43.152920226844444%)"><small>☆</small><span class="username" data-name="inherent vice">inherent vice</span>:</strong> <em>y</em></div><div class="spacer battle-history"><br></div><div class="battle-history">The opposing BLEEDING EDGE used <strong>Hex</strong>!<br></div><div class="battle-history"><small>(Alomomola lost <abbr title="−156/501">31.1%</abbr> of its health!)</small><br></div><div class="spacer battle-history"><br></div><div class="battle-history">Alomomola used <strong>Wish</strong>!<br></div><div class="spacer battle-history"><br></div><div class="battle-history"><small>Alomomola was hurt by poison!</small><br></div><div class="spacer battle-history"><br></div><div class="battle-history">Alomomola fainted!<br></div><div class="spacer battle-history"><br></div><div class="battle-history">Go! <strong>Venusaur</strong>!<br></div><div class="spacer battle-history"><br></div><h2 class="battle-history">Turn 51</h2><div class="spacer battle-history"><br></div><div class="battle-history">inherent vice withdrew BLEEDING EDGE!<br></div><div class="battle-history">inherent vice sent out GRAVITY'S RAINBOW (<strong>Xatu</strong>)!<br></div><div class="spacer battle-history"><br></div><div class="battle-history">Venusaur used <strong>Synthesis</strong>!<br></div><div class="battle-history"><small>Venusaur restored its HP.</small><br></div><div class="spacer battle-history"><br></div><div class="battle-history"><small>Alomomola's wish came true!</small><br></div><div class="spacer battle-history"><br></div><h2 class="battle-history">Turn 52</h2><div class="spacer battle-history"><br></div><div class="battle-history">Venusaur used <strong>Sludge Bomb</strong>!<br></div><div class="battle-history"><small>(The opposing GRAVITY'S RAINBOW lost <abbr title="−184/333">55.3%</abbr> of its health!)</small><br></div><div class="spacer battle-history"><br></div><div class="battle-history">The opposing GRAVITY'S RAINBOW used <strong>Night Shade</strong>!<br></div><div class="battle-history"><small>(Venusaur lost <abbr title="−100/301">33.2%</abbr> of its health!)</small><br></div><div class="spacer battle-history"><br></div><h2 class="battle-history">Turn 53</h2><div class="spacer battle-history"><br></div><div class="battle-history">inherent vice withdrew GRAVITY'S RAINBOW!<br></div><div class="battle-history">inherent vice sent out BLEEDING EDGE (<strong>Jellicent</strong>)!<br></div><div class="spacer battle-history"><br></div><div class="battle-history">Venusaur used <strong>Sludge Bomb</strong>!<br></div><div class="battle-history"><small>It's not very effective...</small><br></div><div class="battle-history"><small>(The opposing BLEEDING EDGE lost <abbr title="−63/404">15.6%</abbr> of its health!)</small><br></div><div class="spacer battle-history"><br></div><h2 class="battle-history">Turn 54</h2><div class="spacer battle-history"><br></div><div class="battle-history">inherent vice withdrew BLEEDING EDGE!<br></div><div class="battle-history">inherent vice sent out GRAVITY'S RAINBOW (<strong>Xatu</strong>)!<br></div><div class="spacer battle-history"><br></div><div class="battle-history">Venusaur used <strong>Leaf Storm</strong>!<br></div><div class="battle-history"><small>The opposing GRAVITY'S RAINBOW avoided the attack!</small><br></div><div class="spacer battle-history"><br></div><h2 class="battle-history">Turn 55</h2><div class="spacer battle-history"><br></div><div class="battle-history">inherent vice withdrew GRAVITY'S RAINBOW!<br></div><div class="battle-history">inherent vice sent out BLEEDING EDGE (<strong>Jellicent</strong>)!<br></div><div class="spacer battle-history"><br></div><div class="battle-history">Venusaur used <strong>Sludge Bomb</strong>!<br></div><div class="battle-history"><small>It's not very effective...</small><br></div><div class="battle-history"><small>(The opposing BLEEDING EDGE lost <abbr title="−69/404">17.1%</abbr> of its health!)</small><br></div><div class="spacer battle-history"><br></div><h2 class="battle-history">Turn 56</h2><div class="spacer battle-history"><br></div><div class="battle-history">inherent vice withdrew BLEEDING EDGE!<br></div><div class="battle-history">inherent vice sent out GRAVITY'S RAINBOW (<strong>Xatu</strong>)!<br></div><div class="spacer battle-history"><br></div><div class="battle-history">Venusaur used <strong>Leaf Storm</strong>!<br></div><div class="battle-history"><small>It's not very effective...</small><br></div><div class="battle-history"><small>(The opposing GRAVITY'S RAINBOW lost <abbr title="−121/333">36.3%</abbr> of its health!)</small><br></div><div class="battle-history"><small>Venusaur's Special Attack fell harshly!</small><br></div><div class="spacer battle-history"><br></div><h2 class="battle-history">Turn 57</h2><div class="spacer battle-history"><br></div><div class="battle-history">inherent vice withdrew GRAVITY'S RAINBOW!<br></div><div class="battle-history">inherent vice sent out BLEEDING EDGE (<strong>Jellicent</strong>)!<br></div><div class="spacer battle-history"><br></div><div class="battle-history">Venusaur used <strong>Sludge Bomb</strong>!<br></div><div class="battle-history"><small>It's not very effective...</small><br></div><div class="battle-history"><small>(The opposing BLEEDING EDGE lost <abbr title="−34/404">8.4%</abbr> of its health!)</small><br></div><div class="spacer battle-history"><br></div><h2 class="battle-history">Turn 58</h2><div class="spacer battle-history"><br></div><div class="battle-history">Venusaur used <strong>Leaf Storm</strong>!<br></div><div class="battle-history"><small>The opposing BLEEDING EDGE avoided the attack!</small><br></div><div class="spacer battle-history"><br></div><div class="battle-history">The opposing BLEEDING EDGE used <strong>Recover</strong>!<br></div><div class="battle-history"><small>The opposing BLEEDING EDGE restored its HP.</small><br></div><div class="spacer battle-history"><br></div><h2 class="battle-history">Turn 59</h2><div class="chat chatmessage-zorodark"><strong style="color:hsl(207,42%,46.24263679699702%)"><small>☆</small><span class="username" data-name="ZoroDark">ZoroDark</span>:</strong> <em>jesus</em></div><div class="chat chatmessage-eifo"><strong style="color:hsl(309,72%,42%)"><small> </small><span class="username" data-name="eifo">eifo</span>:</strong> <em>dude</em></div><div class="chat chatmessage-eifo"><strong style="color:hsl(309,72%,42%)"><small> </small><span class="username" data-name="eifo">eifo</span>:</strong> <em>it cant hit..</em></div><div class="spacer battle-history"><br></div><div class="battle-history">Venusaur used <strong>Sludge Bomb</strong>!<br></div><div class="battle-history"><small>It's not very effective...</small><br></div><div class="battle-history"><small>(The opposing BLEEDING EDGE lost <abbr title="−32/404">7.9%</abbr> of its health!)</small><br></div><div class="spacer battle-history"><br></div><div class="battle-history">The opposing BLEEDING EDGE used <strong>Scald</strong>!<br></div><div class="battle-history"><small>It's not very effective...</small><br></div><div class="battle-history"><small>(Venusaur lost <abbr title="−40/301">13.3%</abbr> of its health!)</small><br></div><div class="spacer battle-history"><br></div><h2 class="battle-history">Turn 60</h2><div class="spacer battle-history"><br></div><div class="battle-history">Venusaur used <strong>Sludge Bomb</strong>!<br></div><div class="battle-history"><small>It's not very effective...</small><br></div><div class="battle-history"><small>(The opposing BLEEDING EDGE lost <abbr title="−31/404">7.7%</abbr> of its health!)</small><br></div><div class="battle-history"><small>The opposing BLEEDING EDGE was poisoned!</small><br></div><div class="spacer battle-history"><br></div><div class="battle-history">The opposing BLEEDING EDGE used <strong>Scald</strong>!<br></div><div class="battle-history"><small>It's not very effective...</small><br></div><div class="battle-history"><small>(Venusaur lost <abbr title="−40/301">13.3%</abbr> of its health!)</small><br></div><div class="battle-history"><small>Venusaur was burned!</small><br></div><div class="spacer battle-history"><br></div><div class="battle-history"><small>Venusaur was hurt by its burn!</small><br></div><div class="battle-history"><small>The opposing BLEEDING EDGE was hurt by poison!</small><br></div><div class="spacer battle-history"><br></div><h2 class="battle-history">Turn 61</h2><div class="spacer battle-history"><br></div><div class="battle-history">Venusaur used <strong>Synthesis</strong>!<br></div><div class="battle-history"><small>Venusaur restored its HP.</small><br></div><div class="spacer battle-history"><br></div><div class="battle-history">The opposing BLEEDING EDGE used <strong>Hex</strong>!<br></div><div class="battle-history"><small>(Venusaur lost <abbr title="−141/301">46.8%</abbr> of its health!)</small><br></div><div class="spacer battle-history"><br></div><div class="battle-history"><small>Venusaur was hurt by its burn!</small><br></div><div class="battle-history"><small>The opposing BLEEDING EDGE was hurt by poison!</small><br></div><div class="spacer battle-history"><br></div><h2 class="battle-history">Turn 62</h2><div class="spacer battle-history"><br></div><div class="battle-history">Venusaur used <strong>Leaf Storm</strong>!<br></div><div class="battle-history"><small>It's super effective!</small><br></div><div class="battle-history"><small>(The opposing BLEEDING EDGE lost <abbr title="−188/404">46.5%</abbr> of its health!)</small><br></div><div class="battle-history"><small>Venusaur's Special Attack fell harshly!</small><br></div><div class="spacer battle-history"><br></div><div class="battle-history">The opposing BLEEDING EDGE fainted!<br></div><div class="spacer battle-history"><br></div><div class="battle-history"><small>Venusaur was hurt by its burn!</small><br></div><div class="chat"><small>Homiedino joined.</small></div><div class="chat"><small>inherent vice left.</small></div><div class="chat"><small>tkfkdgo left.</small></div><div class="chat"><small>Homiedino left.</small></div><div class="chat"><small>inherent vice joined.</small></div><div class="chat chatmessage-inherentvice"><strong style="color:hsl(40,80%,43.152920226844444%)"><small>☆</small><span class="username" data-name="inherent vice">inherent vice</span>:</strong> <em>gg</em></div><div class="chat"><small>thick skulled left.</small></div><div class="chat chatmessage-inherentvice"><strong style="color:hsl(40,80%,43.152920226844444%)"><small>☆</small><span class="username" data-name="inherent vice">inherent vice</span>:</strong> <em>well</em></div><div class="chat chatmessage-inherentvice"><strong style="color:hsl(40,80%,43.152920226844444%)"><small>☆</small><span class="username" data-name="inherent vice">inherent vice</span>:</strong> <em>not rlly</em></div><div class="chat chatmessage-inherentvice"><strong style="color:hsl(40,80%,43.152920226844444%)"><small>☆</small><span class="username" data-name="inherent vice">inherent vice</span>:</strong> <em>was kinda ass</em></div><div class="chat chatmessage-zorodark"><strong style="color:hsl(207,42%,46.24263679699702%)"><small>☆</small><span class="username" data-name="ZoroDark">ZoroDark</span>:</strong> <em>yea i think</em></div><div class="chat chatmessage-zorodark"><strong style="color:hsl(207,42%,46.24263679699702%)"><small>☆</small><span class="username" data-name="ZoroDark">ZoroDark</span>:</strong> <em>the crit on camel</em></div><div class="chat chatmessage-zorodark"><strong style="color:hsl(207,42%,46.24263679699702%)"><small>☆</small><span class="username" data-name="ZoroDark">ZoroDark</span>:</strong> <em>was the biggest of it all</em></div><div class="chat chatmessage-zorodark"><strong style="color:hsl(207,42%,46.24263679699702%)"><small>☆</small><span class="username" data-name="ZoroDark">ZoroDark</span>:</strong> <em>sry about that</em></div><div class="chat chatmessage-inherentvice"><strong style="color:hsl(40,80%,43.152920226844444%)"><small>☆</small><span class="username" data-name="inherent vice">inherent vice</span>:</strong> <em>y</em></div><div class="chat chatmessage-zorodark"><strong style="color:hsl(207,42%,46.24263679699702%)"><small>☆</small><span class="username" data-name="ZoroDark">ZoroDark</span>:</strong> <em>gg</em></div><div class="chat"><small>Tzop left.</small></div><div class="chat chatmessage-inherentvice"><strong style="color:hsl(40,80%,43.152920226844444%)"><small>☆</small><span class="username" data-name="inherent vice">inherent vice</span>:</strong> <em>were u eq</em></div><div class="chat chatmessage-zorodark"><strong style="color:hsl(207,42%,46.24263679699702%)"><small>☆</small><span class="username" data-name="ZoroDark">ZoroDark</span>:</strong> <em>no</em></div><div class="chat chatmessage-inherentvice"><strong style="color:hsl(40,80%,43.152920226844444%)"><small>☆</small><span class="username" data-name="inherent vice">inherent vice</span>:</strong> <em>suit?</em></div><div class="chat chatmessage-zorodark"><strong style="color:hsl(207,42%,46.24263679699702%)"><small>☆</small><span class="username" data-name="ZoroDark">ZoroDark</span>:</strong> <em>ya</em></div><div class="chat"><small>Just Random Nick joined.</small></div><div class="chat chatmessage-inherentvice"><strong style="color:hsl(40,80%,43.152920226844444%)"><small>☆</small><span class="username" data-name="inherent vice">inherent vice</span>:</strong> <em>yeah that's annoying</em></div><div class="spacer battle-history"><br></div><div class="battle-history"><small>inherent vice forfeited.</small><br></div><div class="spacer battle-history"><br></div><div class="battle-history"><strong>ZoroDark</strong> won the battle!<br></div><div class="chat"><small>ZoroDark left.</small></div><div class="chat"><small>Feliburn left.</small></div><div class="chat"><small>Micro joined.</small></div><div class="chat"><small>Just Random Nick left.</small></div><div class="chat"><small>Micro left.</small></div><div class="chat"><small>h_t left.</small></div><div class="chat"><small>Dundies joined.</small></div><div class="chat"><small>Dundies left.</small></div><div class="chat"><small>eifo left.</small></div><div class="chat"><small>irk'd left.</small></div><div class="chat"><small>inherent vice left.</small></div><div class="chat"><small>Mr. Aldo left.</small></div><div class="chat"><small>ZoroDark joined.</small></div></div><div class="inner-preempt"></div></div></div>
</div>
<script>
let daily = Math.floor(Date.now()/1000/60/60/24);document.write('<script src="https://play.pokemonshowdown.com/js/replay-embed.js?version'+daily+'"></'+'script>');
</script>
