<!DOCTYPE html>
<meta charset="utf-8" />
<!-- version 1 -->
<title>RU replay: Wyndiest vs. MissingVulpine</title>
<style>
html,body {font-family:Verdana, sans-serif;font-size:10pt;margin:0;padding:0;}body{padding:12px 0;} .battle-log {font-family:Verdana, sans-serif;font-size:10pt;} .battle-log-inline {border:1px solid #AAAAAA;background:#EEF2F5;color:black;max-width:640px;margin:0 auto 80px;padding-bottom:5px;} .battle-log .inner {padding:4px 8px 0px 8px;} .battle-log .inner-preempt {padding:0 8px 4px 8px;} .battle-log .inner-after {margin-top:0.5em;} .battle-log h2 {margin:0.5em -8px;padding:4px 8px;border:1px solid #AAAAAA;background:#E0E7EA;border-left:0;border-right:0;font-family:Verdana, sans-serif;font-size:13pt;} .battle-log .chat {vertical-align:middle;padding:3px 0 3px 0;font-size:8pt;} .battle-log .chat strong {color:#40576A;} .battle-log .chat em {padding:1px 4px 1px 3px;color:#000000;font-style:normal;} .chat.mine {background:rgba(0,0,0,0.05);margin-left:-8px;margin-right:-8px;padding-left:8px;padding-right:8px;} .spoiler {color:#BBBBBB;background:#BBBBBB;padding:0px 3px;} .spoiler:hover, .spoiler:active, .spoiler-shown {color:#000000;background:#E2E2E2;padding:0px 3px;} .spoiler a {color:#BBBBBB;} .spoiler:hover a, .spoiler:active a, .spoiler-shown a {color:#2288CC;} .chat code, .chat .spoiler:hover code, .chat .spoiler:active code, .chat .spoiler-shown code {border:1px solid #C0C0C0;background:#EEEEEE;color:black;padding:0 2px;} .chat .spoiler code {border:1px solid #CCCCCC;background:#CCCCCC;color:#CCCCCC;} .battle-log .rated {padding:3px 4px;} .battle-log .rated strong {color:white;background:#89A;padding:1px 4px;border-radius:4px;} .spacer {margin-top:0.5em;} .message-announce {background:#6688AA;color:white;padding:1px 4px 2px;} .message-announce a, .broadcast-green a, .broadcast-blue a, .broadcast-red a {color:#DDEEFF;} .broadcast-green {background-color:#559955;color:white;padding:2px 4px;} .broadcast-blue {background-color:#6688AA;color:white;padding:2px 4px;} .infobox {border:1px solid #6688AA;padding:2px 4px;} .infobox-limited {max-height:200px;overflow:auto;overflow-x:hidden;} .broadcast-red {background-color:#AA5544;color:white;padding:2px 4px;} .message-learn-canlearn {font-weight:bold;color:#228822;text-decoration:underline;} .message-learn-cannotlearn {font-weight:bold;color:#CC2222;text-decoration:underline;} .message-effect-weak {font-weight:bold;color:#CC2222;} .message-effect-resist {font-weight:bold;color:#6688AA;} .message-effect-immune {font-weight:bold;color:#666666;} .message-learn-list {margin-top:0;margin-bottom:0;} .message-throttle-notice, .message-error {color:#992222;} .message-overflow, .chat small.message-overflow {font-size:0pt;} .message-overflow::before {font-size:9pt;content:'...';} .subtle {color:#3A4A66;}
</style>
<div class="wrapper replay-wrapper" style="max-width:1180px;margin:0 auto">
<input type="hidden" name="replayid" value="ru-491414618" />
<div class="battle"></div><div class="battle-log"></div><div class="replay-controls"></div><div class="replay-controls-2"></div>
<h1 style="font-weight:normal;text-align:center"><strong>RU</strong><br /><a href="http://pokemonshowdown.com/users/wyndiest" class="subtle" target="_blank">Wyndiest</a> vs. <a href="http://pokemonshowdown.com/users/missingvulpine" class="subtle" target="_blank">MissingVulpine</a></h1>
<script type="text/plain" class="battle-log-data">|j|Wyndiest
|j|MissingVulpine
|player|p1|Wyndiest|267
|player|p2|MissingVulpine|4
|gametype|singles
|gen|6
|tier|RU
|rated
|seed|10549,9920,32728,41950
|rule|Sleep Clause Mod: Limit one foe put to sleep
|rule|Species Clause: Limit one of each Pokémon
|rule|OHKO Clause: OHKO moves are banned
|rule|Moody Clause: Moody is banned
|rule|Evasion Moves Clause: Evasion moves are banned
|rule|Endless Battle Clause: Forcing endless battles is banned
|rule|HP Percentage Mod: HP is shown in percentages
|clearpoke
|poke|p1|Sigilyph, M, shiny|item
|poke|p1|Registeel, shiny|item
|poke|p1|Hitmonlee, M|item
|poke|p1|Spiritomb, M, shiny|item
|poke|p1|Seismitoad, M|item
|poke|p1|Ambipom, F|item
|poke|p2|Accelgor, M|item
|poke|p2|Cinccino, M|item
|poke|p2|Ambipom, M|item
|poke|p2|Clawitzer, M|item
|poke|p2|Braviary, M|item
|poke|p2|Camerupt, F, shiny|item
|rule|Swagger Clause: Swagger is banned
|rule|Baton Pass Clause: Limit one Baton Passer, can't pass Spe and other stats simultaneously
|teampreview
|c|★MissingVulpine|gl
|c|★Wyndiest|same 2 u
|choice|team 3, team 2, team 1, team 4, team 5, team 6|team 3, team 2, team 1, team 4, team 5, team 6
|
|start
|switch|p1a: Steve|Hitmonlee, M|241\/241
|switch|p2a: LOL|Ambipom, M|292\/292
|turn|1
|choice|move knockoff|move fakeout
|
|move|p2a: LOL|Fake Out|p1a: Steve
|-damage|p1a: Steve|103\/241
|cant|p1a: Steve|flinch
|
|upkeep
|turn|2
|choice|move endure|move lastresort
|
|move|p1a: Steve|Endure|p1a: Steve
|-singleturn|p1a: Steve|move: Endure
|move|p2a: LOL|Last Resort|p1a: Steve
|-crit|p1a: Steve
|-activate|p1a: Steve|move: Endure
|-damage|p1a: Steve|1\/241
|-enditem|p1a: Steve|Liechi Berry|[eat]
|-boost|p1a: Steve|atk|1
|
|upkeep
|turn|3
|choice|move reversal|move lastresort
|
|move|p1a: Steve|Reversal|p2a: LOL
|-supereffective|p2a: LOL
|-damage|p2a: LOL|0 fnt
|faint|p2a: LOL
|
|upkeep
|choice||switch 4
|
|switch|p2a: MegaMan|Clawitzer, M|284\/284
|turn|4
|c|★Wyndiest|damn you aqua jet
|choice|move reversal|move waterpulse
|
|move|p1a: Steve|Reversal|p2a: MegaMan
|-damage|p2a: MegaMan|0 fnt
|faint|p2a: MegaMan
|
|upkeep
|c|★Wyndiest|oh...
|c|★Wyndiest|no aqua jet
|choice||switch 3
|
|switch|p2a: Anime|Accelgor, M|302\/302
|turn|5
|c|★MissingVulpine|nope
|choice|move knockoff|move bugbuzz
|
|move|p1a: Steve|Knock Off|p2a: Anime
|-damage|p2a: Anime|0 fnt
|-enditem|p2a: Anime|Weakness Policy|[from] move: Knock Off|[of] p1a: Steve
|faint|p2a: Anime
|
|upkeep
|c|★MissingVulpine|Steve sweep?
|choice||switch 5
|
|switch|p2a: 'Murrica|Braviary, M|342\/342
|turn|6
|choice|move reversal|move return
|
|move|p1a: Steve|Reversal|p2a: 'Murrica
|-damage|p2a: 'Murrica|0 fnt
|faint|p2a: 'Murrica
|
|upkeep
|choice||switch 6
|
|switch|p2a: Alola Form|Camerupt, F, shiny|344\/344
|turn|7
|choice|move reversal|move flamethrower mega
|
|detailschange|p2a: Alola Form|Camerupt-Mega, F, shiny
|-mega|p2a: Alola Form|Camerupt|Cameruptite
|move|p1a: Steve|Reversal|p2a: Alola Form
|-damage|p2a: Alola Form|0 fnt
|faint|p2a: Alola Form
|
|upkeep
|c|★MissingVulpine|yes
|choice||switch 2
|
|switch|p2a: x5|Cinccino, M|292\/292
|turn|8
|c|★Wyndiest|👌
|c|★MissingVulpine|gg
|c|★Wyndiest|gg
|choice|move reversal|move bulletseed
|
|move|p1a: Steve|Reversal|p2a: x5
|-supereffective|p2a: x5
|-damage|p2a: x5|0 fnt
|faint|p2a: x5
|
|win|Wyndiest
|player|p1
|player|p2</script>
</div>
<div class="battle-log battle-log-inline"><div class="inner"><div class="battle-options"></div><div class="inner"><div class="chat"><small>Wyndiest joined.</small></div><div class="chat"><small>MissingVulpine joined.</small></div><div class=""><small>Format:</small> <br><strong>RU</strong></div><div class="rated"><strong>Rated battle</strong></div><div class=""><small><em>Sleep Clause Mod:</em> Limit one foe put to sleep</small></div><div class=""><small><em>Species Clause:</em> Limit one of each Pokémon</small></div><div class=""><small><em>OHKO Clause:</em> OHKO moves are banned</small></div><div class=""><small><em>Moody Clause:</em> Moody is banned</small></div><div class=""><small><em>Evasion Moves Clause:</em> Evasion moves are banned</small></div><div class=""><small><em>Endless Battle Clause:</em> Forcing endless battles is banned</small></div><div class=""><small><em>HP Percentage Mod:</em> HP is shown in percentages</small></div><div class=""><small><em>Swagger Clause:</em> Swagger is banned</small></div><div class=""><small><em>Baton Pass Clause:</em> Limit one Baton Passer, can't pass Spe and other stats simultaneously</small></div><div class="chat battle-history"><strong>Wyndiest's team:</strong> <em style="color:#445566;display:block;">Sigilyph / Registeel / Hitmonlee / Spiritomb / Seismitoad / Ambipom</em></div><div class="chat battle-history"><strong>MissingVulpine's team:</strong> <em style="color:#445566;display:block;">Accelgor / Cinccino / Ambipom / Clawitzer / Braviary / Camerupt</em></div><div class="chat chatmessage-missingvulpine"><strong style="color:hsl(93,52%,32.65481571286561%)"><small>★</small><span class="username" data-name="MissingVulpine">MissingVulpine</span>:</strong> <em>gl</em></div><div class="chat chatmessage-wyndiest"><strong style="color:hsl(265,48%,57.743320643507204%)"><small>★</small><span class="username" data-name="Wyndiest">Wyndiest</span>:</strong> <em>same 2 u</em></div><div class="spacer battle-history"><br></div><div class="battle-history">Battle started between Wyndiest and MissingVulpine!<br></div><div class="spacer battle-history"><br></div><div class="battle-history">Go! Steve (<strong>Hitmonlee</strong>)!<br></div><div class="spacer battle-history"><br></div><div class="battle-history">MissingVulpine sent out LOL (<strong>Ambipom</strong>)!<br></div><div class="spacer battle-history"><br></div><h2 class="battle-history">Turn 1</h2><div class="spacer battle-history"><br></div><div class="battle-history">The opposing LOL used <strong>Fake Out</strong>!<br></div><div class="battle-history"><small>(Steve lost <abbr title="−138/241">57.3%</abbr> of its health!)</small><br></div><div class="spacer battle-history"><br></div><div class="battle-history">Steve flinched and couldn't move!<br></div><div class="spacer battle-history"><br></div><h2 class="battle-history">Turn 2</h2><div class="spacer battle-history"><br></div><div class="battle-history">Steve used <strong>Endure</strong>!<br></div><div class="battle-history"><small>Steve braced itself!</small><br></div><div class="spacer battle-history"><br></div><div class="battle-history">The opposing LOL used <strong>Last Resort</strong>!<br></div><div class="battle-history"><small>A critical hit!</small><br></div><div class="battle-history"><small>Steve endured the hit!</small><br></div><div class="battle-history"><small>(Steve lost <abbr title="−102/241">42.3%</abbr> of its health!)</small><br></div><div class="battle-history"><small>Steve ate its Liechi Berry!</small><br></div><div class="battle-history"><small>Steve's Attack rose!</small><br></div><div class="spacer battle-history"><br></div><h2 class="battle-history">Turn 3</h2><div class="spacer battle-history"><br></div><div class="battle-history">Steve used <strong>Reversal</strong>!<br></div><div class="battle-history"><small>It's super effective!</small><br></div><div class="battle-history"><small>(The opposing LOL lost <abbr title="−292/292">100%</abbr> of its health!)</small><br></div><div class="spacer battle-history"><br></div><div class="battle-history">The opposing LOL fainted!<br></div><div class="spacer battle-history"><br></div><div class="battle-history">MissingVulpine sent out MegaMan (<strong>Clawitzer</strong>)!<br></div><div class="spacer battle-history"><br></div><h2 class="battle-history">Turn 4</h2><div class="chat chatmessage-wyndiest"><strong style="color:hsl(265,48%,57.743320643507204%)"><small>★</small><span class="username" data-name="Wyndiest">Wyndiest</span>:</strong> <em>damn you aqua jet</em></div><div class="spacer battle-history"><br></div><div class="battle-history">Steve used <strong>Reversal</strong>!<br></div><div class="battle-history"><small>(The opposing MegaMan lost <abbr title="−284/284">100%</abbr> of its health!)</small><br></div><div class="spacer battle-history"><br></div><div class="battle-history">The opposing MegaMan fainted!<br></div><div class="chat chatmessage-wyndiest"><strong style="color:hsl(265,48%,57.743320643507204%)"><small>★</small><span class="username" data-name="Wyndiest">Wyndiest</span>:</strong> <em>oh...</em></div><div class="chat chatmessage-wyndiest"><strong style="color:hsl(265,48%,57.743320643507204%)"><small>★</small><span class="username" data-name="Wyndiest">Wyndiest</span>:</strong> <em>no aqua jet</em></div><div class="spacer battle-history"><br></div><div class="battle-history">MissingVulpine sent out Anime (<strong>Accelgor</strong>)!<br></div><div class="spacer battle-history"><br></div><h2 class="battle-history">Turn 5</h2><div class="chat chatmessage-missingvulpine"><strong style="color:hsl(93,52%,32.65481571286561%)"><small>★</small><span class="username" data-name="MissingVulpine">MissingVulpine</span>:</strong> <em>nope</em></div><div class="spacer battle-history"><br></div><div class="battle-history">Steve used <strong>Knock Off</strong>!<br></div><div class="battle-history"><small>(The opposing Anime lost <abbr title="−302/302">100%</abbr> of its health!)</small><br></div><div class="battle-history"><small>Steve knocked off the opposing Anime's Weakness Policy!</small><br></div><div class="spacer battle-history"><br></div><div class="battle-history">The opposing Anime fainted!<br></div><div class="chat chatmessage-missingvulpine"><strong style="color:hsl(93,52%,32.65481571286561%)"><small>★</small><span class="username" data-name="MissingVulpine">MissingVulpine</span>:</strong> <em>Steve sweep?</em></div><div class="spacer battle-history"><br></div><div class="battle-history">MissingVulpine sent out 'Murrica (<strong>Braviary</strong>)!<br></div><div class="spacer battle-history"><br></div><h2 class="battle-history">Turn 6</h2><div class="spacer battle-history"><br></div><div class="battle-history">Steve used <strong>Reversal</strong>!<br></div><div class="battle-history"><small>(The opposing 'Murrica lost <abbr title="−342/342">100%</abbr> of its health!)</small><br></div><div class="spacer battle-history"><br></div><div class="battle-history">The opposing 'Murrica fainted!<br></div><div class="spacer battle-history"><br></div><div class="battle-history">MissingVulpine sent out Alola Form (<strong>Camerupt</strong>)!<br></div><div class="spacer battle-history"><br></div><h2 class="battle-history">Turn 7</h2><div class="spacer battle-history"><br></div><div class="battle-history"><small>The opposing Alola Form's Cameruptite is reacting to MissingVulpine's Mega Bracelet!</small><br>The opposing Alola Form has Mega Evolved into Mega Camerupt!<br></div><div class="spacer battle-history"><br></div><div class="battle-history">Steve used <strong>Reversal</strong>!<br></div><div class="battle-history"><small>(The opposing Alola Form lost <abbr title="−344/344">100%</abbr> of its health!)</small><br></div><div class="spacer battle-history"><br></div><div class="battle-history">The opposing Alola Form fainted!<br></div><div class="chat chatmessage-missingvulpine"><strong style="color:hsl(93,52%,32.65481571286561%)"><small>★</small><span class="username" data-name="MissingVulpine">MissingVulpine</span>:</strong> <em>yes</em></div><div class="spacer battle-history"><br></div><div class="battle-history">MissingVulpine sent out x5 (<strong>Cinccino</strong>)!<br></div><div class="spacer battle-history"><br></div><h2 class="battle-history">Turn 8</h2><div class="chat chatmessage-wyndiest"><strong style="color:hsl(265,48%,57.743320643507204%)"><small>★</small><span class="username" data-name="Wyndiest">Wyndiest</span>:</strong> <em>👌</em></div><div class="chat chatmessage-missingvulpine"><strong style="color:hsl(93,52%,32.65481571286561%)"><small>★</small><span class="username" data-name="MissingVulpine">MissingVulpine</span>:</strong> <em>gg</em></div><div class="chat chatmessage-wyndiest"><strong style="color:hsl(265,48%,57.743320643507204%)"><small>★</small><span class="username" data-name="Wyndiest">Wyndiest</span>:</strong> <em>gg</em></div><div class="spacer battle-history"><br></div><div class="battle-history">Steve used <strong>Reversal</strong>!<br></div><div class="battle-history"><small>It's super effective!</small><br></div><div class="battle-history"><small>(The opposing x5 lost <abbr title="−292/292">100%</abbr> of its health!)</small><br></div><div class="spacer battle-history"><br></div><div class="battle-history">The opposing x5 fainted!<br></div><div class="spacer battle-history"><br></div><div class="battle-history"><strong>Wyndiest</strong> won the battle!<br></div></div><div class="inner-preempt"></div></div></div>
</div>
<script>
let daily = Math.floor(Date.now()/1000/60/60/24);document.write('<script src="https://play.pokemonshowdown.com/js/replay-embed.js?version'+daily+'"></'+'script>');
</script>
