<!DOCTYPE html>
<meta charset="utf-8" />
<!-- version 1 -->
<title>RU replay: RGNova vs. Anthrax316</title>
<style>
html,body {font-family:Verdana, sans-serif;font-size:10pt;margin:0;padding:0;}body{padding:12px 0;} .battle-log {font-family:Verdana, sans-serif;font-size:10pt;} .battle-log-inline {border:1px solid #AAAAAA;background:#EEF2F5;color:black;max-width:640px;margin:0 auto 80px;padding-bottom:5px;} .battle-log .inner {padding:4px 8px 0px 8px;} .battle-log .inner-preempt {padding:0 8px 4px 8px;} .battle-log .inner-after {margin-top:0.5em;} .battle-log h2 {margin:0.5em -8px;padding:4px 8px;border:1px solid #AAAAAA;background:#E0E7EA;border-left:0;border-right:0;font-family:Verdana, sans-serif;font-size:13pt;} .battle-log .chat {vertical-align:middle;padding:3px 0 3px 0;font-size:8pt;} .battle-log .chat strong {color:#40576A;} .battle-log .chat em {padding:1px 4px 1px 3px;color:#000000;font-style:normal;} .chat.mine {background:rgba(0,0,0,0.05);margin-left:-8px;margin-right:-8px;padding-left:8px;padding-right:8px;} .spoiler {color:#BBBBBB;background:#BBBBBB;padding:0px 3px;} .spoiler:hover, .spoiler:active, .spoiler-shown {color:#000000;background:#E2E2E2;padding:0px 3px;} .spoiler a {color:#BBBBBB;} .spoiler:hover a, .spoiler:active a, .spoiler-shown a {color:#2288CC;} .chat code, .chat .spoiler:hover code, .chat .spoiler:active code, .chat .spoiler-shown code {border:1px solid #C0C0C0;background:#EEEEEE;color:black;padding:0 2px;} .chat .spoiler code {border:1px solid #CCCCCC;background:#CCCCCC;color:#CCCCCC;} .battle-log .rated {padding:3px 4px;} .battle-log .rated strong {color:white;background:#89A;padding:1px 4px;border-radius:4px;} .spacer {margin-top:0.5em;} .message-announce {background:#6688AA;color:white;padding:1px 4px 2px;} .message-announce a, .broadcast-green a, .broadcast-blue a, .broadcast-red a {color:#DDEEFF;} .broadcast-green {background-color:#559955;color:white;padding:2px 4px;} .broadcast-blue {background-color:#6688AA;color:white;padding:2px 4px;} .infobox {border:1px solid #6688AA;padding:2px 4px;} .infobox-limited {max-height:200px;overflow:auto;overflow-x:hidden;} .broadcast-red {background-color:#AA5544;color:white;padding:2px 4px;} .message-learn-canlearn {font-weight:bold;color:#228822;text-decoration:underline;} .message-learn-cannotlearn {font-weight:bold;color:#CC2222;text-decoration:underline;} .message-effect-weak {font-weight:bold;color:#CC2222;} .message-effect-resist {font-weight:bold;color:#6688AA;} .message-effect-immune {font-weight:bold;color:#666666;} .message-learn-list {margin-top:0;margin-bottom:0;} .message-throttle-notice, .message-error {color:#992222;} .message-overflow, .chat small.message-overflow {font-size:0pt;} .message-overflow::before {font-size:9pt;content:'...';} .subtle {color:#3A4A66;}
</style>
<div class="wrapper replay-wrapper" style="max-width:1180px;margin:0 auto">
<input type="hidden" name="replayid" value="ru-486653762" />
<div class="battle"></div><div class="battle-log"></div><div class="replay-controls"></div><div class="replay-controls-2"></div>
<h1 style="font-weight:normal;text-align:center"><strong>RU</strong><br /><a href="http://pokemonshowdown.com/users/rgnova" class="subtle" target="_blank">RGNova</a> vs. <a href="http://pokemonshowdown.com/users/anthrax316" class="subtle" target="_blank">Anthrax316</a></h1>
<script type="text/plain" class="battle-log-data">|j|RGNova
|j|Anthrax316
|player|p1|RGNova|266
|player|p2|Anthrax316|102
|gametype|singles
|gen|6
|tier|RU
|rated
|seed|25451,65388,63722,59592
|rule|Sleep Clause Mod: Limit one foe put to sleep
|rule|Species Clause: Limit one of each Pokémon
|rule|OHKO Clause: OHKO moves are banned
|rule|Moody Clause: Moody is banned
|rule|Evasion Moves Clause: Evasion moves are banned
|rule|Endless Battle Clause: Forcing endless battles is banned
|rule|HP Percentage Mod: HP is shown in percentages
|clearpoke
|poke|p1|Venusaur, F|item
|poke|p1|Sneasel, M|item
|poke|p1|Jolteon, M|item
|poke|p1|Camerupt, F|item
|poke|p1|Spiritomb, F, shiny|item
|poke|p1|Muk, F|item
|poke|p2|Alomomola, M|item
|poke|p2|Jolteon, M|item
|poke|p2|Uxie|item
|poke|p2|Venusaur, M|item
|poke|p2|Glalie, F|item
|poke|p2|Flygon, F|item
|rule|Swagger Clause: Swagger is banned
|rule|Baton Pass Clause: Limit one Baton Passer, can't pass Spe and other stats simultaneously
|teampreview
|choice|team 6, team 2, team 3, team 4, team 5, team 1|team 5, team 2, team 3, team 4, team 1, team 6
|
|start
|switch|p1a: Muk|Muk, F|414\/414
|switch|p2a: Glalie|Glalie, F|301\/301
|turn|1
|choice|move substitute|move earthquake mega
|
|detailschange|p2a: Glalie|Glalie-Mega, F
|-mega|p2a: Glalie|Glalie|Glalitite
|move|p2a: Glalie|Earthquake|p1a: Muk
|-supereffective|p1a: Muk
|-damage|p1a: Muk|126\/414
|move|p1a: Muk|Substitute|p1a: Muk
|-start|p1a: Muk|Substitute
|-damage|p1a: Muk|23\/414
|
|-heal|p1a: Muk|48\/414|[from] item: Black Sludge
|turn|2
|choice|move toxic|move freezedry
|
|move|p2a: Glalie|Freeze-Dry|p1a: Muk
|-activate|p1a: Muk|move: Substitute|[damage]
|move|p1a: Muk|Toxic|p2a: Glalie
|-status|p2a: Glalie|tox
|
|-heal|p1a: Muk|73\/414|[from] item: Black Sludge
|-damage|p2a: Glalie|283\/301 tox|[from] psn
|turn|3
|choice|move painsplit|move earthquake
|
|move|p2a: Glalie|Earthquake|p1a: Muk
|-supereffective|p1a: Muk
|-end|p1a: Muk|Substitute
|move|p1a: Muk|Pain Split|p2a: Glalie
|-sethp|p2a: Glalie|178\/301 tox|p1a: Muk|178\/414|[from] move: Pain Split
|
|-heal|p1a: Muk|203\/414|[from] item: Black Sludge
|-damage|p2a: Glalie|142\/301 tox|[from] psn
|turn|4
|choice|move gunkshot|move earthquake
|
|move|p2a: Glalie|Earthquake|p1a: Muk
|-supereffective|p1a: Muk
|-damage|p1a: Muk|0 fnt
|faint|p1a: Muk
|
|-damage|p2a: Glalie|88\/301 tox|[from] psn
|choice|switch 3|
|
|switch|p1a: Jolteon|Jolteon, M|272\/272
|turn|5
|choice|move thunderbolt|switch 3
|
|switch|p2a: Uxie|Uxie|354\/354
|move|p1a: Jolteon|Thunderbolt|p2a: Uxie
|-damage|p2a: Uxie|212\/354
|
|turn|6
|choice|move thunderbolt|move healbell
|
|move|p1a: Jolteon|Thunderbolt|p2a: Uxie
|-damage|p2a: Uxie|62\/354
|-status|p2a: Uxie|par
|cant|p2a: Uxie|par
|
|turn|7
|choice|move thunderbolt|switch 6
|
|switch|p2a: Flygon|Flygon, F|301\/301
|move|p1a: Jolteon|Thunderbolt|p2a: Flygon
|-immune|p2a: Flygon|[msg]
|
|turn|8
|choice|move roar|move uturn
|
|move|p2a: Flygon|U-turn|p1a: Jolteon
|-damage|p1a: Jolteon|126\/272
|choice||switch 5
|
|switch|p2a: Alomomola|Alomomola, M|472\/472
|move|p1a: Jolteon|Roar|p2a: Alomomola
|drag|p2a: Uxie|Uxie|62\/354 par
|
|turn|9
|choice|move quickattack|move healbell
|
|move|p1a: Jolteon|Quick Attack|p2a: Uxie
|-crit|p2a: Uxie
|-damage|p2a: Uxie|36\/354 par
|move|p2a: Uxie|Heal Bell|p2a: Uxie
|-activate|p2a: Uxie|move: Heal Bell
|-curestatus|p2a: Uxie|par|[msg]
|-curestatus|p2: Glalie|tox|[msg]
|
|turn|10
|choice|move voltswitch|switch 5
|
|switch|p2a: Flygon|Flygon, F|301\/301
|move|p1a: Jolteon|Volt Switch|p2a: Flygon
|-immune|p2a: Flygon|[msg]
|
|turn|11
|choice|move roar|move earthquake
|
|move|p2a: Flygon|Earthquake|p1a: Jolteon
|-supereffective|p1a: Jolteon
|-damage|p1a: Jolteon|0 fnt
|faint|p1a: Jolteon
|
|choice|switch 5|
|
|switch|p1a: Spiritomb|Spiritomb, F, shiny|242\/242
|turn|12
|choice|move destinybond|switch 6
|
|switch|p2a: Alomomola|Alomomola, M|472\/472
|move|p1a: Spiritomb|Destiny Bond|p1a: Spiritomb
|-singlemove|p1a: Spiritomb|Destiny Bond
|
|turn|13
|choice|move psychic|move wish
|
|move|p2a: Alomomola|Wish|p2a: Alomomola
|move|p1a: Spiritomb|Psychic|p2a: Alomomola
|-damage|p2a: Alomomola|389\/472
|
|-heal|p2a: Alomomola|418\/472|[from] item: Leftovers
|turn|14
|choice|move destinybond|switch 3
|
|switch|p2a: Glalie|Glalie-Mega, F|88\/301
|move|p1a: Spiritomb|Destiny Bond|p1a: Spiritomb
|-singlemove|p1a: Spiritomb|Destiny Bond
|
|-heal|p2a: Glalie|301\/301|[from] move: Wish|[wisher] Alomomola
|turn|15
|choice|move psychic|switch 3
|
|switch|p2a: Alomomola|Alomomola, M|472\/472
|move|p1a: Spiritomb|Psychic|p2a: Alomomola
|-damage|p2a: Alomomola|384\/472
|
|-heal|p2a: Alomomola|413\/472|[from] item: Leftovers
|turn|16
|choice|move destinybond|move wish
|
|move|p2a: Alomomola|Wish|p2a: Alomomola
|move|p1a: Spiritomb|Destiny Bond|p1a: Spiritomb
|-singlemove|p1a: Spiritomb|Destiny Bond
|
|-heal|p2a: Alomomola|442\/472|[from] item: Leftovers
|turn|17
|choice|move shadowball|switch 5
|
|switch|p2a: Uxie|Uxie|36\/354
|move|p1a: Spiritomb|Shadow Ball|p2a: Uxie
|-supereffective|p2a: Uxie
|-damage|p2a: Uxie|0 fnt
|faint|p2a: Uxie
|
|choice||switch 2
|
|switch|p2a: Jolteon|Jolteon, M|271\/271
|turn|18
|choice|move destinybond|move thunderbolt
|
|move|p2a: Jolteon|Thunderbolt|p1a: Spiritomb
|-damage|p1a: Spiritomb|85\/242
|move|p1a: Spiritomb|Destiny Bond|p1a: Spiritomb
|-singlemove|p1a: Spiritomb|Destiny Bond
|
|turn|19
|choice|move shadowball|switch 3
|
|switch|p2a: Glalie|Glalie-Mega, F|301\/301
|move|p1a: Spiritomb|Shadow Ball|p2a: Glalie
|-damage|p2a: Glalie|169\/301
|
|turn|20
|choice|move destinybond|move iceshard
|
|move|p2a: Glalie|Ice Shard|p1a: Spiritomb
|-damage|p1a: Spiritomb|30\/242
|move|p1a: Spiritomb|Destiny Bond|p1a: Spiritomb
|-singlemove|p1a: Spiritomb|Destiny Bond
|
|turn|21
|choice|move destinybond|switch 5
|
|switch|p2a: Alomomola|Alomomola, M|472\/472
|move|p1a: Spiritomb|Destiny Bond|p1a: Spiritomb
|-singlemove|p1a: Spiritomb|Destiny Bond
|
|turn|22
|choice|move psychic|move wish
|
|move|p2a: Alomomola|Wish|p2a: Alomomola
|move|p1a: Spiritomb|Psychic|p2a: Alomomola
|-damage|p2a: Alomomola|395\/472
|
|-heal|p2a: Alomomola|424\/472|[from] item: Leftovers
|turn|23
|choice|move destinybond|switch 5
|
|switch|p2a: Glalie|Glalie-Mega, F|169\/301
|move|p1a: Spiritomb|Destiny Bond|p1a: Spiritomb
|-singlemove|p1a: Spiritomb|Destiny Bond
|
|-heal|p2a: Glalie|301\/301|[from] move: Wish|[wisher] Alomomola
|turn|24
|choice|move painsplit|switch 3
|
|switch|p2a: Jolteon|Jolteon, M|271\/271
|move|p1a: Spiritomb|Pain Split|p2a: Jolteon
|-sethp|p2a: Jolteon|150\/271|p1a: Spiritomb|150\/242|[from] move: Pain Split
|
|turn|25
|choice|move destinybond|switch 5
|
|switch|p2a: Alomomola|Alomomola, M|472\/472
|move|p1a: Spiritomb|Destiny Bond|p1a: Spiritomb
|-singlemove|p1a: Spiritomb|Destiny Bond
|
|turn|26
|choice|move shadowball|move wish
|
|move|p2a: Alomomola|Wish|p2a: Alomomola
|move|p1a: Spiritomb|Shadow Ball|p2a: Alomomola
|-damage|p2a: Alomomola|358\/472
|
|-heal|p2a: Alomomola|387\/472|[from] item: Leftovers
|turn|27
|choice|move shadowball|switch 5
|
|switch|p2a: Jolteon|Jolteon, M|150\/271
|move|p1a: Spiritomb|Shadow Ball|p2a: Jolteon
|-damage|p2a: Jolteon|53\/271
|-unboost|p2a: Jolteon|spd|1
|
|-heal|p2a: Jolteon|271\/271|[from] move: Wish|[wisher] Alomomola
|turn|28
|choice|move shadowball|move voltswitch
|
|move|p2a: Jolteon|Volt Switch|p1a: Spiritomb
|-damage|p1a: Spiritomb|29\/242
|choice||switch 4
|
|switch|p2a: Venusaur|Venusaur, M|301\/301
|move|p1a: Spiritomb|Shadow Ball|p2a: Venusaur
|-damage|p2a: Venusaur|207\/301
|
|-heal|p2a: Venusaur|225\/301|[from] item: Leftovers
|turn|29
|choice|move painsplit|move gigadrain
|
|move|p2a: Venusaur|Giga Drain|p1a: Spiritomb
|-damage|p1a: Spiritomb|0 fnt
|-heal|p2a: Venusaur|240\/301|[from] drain|[of] p1a: Spiritomb
|faint|p1a: Spiritomb
|
|-heal|p2a: Venusaur|258\/301|[from] item: Leftovers
|choice|switch 4|
|
|switch|p1a: Camerupt|Camerupt, F|343\/343
|turn|30
|choice|move eruption mega|move protect
|
|detailschange|p1a: Camerupt|Camerupt-Mega, F
|-mega|p1a: Camerupt|Camerupt|Cameruptite
|move|p2a: Venusaur|Protect|p2a: Venusaur
|-singleturn|p2a: Venusaur|Protect
|move|p1a: Camerupt|Eruption|p2a: Venusaur
|-activate|p2a: Venusaur|move: Protect
|
|-heal|p2a: Venusaur|276\/301|[from] item: Leftovers
|turn|31
|choice|move eruption|switch 5
|
|switch|p2a: Alomomola|Alomomola, M|472\/472
|move|p1a: Camerupt|Eruption|p2a: Alomomola
|-resisted|p2a: Alomomola
|-damage|p2a: Alomomola|292\/472
|
|-heal|p2a: Alomomola|321\/472|[from] item: Leftovers
|turn|32
|choice|move explosion|move protect
|
|move|p2a: Alomomola|Protect|p2a: Alomomola
|-singleturn|p2a: Alomomola|Protect
|move|p1a: Camerupt|Explosion|p2a: Alomomola
|-activate|p2a: Alomomola|move: Protect
|faint|p1a: Camerupt
|
|-heal|p2a: Alomomola|350\/472|[from] item: Leftovers
|-message|RGNova forfeited.
|
|win|Anthrax316
|player|p1
|player|p2
|l|RGNova</script>
</div>
<div class="battle-log battle-log-inline"><div class="inner"><div class="battle-options"></div><div class="inner"><div class="chat"><small>RGNova joined.</small></div><div class="chat"><small>Anthrax316 joined.</small></div><div class=""><small>Format:</small> <br><strong>RU</strong></div><div class="rated"><strong>Rated battle</strong></div><div class=""><small><em>Sleep Clause Mod:</em> Limit one foe put to sleep</small></div><div class=""><small><em>Species Clause:</em> Limit one of each Pokémon</small></div><div class=""><small><em>OHKO Clause:</em> OHKO moves are banned</small></div><div class=""><small><em>Moody Clause:</em> Moody is banned</small></div><div class=""><small><em>Evasion Moves Clause:</em> Evasion moves are banned</small></div><div class=""><small><em>Endless Battle Clause:</em> Forcing endless battles is banned</small></div><div class=""><small><em>HP Percentage Mod:</em> HP is shown in percentages</small></div><div class=""><small><em>Swagger Clause:</em> Swagger is banned</small></div><div class=""><small><em>Baton Pass Clause:</em> Limit one Baton Passer, can't pass Spe and other stats simultaneously</small></div><div class="chat battle-history"><strong>RGNova's team:</strong> <em style="color:#445566;display:block;">Venusaur / Sneasel / Jolteon / Camerupt / Spiritomb / Muk</em></div><div class="chat battle-history"><strong>Anthrax316's team:</strong> <em style="color:#445566;display:block;">Alomomola / Jolteon / Uxie / Venusaur / Glalie / Flygon</em></div><div class="spacer battle-history"><br></div><div class="battle-history">Battle started between RGNova and Anthrax316!<br></div><div class="spacer battle-history"><br></div><div class="battle-history">Go! <strong>Muk</strong>!<br></div><div class="spacer battle-history"><br></div><div class="battle-history">Anthrax316 sent out <strong>Glalie</strong>!<br></div><div class="spacer battle-history"><br></div><h2 class="battle-history">Turn 1</h2><div class="spacer battle-history"><br></div><div class="battle-history"><small>The opposing Glalie's Glalitite is reacting to Anthrax316's Mega Bracelet!</small><br>The opposing Glalie has Mega Evolved into Mega Glalie!<br></div><div class="spacer battle-history"><br></div><div class="battle-history">The opposing Glalie used <strong>Earthquake</strong>!<br></div><div class="battle-history"><small>It's super effective!</small><br></div><div class="battle-history"><small>(Muk lost <abbr title="−288/414">69.6%</abbr> of its health!)</small><br></div><div class="spacer battle-history"><br></div><div class="battle-history">Muk used <strong>Substitute</strong>!<br></div><div class="battle-history"><small>Muk put in a substitute!</small><br></div><div class="battle-history"><small>(Muk lost <abbr title="−103/414">24.9%</abbr> of its health!)</small><br></div><div class="spacer battle-history"><br></div><div class="battle-history"><small>Muk restored a little HP using its Black Sludge!</small><br></div><div class="spacer battle-history"><br></div><h2 class="battle-history">Turn 2</h2><div class="spacer battle-history"><br></div><div class="battle-history">The opposing Glalie used <strong>Freeze-Dry</strong>!<br></div><div class="battle-history"><small>The substitute took damage for Muk!</small><br></div><div class="spacer battle-history"><br></div><div class="battle-history">Muk used <strong>Toxic</strong>!<br></div><div class="battle-history"><small>The opposing Glalie was badly poisoned!</small><br></div><div class="spacer battle-history"><br></div><div class="battle-history"><small>Muk restored a little HP using its Black Sludge!</small><br></div><div class="battle-history"><small>The opposing Glalie was hurt by poison!</small><br></div><div class="spacer battle-history"><br></div><h2 class="battle-history">Turn 3</h2><div class="spacer battle-history"><br></div><div class="battle-history">The opposing Glalie used <strong>Earthquake</strong>!<br></div><div class="battle-history"><small>It's super effective!</small><br></div><div class="battle-history"><small>Muk's substitute faded!</small><br></div><div class="spacer battle-history"><br></div><div class="battle-history">Muk used <strong>Pain Split</strong>!<br></div><div class="battle-history"><small>The battlers shared their pain!</small><br></div><div class="spacer battle-history"><br></div><div class="battle-history"><small>Muk restored a little HP using its Black Sludge!</small><br></div><div class="battle-history"><small>The opposing Glalie was hurt by poison!</small><br></div><div class="spacer battle-history"><br></div><h2 class="battle-history">Turn 4</h2><div class="spacer battle-history"><br></div><div class="battle-history">The opposing Glalie used <strong>Earthquake</strong>!<br></div><div class="battle-history"><small>It's super effective!</small><br></div><div class="battle-history"><small>(Muk lost <abbr title="−203/414">49.0%</abbr> of its health!)</small><br></div><div class="spacer battle-history"><br></div><div class="battle-history">Muk fainted!<br></div><div class="spacer battle-history"><br></div><div class="battle-history"><small>The opposing Glalie was hurt by poison!</small><br></div><div class="spacer battle-history"><br></div><div class="battle-history">Go! <strong>Jolteon</strong>!<br></div><div class="spacer battle-history"><br></div><h2 class="battle-history">Turn 5</h2><div class="spacer battle-history"><br></div><div class="battle-history">Anthrax316 withdrew Glalie!<br></div><div class="battle-history">Anthrax316 sent out <strong>Uxie</strong>!<br></div><div class="spacer battle-history"><br></div><div class="battle-history">Jolteon used <strong>Thunderbolt</strong>!<br></div><div class="battle-history"><small>(The opposing Uxie lost <abbr title="−142/354">40.1%</abbr> of its health!)</small><br></div><div class="spacer battle-history"><br></div><h2 class="battle-history">Turn 6</h2><div class="spacer battle-history"><br></div><div class="battle-history">Jolteon used <strong>Thunderbolt</strong>!<br></div><div class="battle-history"><small>(The opposing Uxie lost <abbr title="−150/354">42.4%</abbr> of its health!)</small><br></div><div class="battle-history"><small>The opposing Uxie is paralyzed! It may be unable to move!</small><br></div><div class="spacer battle-history"><br></div><div class="battle-history">The opposing Uxie is paralyzed! It can't move!<br></div><div class="spacer battle-history"><br></div><h2 class="battle-history">Turn 7</h2><div class="spacer battle-history"><br></div><div class="battle-history">Anthrax316 withdrew Uxie!<br></div><div class="battle-history">Anthrax316 sent out <strong>Flygon</strong>!<br></div><div class="spacer battle-history"><br></div><div class="battle-history">Jolteon used <strong>Thunderbolt</strong>!<br></div><div class="battle-history"><small>It doesn't affect the opposing Flygon...</small><br></div><div class="spacer battle-history"><br></div><h2 class="battle-history">Turn 8</h2><div class="spacer battle-history"><br></div><div class="battle-history">The opposing Flygon used <strong>U-turn</strong>!<br></div><div class="battle-history"><small>(Jolteon lost <abbr title="−146/272">53.7%</abbr> of its health!)</small><br></div><div class="spacer battle-history"><br></div><div class="battle-history">The opposing Flygon went back to Anthrax316!<br></div><div class="battle-history">Anthrax316 sent out <strong>Alomomola</strong>!<br></div><div class="spacer battle-history"><br></div><div class="battle-history">Jolteon used <strong>Roar</strong>!<br></div><div class="spacer battle-history"><br></div><div class="battle-history"><strong>Uxie</strong> was dragged out!<br></div><div class="spacer battle-history"><br></div><h2 class="battle-history">Turn 9</h2><div class="spacer battle-history"><br></div><div class="battle-history">Jolteon used <strong>Quick Attack</strong>!<br></div><div class="battle-history"><small>A critical hit!</small><br></div><div class="battle-history"><small>(The opposing Uxie lost <abbr title="−26/354">7.3%</abbr> of its health!)</small><br></div><div class="spacer battle-history"><br></div><div class="battle-history">The opposing Uxie used <strong>Heal Bell</strong>!<br></div><div class="battle-history"><small>A bell chimed!</small><br></div><div class="battle-history"><small>The opposing Uxie was cured of paralysis.</small><br></div><div class="battle-history"><small>The opposing Glalie was cured of its poisoning.</small><br></div><div class="spacer battle-history"><br></div><h2 class="battle-history">Turn 10</h2><div class="spacer battle-history"><br></div><div class="battle-history">Anthrax316 withdrew Uxie!<br></div><div class="battle-history">Anthrax316 sent out <strong>Flygon</strong>!<br></div><div class="spacer battle-history"><br></div><div class="battle-history">Jolteon used <strong>Volt Switch</strong>!<br></div><div class="battle-history"><small>It doesn't affect the opposing Flygon...</small><br></div><div class="spacer battle-history"><br></div><h2 class="battle-history">Turn 11</h2><div class="spacer battle-history"><br></div><div class="battle-history">The opposing Flygon used <strong>Earthquake</strong>!<br></div><div class="battle-history"><small>It's super effective!</small><br></div><div class="battle-history"><small>(Jolteon lost <abbr title="−126/272">46.3%</abbr> of its health!)</small><br></div><div class="spacer battle-history"><br></div><div class="battle-history">Jolteon fainted!<br></div><div class="spacer battle-history"><br></div><div class="battle-history">Go! <strong>Spiritomb</strong>!<br></div><div class="spacer battle-history"><br></div><h2 class="battle-history">Turn 12</h2><div class="spacer battle-history"><br></div><div class="battle-history">Anthrax316 withdrew Flygon!<br></div><div class="battle-history">Anthrax316 sent out <strong>Alomomola</strong>!<br></div><div class="spacer battle-history"><br></div><div class="battle-history">Spiritomb used <strong>Destiny Bond</strong>!<br></div><div class="battle-history">Spiritomb is hoping to take its attacker down with it!<br></div><div class="spacer battle-history"><br></div><h2 class="battle-history">Turn 13</h2><div class="spacer battle-history"><br></div><div class="battle-history">The opposing Alomomola used <strong>Wish</strong>!<br></div><div class="spacer battle-history"><br></div><div class="battle-history">Spiritomb used <strong>Psychic</strong>!<br></div><div class="battle-history"><small>(The opposing Alomomola lost <abbr title="−83/472">17.6%</abbr> of its health!)</small><br></div><div class="spacer battle-history"><br></div><div class="battle-history"><small>The opposing Alomomola restored a little HP using its Leftovers!</small><br></div><div class="spacer battle-history"><br></div><h2 class="battle-history">Turn 14</h2><div class="spacer battle-history"><br></div><div class="battle-history">Anthrax316 withdrew Alomomola!<br></div><div class="battle-history">Anthrax316 sent out Glalie (<strong>Glalie-Mega</strong>)!<br></div><div class="spacer battle-history"><br></div><div class="battle-history">Spiritomb used <strong>Destiny Bond</strong>!<br></div><div class="battle-history">Spiritomb is hoping to take its attacker down with it!<br></div><div class="spacer battle-history"><br></div><div class="battle-history"><small>Alomomola's wish came true!</small><br></div><div class="spacer battle-history"><br></div><h2 class="battle-history">Turn 15</h2><div class="spacer battle-history"><br></div><div class="battle-history">Anthrax316 withdrew Glalie!<br></div><div class="battle-history">Anthrax316 sent out <strong>Alomomola</strong>!<br></div><div class="spacer battle-history"><br></div><div class="battle-history">Spiritomb used <strong>Psychic</strong>!<br></div><div class="battle-history"><small>(The opposing Alomomola lost <abbr title="−88/472">18.6%</abbr> of its health!)</small><br></div><div class="spacer battle-history"><br></div><div class="battle-history"><small>The opposing Alomomola restored a little HP using its Leftovers!</small><br></div><div class="spacer battle-history"><br></div><h2 class="battle-history">Turn 16</h2><div class="spacer battle-history"><br></div><div class="battle-history">The opposing Alomomola used <strong>Wish</strong>!<br></div><div class="spacer battle-history"><br></div><div class="battle-history">Spiritomb used <strong>Destiny Bond</strong>!<br></div><div class="battle-history">Spiritomb is hoping to take its attacker down with it!<br></div><div class="spacer battle-history"><br></div><div class="battle-history"><small>The opposing Alomomola restored a little HP using its Leftovers!</small><br></div><div class="spacer battle-history"><br></div><h2 class="battle-history">Turn 17</h2><div class="spacer battle-history"><br></div><div class="battle-history">Anthrax316 withdrew Alomomola!<br></div><div class="battle-history">Anthrax316 sent out <strong>Uxie</strong>!<br></div><div class="spacer battle-history"><br></div><div class="battle-history">Spiritomb used <strong>Shadow Ball</strong>!<br></div><div class="battle-history"><small>It's super effective!</small><br></div><div class="battle-history"><small>(The opposing Uxie lost <abbr title="−36/354">10.2%</abbr> of its health!)</small><br></div><div class="spacer battle-history"><br></div><div class="battle-history">The opposing Uxie fainted!<br></div><div class="spacer battle-history"><br></div><div class="battle-history">Anthrax316 sent out <strong>Jolteon</strong>!<br></div><div class="spacer battle-history"><br></div><h2 class="battle-history">Turn 18</h2><div class="spacer battle-history"><br></div><div class="battle-history">The opposing Jolteon used <strong>Thunderbolt</strong>!<br></div><div class="battle-history"><small>(Spiritomb lost <abbr title="−157/242">64.9%</abbr> of its health!)</small><br></div><div class="spacer battle-history"><br></div><div class="battle-history">Spiritomb used <strong>Destiny Bond</strong>!<br></div><div class="battle-history">Spiritomb is hoping to take its attacker down with it!<br></div><div class="spacer battle-history"><br></div><h2 class="battle-history">Turn 19</h2><div class="spacer battle-history"><br></div><div class="battle-history">Anthrax316 withdrew Jolteon!<br></div><div class="battle-history">Anthrax316 sent out Glalie (<strong>Glalie-Mega</strong>)!<br></div><div class="spacer battle-history"><br></div><div class="battle-history">Spiritomb used <strong>Shadow Ball</strong>!<br></div><div class="battle-history"><small>(The opposing Glalie lost <abbr title="−132/301">43.9%</abbr> of its health!)</small><br></div><div class="spacer battle-history"><br></div><h2 class="battle-history">Turn 20</h2><div class="spacer battle-history"><br></div><div class="battle-history">The opposing Glalie used <strong>Ice Shard</strong>!<br></div><div class="battle-history"><small>(Spiritomb lost <abbr title="−55/242">22.7%</abbr> of its health!)</small><br></div><div class="spacer battle-history"><br></div><div class="battle-history">Spiritomb used <strong>Destiny Bond</strong>!<br></div><div class="battle-history">Spiritomb is hoping to take its attacker down with it!<br></div><div class="spacer battle-history"><br></div><h2 class="battle-history">Turn 21</h2><div class="spacer battle-history"><br></div><div class="battle-history">Anthrax316 withdrew Glalie!<br></div><div class="battle-history">Anthrax316 sent out <strong>Alomomola</strong>!<br></div><div class="spacer battle-history"><br></div><div class="battle-history">Spiritomb used <strong>Destiny Bond</strong>!<br></div><div class="battle-history">Spiritomb is hoping to take its attacker down with it!<br></div><div class="spacer battle-history"><br></div><h2 class="battle-history">Turn 22</h2><div class="spacer battle-history"><br></div><div class="battle-history">The opposing Alomomola used <strong>Wish</strong>!<br></div><div class="spacer battle-history"><br></div><div class="battle-history">Spiritomb used <strong>Psychic</strong>!<br></div><div class="battle-history"><small>(The opposing Alomomola lost <abbr title="−77/472">16.3%</abbr> of its health!)</small><br></div><div class="spacer battle-history"><br></div><div class="battle-history"><small>The opposing Alomomola restored a little HP using its Leftovers!</small><br></div><div class="spacer battle-history"><br></div><h2 class="battle-history">Turn 23</h2><div class="spacer battle-history"><br></div><div class="battle-history">Anthrax316 withdrew Alomomola!<br></div><div class="battle-history">Anthrax316 sent out Glalie (<strong>Glalie-Mega</strong>)!<br></div><div class="spacer battle-history"><br></div><div class="battle-history">Spiritomb used <strong>Destiny Bond</strong>!<br></div><div class="battle-history">Spiritomb is hoping to take its attacker down with it!<br></div><div class="spacer battle-history"><br></div><div class="battle-history"><small>Alomomola's wish came true!</small><br></div><div class="spacer battle-history"><br></div><h2 class="battle-history">Turn 24</h2><div class="spacer battle-history"><br></div><div class="battle-history">Anthrax316 withdrew Glalie!<br></div><div class="battle-history">Anthrax316 sent out <strong>Jolteon</strong>!<br></div><div class="spacer battle-history"><br></div><div class="battle-history">Spiritomb used <strong>Pain Split</strong>!<br></div><div class="battle-history"><small>The battlers shared their pain!</small><br></div><div class="spacer battle-history"><br></div><h2 class="battle-history">Turn 25</h2><div class="spacer battle-history"><br></div><div class="battle-history">Anthrax316 withdrew Jolteon!<br></div><div class="battle-history">Anthrax316 sent out <strong>Alomomola</strong>!<br></div><div class="spacer battle-history"><br></div><div class="battle-history">Spiritomb used <strong>Destiny Bond</strong>!<br></div><div class="battle-history">Spiritomb is hoping to take its attacker down with it!<br></div><div class="spacer battle-history"><br></div><h2 class="battle-history">Turn 26</h2><div class="spacer battle-history"><br></div><div class="battle-history">The opposing Alomomola used <strong>Wish</strong>!<br></div><div class="spacer battle-history"><br></div><div class="battle-history">Spiritomb used <strong>Shadow Ball</strong>!<br></div><div class="battle-history"><small>(The opposing Alomomola lost <abbr title="−114/472">24.2%</abbr> of its health!)</small><br></div><div class="spacer battle-history"><br></div><div class="battle-history"><small>The opposing Alomomola restored a little HP using its Leftovers!</small><br></div><div class="spacer battle-history"><br></div><h2 class="battle-history">Turn 27</h2><div class="spacer battle-history"><br></div><div class="battle-history">Anthrax316 withdrew Alomomola!<br></div><div class="battle-history">Anthrax316 sent out <strong>Jolteon</strong>!<br></div><div class="spacer battle-history"><br></div><div class="battle-history">Spiritomb used <strong>Shadow Ball</strong>!<br></div><div class="battle-history"><small>(The opposing Jolteon lost <abbr title="−97/271">35.8%</abbr> of its health!)</small><br></div><div class="battle-history"><small>The opposing Jolteon's Special Defense fell!</small><br></div><div class="spacer battle-history"><br></div><div class="battle-history"><small>Alomomola's wish came true!</small><br></div><div class="spacer battle-history"><br></div><h2 class="battle-history">Turn 28</h2><div class="spacer battle-history"><br></div><div class="battle-history">The opposing Jolteon used <strong>Volt Switch</strong>!<br></div><div class="battle-history"><small>(Spiritomb lost <abbr title="−121/242">50%</abbr> of its health!)</small><br></div><div class="spacer battle-history"><br></div><div class="battle-history">The opposing Jolteon went back to Anthrax316!<br></div><div class="battle-history">Anthrax316 sent out <strong>Venusaur</strong>!<br></div><div class="spacer battle-history"><br></div><div class="battle-history">Spiritomb used <strong>Shadow Ball</strong>!<br></div><div class="battle-history"><small>(The opposing Venusaur lost <abbr title="−94/301">31.2%</abbr> of its health!)</small><br></div><div class="spacer battle-history"><br></div><div class="battle-history"><small>The opposing Venusaur restored a little HP using its Leftovers!</small><br></div><div class="spacer battle-history"><br></div><h2 class="battle-history">Turn 29</h2><div class="spacer battle-history"><br></div><div class="battle-history">The opposing Venusaur used <strong>Giga Drain</strong>!<br></div><div class="battle-history"><small>(Spiritomb lost <abbr title="−29/242">12.0%</abbr> of its health!)</small><br></div><div class="battle-history"><small>Spiritomb had its energy drained!</small><br></div><div class="spacer battle-history"><br></div><div class="battle-history">Spiritomb fainted!<br></div><div class="spacer battle-history"><br></div><div class="battle-history"><small>The opposing Venusaur restored a little HP using its Leftovers!</small><br></div><div class="spacer battle-history"><br></div><div class="battle-history">Go! <strong>Camerupt</strong>!<br></div><div class="spacer battle-history"><br></div><h2 class="battle-history">Turn 30</h2><div class="spacer battle-history"><br></div><div class="battle-history"><small>Camerupt's Cameruptite is reacting to RGNova's Mega Bracelet!</small><br>Camerupt has Mega Evolved into Mega Camerupt!<br></div><div class="spacer battle-history"><br></div><div class="battle-history">The opposing Venusaur used <strong>Protect</strong>!<br></div><div class="battle-history"><small>The opposing Venusaur protected itself!</small><br></div><div class="spacer battle-history"><br></div><div class="battle-history">Camerupt used <strong>Eruption</strong>!<br></div><div class="battle-history"><small>The opposing Venusaur protected itself!</small><br></div><div class="spacer battle-history"><br></div><div class="battle-history"><small>The opposing Venusaur restored a little HP using its Leftovers!</small><br></div><div class="spacer battle-history"><br></div><h2 class="battle-history">Turn 31</h2><div class="spacer battle-history"><br></div><div class="battle-history">Anthrax316 withdrew Venusaur!<br></div><div class="battle-history">Anthrax316 sent out <strong>Alomomola</strong>!<br></div><div class="spacer battle-history"><br></div><div class="battle-history">Camerupt used <strong>Eruption</strong>!<br></div><div class="battle-history"><small>It's not very effective...</small><br></div><div class="battle-history"><small>(The opposing Alomomola lost <abbr title="−180/472">38.1%</abbr> of its health!)</small><br></div><div class="spacer battle-history"><br></div><div class="battle-history"><small>The opposing Alomomola restored a little HP using its Leftovers!</small><br></div><div class="spacer battle-history"><br></div><h2 class="battle-history">Turn 32</h2><div class="spacer battle-history"><br></div><div class="battle-history">The opposing Alomomola used <strong>Protect</strong>!<br></div><div class="battle-history"><small>The opposing Alomomola protected itself!</small><br></div><div class="spacer battle-history"><br></div><div class="battle-history">Camerupt used <strong>Explosion</strong>!<br></div><div class="battle-history"><small>The opposing Alomomola protected itself!</small><br></div><div class="spacer battle-history"><br></div><div class="battle-history">Camerupt fainted!<br></div><div class="spacer battle-history"><br></div><div class="battle-history"><small>The opposing Alomomola restored a little HP using its Leftovers!</small><br></div><div class="battle-history"><small>RGNova forfeited.</small><br></div><div class="spacer battle-history"><br></div><div class="battle-history"><strong>Anthrax316</strong> won the battle!<br></div><div class="chat"><small>RGNova left.</small></div></div><div class="inner-preempt"></div></div></div>
</div>
<script>
let daily = Math.floor(Date.now()/1000/60/60/24);document.write('<script src="https://play.pokemonshowdown.com/js/replay-embed.js?version'+daily+'"></'+'script>');
</script>
