<!DOCTYPE html>
<meta charset="utf-8" />
<!-- version 1 -->
<title>RU replay: Frosty27 vs. cock 4.0</title>
<style>
html,body {font-family:Verdana, sans-serif;font-size:10pt;margin:0;padding:0;}body{padding:12px 0;} .battle-log {font-family:Verdana, sans-serif;font-size:10pt;} .battle-log-inline {border:1px solid #AAAAAA;background:#EEF2F5;color:black;max-width:640px;margin:0 auto 80px;padding-bottom:5px;} .battle-log .inner {padding:4px 8px 0px 8px;} .battle-log .inner-preempt {padding:0 8px 4px 8px;} .battle-log .inner-after {margin-top:0.5em;} .battle-log h2 {margin:0.5em -8px;padding:4px 8px;border:1px solid #AAAAAA;background:#E0E7EA;border-left:0;border-right:0;font-family:Verdana, sans-serif;font-size:13pt;} .battle-log .chat {vertical-align:middle;padding:3px 0 3px 0;font-size:8pt;} .battle-log .chat strong {color:#40576A;} .battle-log .chat em {padding:1px 4px 1px 3px;color:#000000;font-style:normal;} .chat.mine {background:rgba(0,0,0,0.05);margin-left:-8px;margin-right:-8px;padding-left:8px;padding-right:8px;} .spoiler {color:#BBBBBB;background:#BBBBBB;padding:0px 3px;} .spoiler:hover, .spoiler:active, .spoiler-shown {color:#000000;background:#E2E2E2;padding:0px 3px;} .spoiler a {color:#BBBBBB;} .spoiler:hover a, .spoiler:active a, .spoiler-shown a {color:#2288CC;} .chat code, .chat .spoiler:hover code, .chat .spoiler:active code, .chat .spoiler-shown code {border:1px solid #C0C0C0;background:#EEEEEE;color:black;padding:0 2px;} .chat .spoiler code {border:1px solid #CCCCCC;background:#CCCCCC;color:#CCCCCC;} .battle-log .rated {padding:3px 4px;} .battle-log .rated strong {color:white;background:#89A;padding:1px 4px;border-radius:4px;} .spacer {margin-top:0.5em;} .message-announce {background:#6688AA;color:white;padding:1px 4px 2px;} .message-announce a, .broadcast-green a, .broadcast-blue a, .broadcast-red a {color:#DDEEFF;} .broadcast-green {background-color:#559955;color:white;padding:2px 4px;} .broadcast-blue {background-color:#6688AA;color:white;padding:2px 4px;} .infobox {border:1px solid #6688AA;padding:2px 4px;} .infobox-limited {max-height:200px;overflow:auto;overflow-x:hidden;} .broadcast-red {background-color:#AA5544;color:white;padding:2px 4px;} .message-learn-canlearn {font-weight:bold;color:#228822;text-decoration:underline;} .message-learn-cannotlearn {font-weight:bold;color:#CC2222;text-decoration:underline;} .message-effect-weak {font-weight:bold;color:#CC2222;} .message-effect-resist {font-weight:bold;color:#6688AA;} .message-effect-immune {font-weight:bold;color:#666666;} .message-learn-list {margin-top:0;margin-bottom:0;} .message-throttle-notice, .message-error {color:#992222;} .message-overflow, .chat small.message-overflow {font-size:0pt;} .message-overflow::before {font-size:9pt;content:'...';} .subtle {color:#3A4A66;}
</style>
<div class="wrapper replay-wrapper" style="max-width:1180px;margin:0 auto">
<input type="hidden" name="replayid" value="ru-488061922" />
<div class="battle"></div><div class="battle-log"></div><div class="replay-controls"></div><div class="replay-controls-2"></div>
<h1 style="font-weight:normal;text-align:center"><strong>RU</strong><br /><a href="http://pokemonshowdown.com/users/frosty27" class="subtle" target="_blank">Frosty27</a> vs. <a href="http://pokemonshowdown.com/users/cock40" class="subtle" target="_blank">cock 4.0</a></h1>
<script type="text/plain" class="battle-log-data">|j|Frosty27
|j|cock 4.0
|player|p1|Frosty27|221
|player|p2|cock 4.0|76
|gametype|singles
|gen|6
|tier|RU
|rated
|seed|63647,63869,23055,37508
|rule|Sleep Clause Mod: Limit one foe put to sleep
|rule|Species Clause: Limit one of each Pokémon
|rule|OHKO Clause: OHKO moves are banned
|rule|Moody Clause: Moody is banned
|rule|Evasion Moves Clause: Evasion moves are banned
|rule|Endless Battle Clause: Forcing endless battles is banned
|rule|HP Percentage Mod: HP is shown in percentages
|clearpoke
|poke|p1|Scrafty, M, shiny|item
|poke|p1|Klinklang, shiny|item
|poke|p1|Glalie, M, shiny|item
|poke|p1|Ambipom, M, shiny|item
|poke|p1|Bronzong, shiny|item
|poke|p1|Mantine, M, shiny|item
|poke|p2|Clawitzer, M, shiny|item
|poke|p2|Camerupt, F, shiny|item
|poke|p2|Virizion, shiny|item
|poke|p2|Braviary, M, shiny|item
|poke|p2|Aromatisse, M, shiny|item
|poke|p2|Flygon, F, shiny|item
|rule|Swagger Clause: Swagger is banned
|rule|Baton Pass Clause: Limit one Baton Passer, can't pass Spe and other stats simultaneously
|teampreview
|choice|team 3, team 2, team 1, team 4, team 5, team 6|team 3, team 2, team 1, team 4, team 5, team 6
|
|start
|switch|p1a: Glalie|Glalie, M, shiny|302\/302
|switch|p2a: Virizion|Virizion, shiny|323\/323
|turn|1
|choice|move iceshard mega|move grassknot
|
|detailschange|p1a: Glalie|Glalie-Mega, M, shiny
|-mega|p1a: Glalie|Glalie|Glalitite
|move|p1a: Glalie|Ice Shard|p2a: Virizion
|-supereffective|p2a: Virizion
|-damage|p2a: Virizion|137\/323
|move|p2a: Virizion|Grass Knot|p1a: Glalie
|-damage|p1a: Glalie|118\/302
|
|turn|2
|choice|move iceshard|switch 3
|
|switch|p2a: Clawitzer|Clawitzer, M, shiny|346\/346
|move|p1a: Glalie|Ice Shard|p2a: Clawitzer
|-resisted|p2a: Clawitzer
|-crit|p2a: Clawitzer
|-damage|p2a: Clawitzer|287\/346
|
|turn|3
|choice|move taunt|switch 2
|
|switch|p2a: Camerupt|Camerupt, F, shiny|343\/343
|move|p1a: Glalie|Taunt|p2a: Camerupt
|-start|p2a: Camerupt|move: Taunt
|
|turn|4
|choice|move earthquake|move eruption mega
|
|detailschange|p2a: Camerupt|Camerupt-Mega, F, shiny
|-mega|p2a: Camerupt|Camerupt|Cameruptite
|move|p1a: Glalie|Earthquake|p2a: Camerupt
|-supereffective|p2a: Camerupt
|-damage|p2a: Camerupt|107\/343
|move|p2a: Camerupt|Eruption|p1a: Glalie
|-supereffective|p1a: Glalie
|-damage|p1a: Glalie|0 fnt
|faint|p1a: Glalie
|
|choice|switch 3|
|
|switch|p1a: Scrafty|Scrafty, M, shiny|272\/272
|turn|5
|choice|move highjumpkick|switch 4
|
|switch|p2a: Braviary|Braviary, M, shiny|403\/403
|move|p1a: Scrafty|High Jump Kick|p2a: Braviary
|-damage|p2a: Braviary|150\/403
|
|turn|6
|l|Frosty27
|player|p1
|-message|Frosty27 lost due to inactivity.
|
|win|cock 4.0
|player|p2</script>
</div>
<div class="battle-log battle-log-inline"><div class="inner"><div class="battle-options"></div><div class="inner"><div class="chat"><small>Frosty27 joined.</small></div><div class="chat"><small>cock 4.0 joined.</small></div><div class=""><small>Format:</small> <br><strong>RU</strong></div><div class="rated"><strong>Rated battle</strong></div><div class=""><small><em>Sleep Clause Mod:</em> Limit one foe put to sleep</small></div><div class=""><small><em>Species Clause:</em> Limit one of each Pokémon</small></div><div class=""><small><em>OHKO Clause:</em> OHKO moves are banned</small></div><div class=""><small><em>Moody Clause:</em> Moody is banned</small></div><div class=""><small><em>Evasion Moves Clause:</em> Evasion moves are banned</small></div><div class=""><small><em>Endless Battle Clause:</em> Forcing endless battles is banned</small></div><div class=""><small><em>HP Percentage Mod:</em> HP is shown in percentages</small></div><div class=""><small><em>Swagger Clause:</em> Swagger is banned</small></div><div class=""><small><em>Baton Pass Clause:</em> Limit one Baton Passer, can't pass Spe and other stats simultaneously</small></div><div class="chat battle-history"><strong>Frosty27's team:</strong> <em style="color:#445566;display:block;">Scrafty / Klinklang / Glalie / Ambipom / Bronzong / Mantine</em></div><div class="chat battle-history"><strong>cock 4.0's team:</strong> <em style="color:#445566;display:block;">Clawitzer / Camerupt / Virizion / Braviary / Aromatisse / Flygon</em></div><div class="spacer battle-history"><br></div><div class="battle-history">Battle started between Frosty27 and cock 4.0!<br></div><div class="spacer battle-history"><br></div><div class="battle-history">Go! <strong>Glalie</strong>!<br></div><div class="spacer battle-history"><br></div><div class="battle-history">cock 4.0 sent out <strong>Virizion</strong>!<br></div><div class="spacer battle-history"><br></div><h2 class="battle-history">Turn 1</h2><div class="spacer battle-history"><br></div><div class="battle-history"><small>Glalie's Glalitite is reacting to Frosty27's Mega Bracelet!</small><br>Glalie has Mega Evolved into Mega Glalie!<br></div><div class="spacer battle-history"><br></div><div class="battle-history">Glalie used <strong>Ice Shard</strong>!<br></div><div class="battle-history"><small>It's super effective!</small><br></div><div class="battle-history"><small>(The opposing Virizion lost <abbr title="−186/323">57.6%</abbr> of its health!)</small><br></div><div class="spacer battle-history"><br></div><div class="battle-history">The opposing Virizion used <strong>Grass Knot</strong>!<br></div><div class="battle-history"><small>(Glalie lost <abbr title="−184/302">60.9%</abbr> of its health!)</small><br></div><div class="spacer battle-history"><br></div><h2 class="battle-history">Turn 2</h2><div class="spacer battle-history"><br></div><div class="battle-history">cock 4.0 withdrew Virizion!<br></div><div class="battle-history">cock 4.0 sent out <strong>Clawitzer</strong>!<br></div><div class="spacer battle-history"><br></div><div class="battle-history">Glalie used <strong>Ice Shard</strong>!<br></div><div class="battle-history"><small>It's not very effective...</small><br></div><div class="battle-history"><small>A critical hit!</small><br></div><div class="battle-history"><small>(The opposing Clawitzer lost <abbr title="−59/346">17.1%</abbr> of its health!)</small><br></div><div class="spacer battle-history"><br></div><h2 class="battle-history">Turn 3</h2><div class="spacer battle-history"><br></div><div class="battle-history">cock 4.0 withdrew Clawitzer!<br></div><div class="battle-history">cock 4.0 sent out <strong>Camerupt</strong>!<br></div><div class="spacer battle-history"><br></div><div class="battle-history">Glalie used <strong>Taunt</strong>!<br></div><div class="battle-history"><small>The opposing Camerupt fell for the taunt!</small><br></div><div class="spacer battle-history"><br></div><h2 class="battle-history">Turn 4</h2><div class="spacer battle-history"><br></div><div class="battle-history"><small>The opposing Camerupt's Cameruptite is reacting to cock 4.0's Mega Bracelet!</small><br>The opposing Camerupt has Mega Evolved into Mega Camerupt!<br></div><div class="spacer battle-history"><br></div><div class="battle-history">Glalie used <strong>Earthquake</strong>!<br></div><div class="battle-history"><small>It's super effective!</small><br></div><div class="battle-history"><small>(The opposing Camerupt lost <abbr title="−236/343">68.8%</abbr> of its health!)</small><br></div><div class="spacer battle-history"><br></div><div class="battle-history">The opposing Camerupt used <strong>Eruption</strong>!<br></div><div class="battle-history"><small>It's super effective!</small><br></div><div class="battle-history"><small>(Glalie lost <abbr title="−118/302">39.1%</abbr> of its health!)</small><br></div><div class="spacer battle-history"><br></div><div class="battle-history">Glalie fainted!<br></div><div class="spacer battle-history"><br></div><div class="battle-history">Go! <strong>Scrafty</strong>!<br></div><div class="spacer battle-history"><br></div><h2 class="battle-history">Turn 5</h2><div class="spacer battle-history"><br></div><div class="battle-history">cock 4.0 withdrew Camerupt!<br></div><div class="battle-history">cock 4.0 sent out <strong>Braviary</strong>!<br></div><div class="spacer battle-history"><br></div><div class="battle-history">Scrafty used <strong>High Jump Kick</strong>!<br></div><div class="battle-history"><small>(The opposing Braviary lost <abbr title="−253/403">62.8%</abbr> of its health!)</small><br></div><div class="spacer battle-history"><br></div><h2 class="battle-history">Turn 6</h2><div class="chat"><small>Frosty27 left.</small></div><div class="spacer battle-history"><br></div><div class="battle-history"><small>Frosty27 lost due to inactivity.</small><br></div><div class="spacer battle-history"><br></div><div class="battle-history"><strong>cock 4.0</strong> won the battle!<br></div></div><div class="inner-preempt"></div></div></div>
</div>
<script>
let daily = Math.floor(Date.now()/1000/60/60/24);document.write('<script src="https://play.pokemonshowdown.com/js/replay-embed.js?version'+daily+'"></'+'script>');
</script>
