<!DOCTYPE html>
<meta charset="utf-8" />
<!-- version 1 -->
<title>RU replay: PsychoAutomatic vs. AnimeMonTrainer</title>
<style>
html,body {font-family:Verdana, sans-serif;font-size:10pt;margin:0;padding:0;}body{padding:12px 0;} .battle-log {font-family:Verdana, sans-serif;font-size:10pt;} .battle-log-inline {border:1px solid #AAAAAA;background:#EEF2F5;color:black;max-width:640px;margin:0 auto 80px;padding-bottom:5px;} .battle-log .inner {padding:4px 8px 0px 8px;} .battle-log .inner-preempt {padding:0 8px 4px 8px;} .battle-log .inner-after {margin-top:0.5em;} .battle-log h2 {margin:0.5em -8px;padding:4px 8px;border:1px solid #AAAAAA;background:#E0E7EA;border-left:0;border-right:0;font-family:Verdana, sans-serif;font-size:13pt;} .battle-log .chat {vertical-align:middle;padding:3px 0 3px 0;font-size:8pt;} .battle-log .chat strong {color:#40576A;} .battle-log .chat em {padding:1px 4px 1px 3px;color:#000000;font-style:normal;} .chat.mine {background:rgba(0,0,0,0.05);margin-left:-8px;margin-right:-8px;padding-left:8px;padding-right:8px;} .spoiler {color:#BBBBBB;background:#BBBBBB;padding:0px 3px;} .spoiler:hover, .spoiler:active, .spoiler-shown {color:#000000;background:#E2E2E2;padding:0px 3px;} .spoiler a {color:#BBBBBB;} .spoiler:hover a, .spoiler:active a, .spoiler-shown a {color:#2288CC;} .chat code, .chat .spoiler:hover code, .chat .spoiler:active code, .chat .spoiler-shown code {border:1px solid #C0C0C0;background:#EEEEEE;color:black;padding:0 2px;} .chat .spoiler code {border:1px solid #CCCCCC;background:#CCCCCC;color:#CCCCCC;} .battle-log .rated {padding:3px 4px;} .battle-log .rated strong {color:white;background:#89A;padding:1px 4px;border-radius:4px;} .spacer {margin-top:0.5em;} .message-announce {background:#6688AA;color:white;padding:1px 4px 2px;} .message-announce a, .broadcast-green a, .broadcast-blue a, .broadcast-red a {color:#DDEEFF;} .broadcast-green {background-color:#559955;color:white;padding:2px 4px;} .broadcast-blue {background-color:#6688AA;color:white;padding:2px 4px;} .infobox {border:1px solid #6688AA;padding:2px 4px;} .infobox-limited {max-height:200px;overflow:auto;overflow-x:hidden;} .broadcast-red {background-color:#AA5544;color:white;padding:2px 4px;} .message-learn-canlearn {font-weight:bold;color:#228822;text-decoration:underline;} .message-learn-cannotlearn {font-weight:bold;color:#CC2222;text-decoration:underline;} .message-effect-weak {font-weight:bold;color:#CC2222;} .message-effect-resist {font-weight:bold;color:#6688AA;} .message-effect-immune {font-weight:bold;color:#666666;} .message-learn-list {margin-top:0;margin-bottom:0;} .message-throttle-notice, .message-error {color:#992222;} .message-overflow, .chat small.message-overflow {font-size:0pt;} .message-overflow::before {font-size:9pt;content:'...';} .subtle {color:#3A4A66;}
</style>
<div class="wrapper replay-wrapper" style="max-width:1180px;margin:0 auto">
<input type="hidden" name="replayid" value="ru-489613543" />
<div class="battle"></div><div class="battle-log"></div><div class="replay-controls"></div><div class="replay-controls-2"></div>
<h1 style="font-weight:normal;text-align:center"><strong>RU</strong><br /><a href="http://pokemonshowdown.com/users/psychoautomatic" class="subtle" target="_blank">PsychoAutomatic</a> vs. <a href="http://pokemonshowdown.com/users/animemontrainer" class="subtle" target="_blank">AnimeMonTrainer</a></h1>
<script type="text/plain" class="battle-log-data">|j|PsychoAutomatic
|j|AnimeMonTrainer
|c|★AnimeMonTrainer|good luck an dhave fun
|player|p1|PsychoAutomatic|9
|player|p2|AnimeMonTrainer|38
|gametype|singles
|gen|6
|tier|RU
|rated
|seed|58427,57136,42407,39864
|rule|Sleep Clause Mod: Limit one foe put to sleep
|rule|Species Clause: Limit one of each Pokémon
|rule|OHKO Clause: OHKO moves are banned
|rule|Moody Clause: Moody is banned
|rule|Evasion Moves Clause: Evasion moves are banned
|rule|Endless Battle Clause: Forcing endless battles is banned
|rule|HP Percentage Mod: HP is shown in percentages
|clearpoke
|poke|p1|Registeel|item
|poke|p1|Magneton|item
|poke|p1|Banette, F|item
|poke|p1|Eelektross, F|item
|poke|p1|Jellicent, M|item
|poke|p1|Golbat, F|item
|poke|p2|Escavalier, M|item
|poke|p2|Camerupt, M|item
|poke|p2|Jellicent, M|item
|poke|p2|Hitmontop, M|item
|poke|p2|Exploud, M|item
|poke|p2|Aromatisse, F|item
|rule|Swagger Clause: Swagger is banned
|rule|Baton Pass Clause: Limit one Baton Passer, can't pass Spe and other stats simultaneously
|teampreview
|c|★PsychoAutomatic|hf
|c|★PsychoAutomatic|:]
|choice|team 5, team 2, team 3, team 4, team 1, team 6|team 2, team 1, team 3, team 4, team 5, team 6
|
|start
|switch|p1a: Jellicent|Jellicent, M|403\/403
|switch|p2a: Camerupt|Camerupt, M|343\/343
|turn|1
|choice|move scald|switch 3
|
|switch|p2a: Jellicent|Jellicent, M|401\/401
|move|p1a: Jellicent|Scald|p2a: Jellicent
|-immune|p2a: Jellicent|[msg]|[from] ability: Water Absorb
|
|turn|2
|choice|move taunt|move willowisp
|
|move|p1a: Jellicent|Taunt|p2a: Jellicent
|-start|p2a: Jellicent|move: Taunt
|cant|p2a: Jellicent|move: Taunt|Will-O-Wisp
|
|turn|3
|choice|move willowisp|move hex
|
|move|p1a: Jellicent|Will-O-Wisp|p2a: Jellicent
|-status|p2a: Jellicent|brn
|move|p2a: Jellicent|Hex|p1a: Jellicent
|-supereffective|p1a: Jellicent
|-damage|p1a: Jellicent|287\/403
|
|-heal|p1a: Jellicent|312\/403|[from] item: Leftovers
|-damage|p2a: Jellicent|351\/401 brn|[from] brn
|turn|4
|choice|move recover|switch 6
|
|switch|p2a: Aromatisse|Aromatisse, F|406\/406
|move|p1a: Jellicent|Recover|p1a: Jellicent
|-heal|p1a: Jellicent|403\/403
|
|turn|5
|choice|move taunt|move moonblast
|
|move|p1a: Jellicent|Taunt|p2a: Aromatisse
|-activate|p2a: Aromatisse|ability: Aroma Veil|[of] p2a: Aromatisse
|move|p2a: Aromatisse|Moonblast|p1a: Jellicent
|-damage|p1a: Jellicent|294\/403
|-unboost|p1a: Jellicent|spa|1
|
|-heal|p1a: Jellicent|319\/403|[from] item: Leftovers
|turn|6
|choice|switch 5|move moonblast
|
|switch|p1a: Registeel|Registeel|364\/364
|move|p2a: Aromatisse|Moonblast|p1a: Registeel
|-resisted|p1a: Registeel
|-damage|p1a: Registeel|333\/364
|
|-heal|p1a: Registeel|355\/364|[from] item: Leftovers
|turn|7
|choice|move stealthrock|switch 3
|
|switch|p2a: Camerupt|Camerupt, M|343\/343
|move|p1a: Registeel|Stealth Rock|p2a: Camerupt
|-sidestart|p2: AnimeMonTrainer|move: Stealth Rock
|
|-heal|p1a: Registeel|364\/364|[from] item: Leftovers
|turn|8
|choice|move protect|move fireblast mega
|
|detailschange|p2a: Camerupt|Camerupt-Mega, M
|-mega|p2a: Camerupt|Camerupt|Cameruptite
|move|p1a: Registeel|Protect|p1a: Registeel
|-singleturn|p1a: Registeel|Protect
|move|p2a: Camerupt|Fire Blast|p1a: Registeel
|-activate|p1a: Registeel|move: Protect
|
|turn|9
|choice|switch 5|move earthpower
|
|switch|p1a: Jellicent|Jellicent, M|319\/403
|move|p2a: Camerupt|Earth Power|p1a: Jellicent
|-damage|p1a: Jellicent|90\/403
|
|-heal|p1a: Jellicent|115\/403|[from] item: Leftovers
|turn|10
|choice|move recover|switch 5
|
|switch|p2a: Exploud|Exploud, M|349\/349
|-damage|p2a: Exploud|306\/349|[from] Stealth Rock
|move|p1a: Jellicent|Recover|p1a: Jellicent
|-heal|p1a: Jellicent|317\/403
|
|-heal|p1a: Jellicent|342\/403|[from] item: Leftovers
|turn|11
|choice|switch 4|move boomburst
|
|switch|p1a: Eelektross|Eelektross, F|374\/374
|move|p2a: Exploud|Boomburst|p1a: Eelektross
|-damage|p1a: Eelektross|211\/374
|
|turn|12
|choice|move knockoff|switch 4
|
|switch|p2a: Hitmontop|Hitmontop, M|301\/301
|-damage|p2a: Hitmontop|283\/301|[from] Stealth Rock
|-ability|p2a: Hitmontop|Intimidate|boost
|-unboost|p1a: Eelektross|atk|1
|move|p1a: Eelektross|Knock Off|p2a: Hitmontop
|-resisted|p2a: Hitmontop
|-damage|p2a: Hitmontop|264\/301
|-damage|p1a: Eelektross|149\/374|[from] item: Rocky Helmet|[of] p2a: Hitmontop
|-enditem|p2a: Hitmontop|Rocky Helmet|[from] move: Knock Off|[of] p1a: Eelektross
|
|turn|13
|choice|move voltswitch|switch 4
|
|switch|p2a: Exploud|Exploud, M|306\/349
|-damage|p2a: Exploud|263\/349|[from] Stealth Rock
|move|p1a: Eelektross|Volt Switch|p2a: Exploud
|-damage|p2a: Exploud|98\/349
|choice|switch 5|
|
|switch|p1a: Registeel|Registeel|364\/364
|
|turn|14
|choice|move seismictoss|move focusblast
|
|move|p2a: Exploud|Focus Blast|p1a: Registeel|[miss]
|-miss|p2a: Exploud|p1a: Registeel
|move|p1a: Registeel|Seismic Toss|p2a: Exploud
|-damage|p2a: Exploud|0 fnt
|faint|p2a: Exploud
|
|choice||switch 5
|
|switch|p2a: Camerupt|Camerupt-Mega, M|343\/343
|-damage|p2a: Camerupt|301\/343|[from] Stealth Rock
|turn|15
|choice|switch 4|move fireblast
|
|switch|p1a: Jellicent|Jellicent, M|342\/403
|move|p2a: Camerupt|Fire Blast|p1a: Jellicent
|-resisted|p1a: Jellicent
|-damage|p1a: Jellicent|206\/403
|
|-heal|p1a: Jellicent|231\/403|[from] item: Leftovers
|turn|16
|choice|move recover|switch 2
|
|switch|p2a: Escavalier|Escavalier, M|343\/343
|-damage|p2a: Escavalier|301\/343|[from] Stealth Rock
|move|p1a: Jellicent|Recover|p1a: Jellicent
|-heal|p1a: Jellicent|403\/403
|
|turn|17
|choice|switch 5|move knockoff
|
|switch|p1a: Eelektross|Eelektross, F|149\/374
|move|p2a: Escavalier|Knock Off|p1a: Eelektross
|-damage|p1a: Eelektross|3\/374
|-enditem|p1a: Eelektross|Assault Vest|[from] move: Knock Off|[of] p2a: Escavalier
|
|turn|18
|choice|move flamethrower|switch 2
|
|switch|p2a: Camerupt|Camerupt-Mega, M|301\/343
|-damage|p2a: Camerupt|259\/343|[from] Stealth Rock
|move|p1a: Eelektross|Flamethrower|p2a: Camerupt
|-resisted|p2a: Camerupt
|-damage|p2a: Camerupt|208\/343
|
|turn|19
|choice|move gigadrain|move fireblast
|
|move|p1a: Eelektross|Giga Drain|p2a: Camerupt
|-damage|p2a: Camerupt|125\/343
|-heal|p1a: Eelektross|45\/374|[from] drain|[of] p2a: Camerupt
|move|p2a: Camerupt|Fire Blast|p1a: Eelektross
|-damage|p1a: Eelektross|0 fnt
|faint|p1a: Eelektross
|
|choice|switch 5|
|
|switch|p1a: Jellicent|Jellicent, M|403\/403
|turn|20
|choice|move taunt|switch 6
|
|switch|p2a: Jellicent|Jellicent, M|351\/401 brn
|-damage|p2a: Jellicent|301\/401 brn|[from] Stealth Rock
|move|p1a: Jellicent|Taunt|p2a: Jellicent
|-start|p2a: Jellicent|move: Taunt
|
|-heal|p2a: Jellicent|326\/401 brn|[from] item: Leftovers
|-damage|p2a: Jellicent|276\/401 brn|[from] brn
|turn|21
|choice|switch 2|move hex
|
|switch|p1a: Magneton|Magneton|241\/241
|move|p2a: Jellicent|Hex|p1a: Magneton
|-damage|p1a: Magneton|156\/241
|
|-heal|p2a: Jellicent|301\/401 brn|[from] item: Leftovers
|-damage|p2a: Jellicent|251\/401 brn|[from] brn
|turn|22
|choice|move hiddenpower|switch 6
|
|switch|p2a: Camerupt|Camerupt-Mega, M|125\/343
|-damage|p2a: Camerupt|83\/343|[from] Stealth Rock
|move|p1a: Magneton|Hidden Power|p2a: Camerupt
|-supereffective|p2a: Camerupt
|-damage|p2a: Camerupt|0 fnt
|faint|p2a: Camerupt
|
|choice||switch 4
|
|switch|p2a: Hitmontop|Hitmontop, M|264\/301
|-damage|p2a: Hitmontop|246\/301|[from] Stealth Rock
|-ability|p2a: Hitmontop|Intimidate|boost
|-unboost|p1a: Magneton|atk|1
|turn|23
|choice|switch 6|switch 3
|
|switch|p1a: Golbat|Golbat, F|354\/354
|switch|p2a: Aromatisse|Aromatisse, F|406\/406
|-damage|p2a: Aromatisse|356\/406|[from] Stealth Rock
|
|turn|24
|c|★PsychoAutomatic|!data aroma veil
|c|~|\/data-ability Aroma Veil

|choice|move toxic|switch 2
|
|switch|p2a: Escavalier|Escavalier, M|301\/343
|-damage|p2a: Escavalier|259\/343|[from] Stealth Rock
|move|p1a: Golbat|Toxic|p2a: Escavalier
|-immune|p2a: Escavalier|[msg]
|
|turn|25
|choice|switch 4|move knockoff
|
|switch|p1a: Registeel|Registeel|364\/364
|move|p2a: Escavalier|Knock Off|p1a: Registeel
|-damage|p1a: Registeel|275\/364
|-enditem|p1a: Registeel|Leftovers|[from] move: Knock Off|[of] p2a: Escavalier
|
|turn|26
|choice|move seismictoss|move drillrun
|
|move|p1a: Registeel|Seismic Toss|p2a: Escavalier
|-damage|p2a: Escavalier|159\/343
|move|p2a: Escavalier|Drill Run|p1a: Registeel
|-supereffective|p1a: Registeel
|-damage|p1a: Registeel|115\/364
|
|turn|27
|choice|move seismictoss|move drillrun
|
|move|p1a: Registeel|Seismic Toss|p2a: Escavalier
|-damage|p2a: Escavalier|59\/343
|move|p2a: Escavalier|Drill Run|p1a: Registeel|[miss]
|-miss|p2a: Escavalier|p1a: Registeel
|
|turn|28
|choice|move seismictoss|switch 6
|
|switch|p2a: Jellicent|Jellicent, M|251\/401 brn
|-damage|p2a: Jellicent|201\/401 brn|[from] Stealth Rock
|move|p1a: Registeel|Seismic Toss|p2a: Jellicent
|-immune|p2a: Jellicent|[msg]
|
|-heal|p2a: Jellicent|226\/401 brn|[from] item: Leftovers
|-damage|p2a: Jellicent|176\/401 brn|[from] brn
|turn|29
|choice|move protect|move recover
|
|move|p1a: Registeel|Protect|p1a: Registeel
|-singleturn|p1a: Registeel|Protect
|move|p2a: Jellicent|Recover|p2a: Jellicent
|-heal|p2a: Jellicent|377\/401 brn
|
|-heal|p2a: Jellicent|401\/401 brn|[from] item: Leftovers
|-damage|p2a: Jellicent|351\/401 brn|[from] brn
|turn|30
|choice|switch 6|move willowisp
|
|switch|p1a: Magneton|Magneton|156\/241
|move|p2a: Jellicent|Will-O-Wisp|p1a: Magneton
|-status|p1a: Magneton|brn
|
|-heal|p2a: Jellicent|376\/401 brn|[from] item: Leftovers
|-damage|p1a: Magneton|126\/241 brn|[from] brn
|-damage|p2a: Jellicent|326\/401 brn|[from] brn
|turn|31
|choice|move thunderbolt|switch 3
|
|switch|p2a: Hitmontop|Hitmontop, M|246\/301
|-damage|p2a: Hitmontop|228\/301|[from] Stealth Rock
|-ability|p2a: Hitmontop|Intimidate|boost
|-unboost|p1a: Magneton|atk|1
|move|p1a: Magneton|Thunderbolt|p2a: Hitmontop
|-damage|p2a: Hitmontop|0 fnt
|faint|p2a: Hitmontop
|
|-damage|p1a: Magneton|96\/241 brn|[from] brn
|choice||switch 2
|
|switch|p2a: Aromatisse|Aromatisse, F|356\/406
|-damage|p2a: Aromatisse|306\/406|[from] Stealth Rock
|turn|32
|choice|switch 4|move calmmind
|
|switch|p1a: Golbat|Golbat, F|354\/354
|move|p2a: Aromatisse|Calm Mind|p2a: Aromatisse
|-boost|p2a: Aromatisse|spa|1
|-boost|p2a: Aromatisse|spd|1
|
|turn|33
|choice|move toxic|move wish
|
|move|p1a: Golbat|Toxic|p2a: Aromatisse
|-status|p2a: Aromatisse|tox
|move|p2a: Aromatisse|Wish|p2a: Aromatisse
|
|-damage|p2a: Aromatisse|281\/406 tox|[from] psn
|turn|34
|choice|move roost|move calmmind
|
|move|p1a: Golbat|Roost|p1a: Golbat
|-fail|p1a: Golbat
|move|p2a: Aromatisse|Calm Mind|p2a: Aromatisse
|-boost|p2a: Aromatisse|spa|1
|-boost|p2a: Aromatisse|spd|1
|
|-heal|p2a: Aromatisse|406\/406 tox|[from] move: Wish|[wisher] Aromatisse
|-damage|p2a: Aromatisse|356\/406 tox|[from] psn
|turn|35
|choice|move bravebird|move healbell
|
|move|p1a: Golbat|Brave Bird|p2a: Aromatisse
|-damage|p2a: Aromatisse|257\/406 tox
|-damage|p1a: Golbat|321\/354|[from] recoil|[of] p2a: Aromatisse
|move|p2a: Aromatisse|Heal Bell|p2a: Aromatisse
|-activate|p2a: Aromatisse|move: Heal Bell
|-curestatus|p2a: Aromatisse|tox|[msg]
|-curestatus|p2: Jellicent|brn|[msg]
|
|turn|36
|choice|switch 6|move wish
|
|switch|p1a: Registeel|Registeel|115\/364
|move|p2a: Aromatisse|Wish|p2a: Aromatisse
|
|turn|37
|choice|move seismictoss|move moonblast
|
|move|p1a: Registeel|Seismic Toss|p2a: Aromatisse
|-damage|p2a: Aromatisse|157\/406
|-enditem|p2a: Aromatisse|Sitrus Berry|[eat]
|-heal|p2a: Aromatisse|258\/406|[from] item: Sitrus Berry
|move|p2a: Aromatisse|Moonblast|p1a: Registeel
|-resisted|p1a: Registeel
|-damage|p1a: Registeel|55\/364
|
|-heal|p2a: Aromatisse|406\/406|[from] move: Wish|[wisher] Aromatisse
|turn|38
|choice|move seismictoss|move wish
|
|move|p1a: Registeel|Seismic Toss|p2a: Aromatisse
|-damage|p2a: Aromatisse|306\/406
|move|p2a: Aromatisse|Wish|p2a: Aromatisse
|
|turn|39
|choice|move seismictoss|move calmmind
|
|move|p1a: Registeel|Seismic Toss|p2a: Aromatisse
|-damage|p2a: Aromatisse|206\/406
|move|p2a: Aromatisse|Calm Mind|p2a: Aromatisse
|-boost|p2a: Aromatisse|spa|1
|-boost|p2a: Aromatisse|spd|1
|
|-heal|p2a: Aromatisse|406\/406|[from] move: Wish|[wisher] Aromatisse
|turn|40
|choice|move toxic|move wish
|
|move|p1a: Registeel|Toxic|p2a: Aromatisse
|-status|p2a: Aromatisse|tox
|move|p2a: Aromatisse|Wish|p2a: Aromatisse
|
|-damage|p2a: Aromatisse|381\/406 tox|[from] psn
|turn|41
|choice|move seismictoss|move moonblast
|
|move|p1a: Registeel|Seismic Toss|p2a: Aromatisse
|-damage|p2a: Aromatisse|281\/406 tox
|move|p2a: Aromatisse|Moonblast|p1a: Registeel
|-resisted|p1a: Registeel
|-damage|p1a: Registeel|0 fnt
|faint|p1a: Registeel
|
|-heal|p2a: Aromatisse|406\/406 tox|[from] move: Wish|[wisher] Aromatisse
|-damage|p2a: Aromatisse|356\/406 tox|[from] psn
|choice|switch 2|
|
|switch|p1a: Jellicent|Jellicent, M|403\/403
|turn|42
|choice|move scald|move moonblast
|
|move|p1a: Jellicent|Scald|p2a: Aromatisse
|-damage|p2a: Aromatisse|317\/406 tox
|move|p2a: Aromatisse|Moonblast|p1a: Jellicent
|-damage|p1a: Jellicent|124\/403
|
|-heal|p1a: Jellicent|149\/403|[from] item: Leftovers
|-damage|p2a: Aromatisse|242\/406 tox|[from] psn
|turn|43
|choice|move scald|move healbell
|
|move|p1a: Jellicent|Scald|p2a: Aromatisse
|-damage|p2a: Aromatisse|206\/406 tox
|move|p2a: Aromatisse|Heal Bell|p2a: Aromatisse
|-activate|p2a: Aromatisse|move: Heal Bell
|-curestatus|p2a: Aromatisse|tox|[msg]
|
|-heal|p1a: Jellicent|174\/403|[from] item: Leftovers
|turn|44
|choice|move scald|move moonblast
|
|move|p1a: Jellicent|Scald|p2a: Aromatisse
|-damage|p2a: Aromatisse|169\/406
|move|p2a: Aromatisse|Moonblast|p1a: Jellicent
|-damage|p1a: Jellicent|0 fnt
|faint|p1a: Jellicent
|
|choice|switch 3|
|
|switch|p1a: Banette|Banette, F|326\/326
|turn|45
|choice|move shadowclaw mega|move wish
|
|detailschange|p1a: Banette|Banette-Mega, F
|-mega|p1a: Banette|Banette|Banettite
|move|p1a: Banette|Shadow Claw|p2a: Aromatisse
|-damage|p2a: Aromatisse|18\/406
|move|p2a: Aromatisse|Wish|p2a: Aromatisse
|
|turn|46
|choice|move shadowsneak|move moonblast
|
|move|p1a: Banette|Shadow Sneak|p2a: Aromatisse
|-damage|p2a: Aromatisse|0 fnt
|faint|p2a: Aromatisse
|
|choice||switch 3
|
|switch|p2a: Jellicent|Jellicent, M|326\/401
|-damage|p2a: Jellicent|276\/401|[from] Stealth Rock
|turn|47
|choice|move shadowclaw|move willowisp
|
|move|p1a: Banette|Shadow Claw|p2a: Jellicent
|-supereffective|p2a: Jellicent
|-damage|p2a: Jellicent|0 fnt
|faint|p2a: Jellicent
|
|c|★AnimeMonTrainer|gg
|choice||switch 6
|
|switch|p2a: Escavalier|Escavalier, M|59\/343
|-damage|p2a: Escavalier|17\/343|[from] Stealth Rock
|turn|48
|c|★PsychoAutomatic|gg
|choice|move shadowsneak|move knockoff
|
|move|p1a: Banette|Shadow Sneak|p2a: Escavalier
|-damage|p2a: Escavalier|0 fnt
|faint|p2a: Escavalier
|
|win|PsychoAutomatic
|player|p1
|player|p2
|l|AnimeMonTrainer
||Ladder (probably) updated, but score could not be retrieved (Response not received).</script>
</div>
<div class="battle-log battle-log-inline"><div class="inner"><div class="battle-options"></div><div class="inner"><div class="chat"><small>PsychoAutomatic joined.</small></div><div class="chat"><small>AnimeMonTrainer joined.</small></div><div class="chat chatmessage-animemontrainer"><strong style="color:hsl(25,63%,44.3407521947648%)"><small>★</small><span class="username" data-name="AnimeMonTrainer">AnimeMonTrainer</span>:</strong> <em>good luck an dhave fun</em></div><div class=""><small>Format:</small> <br><strong>RU</strong></div><div class="rated"><strong>Rated battle</strong></div><div class=""><small><em>Sleep Clause Mod:</em> Limit one foe put to sleep</small></div><div class=""><small><em>Species Clause:</em> Limit one of each Pokémon</small></div><div class=""><small><em>OHKO Clause:</em> OHKO moves are banned</small></div><div class=""><small><em>Moody Clause:</em> Moody is banned</small></div><div class=""><small><em>Evasion Moves Clause:</em> Evasion moves are banned</small></div><div class=""><small><em>Endless Battle Clause:</em> Forcing endless battles is banned</small></div><div class=""><small><em>HP Percentage Mod:</em> HP is shown in percentages</small></div><div class=""><small><em>Swagger Clause:</em> Swagger is banned</small></div><div class=""><small><em>Baton Pass Clause:</em> Limit one Baton Passer, can't pass Spe and other stats simultaneously</small></div><div class="chat battle-history"><strong>PsychoAutomatic's team:</strong> <em style="color:#445566;display:block;">Registeel / Magneton / Banette / Eelektross / Jellicent / Golbat</em></div><div class="chat battle-history"><strong>AnimeMonTrainer's team:</strong> <em style="color:#445566;display:block;">Escavalier / Camerupt / Jellicent / Hitmontop / Exploud / Aromatisse</em></div><div class="chat chatmessage-psychoautomatic"><strong style="color:hsl(120,61%,40.656251469978486%)"><small>★</small><span class="username" data-name="PsychoAutomatic">PsychoAutomatic</span>:</strong> <em>hf</em></div><div class="chat chatmessage-psychoautomatic"><strong style="color:hsl(120,61%,40.656251469978486%)"><small>★</small><span class="username" data-name="PsychoAutomatic">PsychoAutomatic</span>:</strong> <em>:]</em></div><div class="spacer battle-history"><br></div><div class="battle-history">Battle started between PsychoAutomatic and AnimeMonTrainer!<br></div><div class="spacer battle-history"><br></div><div class="battle-history">Go! <strong>Jellicent</strong>!<br></div><div class="spacer battle-history"><br></div><div class="battle-history">AnimeMonTrainer sent out <strong>Camerupt</strong>!<br></div><div class="spacer battle-history"><br></div><h2 class="battle-history">Turn 1</h2><div class="spacer battle-history"><br></div><div class="battle-history">AnimeMonTrainer withdrew Camerupt!<br></div><div class="battle-history">AnimeMonTrainer sent out <strong>Jellicent</strong>!<br></div><div class="spacer battle-history"><br></div><div class="battle-history">Jellicent used <strong>Scald</strong>!<br></div><div class="battle-history"><small>[The opposing Jellicent's Water Absorb]</small><br><small>It doesn't affect the opposing Jellicent...</small><br></div><div class="spacer battle-history"><br></div><h2 class="battle-history">Turn 2</h2><div class="spacer battle-history"><br></div><div class="battle-history">Jellicent used <strong>Taunt</strong>!<br></div><div class="battle-history"><small>The opposing Jellicent fell for the taunt!</small><br></div><div class="spacer battle-history"><br></div><div class="battle-history">The opposing Jellicent can't use Will-O-Wisp after the taunt!<br></div><div class="spacer battle-history"><br></div><h2 class="battle-history">Turn 3</h2><div class="spacer battle-history"><br></div><div class="battle-history">Jellicent used <strong>Will-O-Wisp</strong>!<br></div><div class="battle-history"><small>The opposing Jellicent was burned!</small><br></div><div class="spacer battle-history"><br></div><div class="battle-history">The opposing Jellicent used <strong>Hex</strong>!<br></div><div class="battle-history"><small>It's super effective!</small><br></div><div class="battle-history"><small>(Jellicent lost <abbr title="−116/403">28.8%</abbr> of its health!)</small><br></div><div class="spacer battle-history"><br></div><div class="battle-history"><small>Jellicent restored a little HP using its Leftovers!</small><br></div><div class="battle-history"><small>The opposing Jellicent was hurt by its burn!</small><br></div><div class="spacer battle-history"><br></div><h2 class="battle-history">Turn 4</h2><div class="spacer battle-history"><br></div><div class="battle-history">AnimeMonTrainer withdrew Jellicent!<br></div><div class="battle-history">AnimeMonTrainer sent out <strong>Aromatisse</strong>!<br></div><div class="spacer battle-history"><br></div><div class="battle-history">Jellicent used <strong>Recover</strong>!<br></div><div class="battle-history"><small>Jellicent restored its HP.</small><br></div><div class="spacer battle-history"><br></div><h2 class="battle-history">Turn 5</h2><div class="spacer battle-history"><br></div><div class="battle-history">Jellicent used <strong>Taunt</strong>!<br></div><div class="battle-history"><small>[The opposing Aromatisse's Aroma Veil]</small><br><small>The opposing Aromatisse is protected by an aromatic veil!</small><br></div><div class="spacer battle-history"><br></div><div class="battle-history">The opposing Aromatisse used <strong>Moonblast</strong>!<br></div><div class="battle-history"><small>(Jellicent lost <abbr title="−109/403">27.0%</abbr> of its health!)</small><br></div><div class="battle-history"><small>Jellicent's Special Attack fell!</small><br></div><div class="spacer battle-history"><br></div><div class="battle-history"><small>Jellicent restored a little HP using its Leftovers!</small><br></div><div class="spacer battle-history"><br></div><h2 class="battle-history">Turn 6</h2><div class="spacer battle-history"><br></div><div class="battle-history">Jellicent, come back!<br></div><div class="battle-history">Go! <strong>Registeel</strong>!<br></div><div class="spacer battle-history"><br></div><div class="battle-history">The opposing Aromatisse used <strong>Moonblast</strong>!<br></div><div class="battle-history"><small>It's not very effective...</small><br></div><div class="battle-history"><small>(Registeel lost <abbr title="−31/364">8.5%</abbr> of its health!)</small><br></div><div class="spacer battle-history"><br></div><div class="battle-history"><small>Registeel restored a little HP using its Leftovers!</small><br></div><div class="spacer battle-history"><br></div><h2 class="battle-history">Turn 7</h2><div class="spacer battle-history"><br></div><div class="battle-history">AnimeMonTrainer withdrew Aromatisse!<br></div><div class="battle-history">AnimeMonTrainer sent out <strong>Camerupt</strong>!<br></div><div class="spacer battle-history"><br></div><div class="battle-history">Registeel used <strong>Stealth Rock</strong>!<br></div><div class="battle-history"><small>Pointed stones float in the air around the opposing team!</small><br></div><div class="spacer battle-history"><br></div><div class="battle-history"><small>Registeel restored a little HP using its Leftovers!</small><br></div><div class="spacer battle-history"><br></div><h2 class="battle-history">Turn 8</h2><div class="spacer battle-history"><br></div><div class="battle-history"><small>The opposing Camerupt's Cameruptite is reacting to AnimeMonTrainer's Mega Bracelet!</small><br>The opposing Camerupt has Mega Evolved into Mega Camerupt!<br></div><div class="spacer battle-history"><br></div><div class="battle-history">Registeel used <strong>Protect</strong>!<br></div><div class="battle-history"><small>Registeel protected itself!</small><br></div><div class="spacer battle-history"><br></div><div class="battle-history">The opposing Camerupt used <strong>Fire Blast</strong>!<br></div><div class="battle-history"><small>Registeel protected itself!</small><br></div><div class="spacer battle-history"><br></div><h2 class="battle-history">Turn 9</h2><div class="spacer battle-history"><br></div><div class="battle-history">Registeel, come back!<br></div><div class="battle-history">Go! <strong>Jellicent</strong>!<br></div><div class="spacer battle-history"><br></div><div class="battle-history">The opposing Camerupt used <strong>Earth Power</strong>!<br></div><div class="battle-history"><small>(Jellicent lost <abbr title="−229/403">56.8%</abbr> of its health!)</small><br></div><div class="spacer battle-history"><br></div><div class="battle-history"><small>Jellicent restored a little HP using its Leftovers!</small><br></div><div class="spacer battle-history"><br></div><h2 class="battle-history">Turn 10</h2><div class="spacer battle-history"><br></div><div class="battle-history">AnimeMonTrainer withdrew Camerupt!<br></div><div class="battle-history">AnimeMonTrainer sent out <strong>Exploud</strong>!<br></div><div class="battle-history"><small>Pointed stones dug into the opposing Exploud!</small><br></div><div class="spacer battle-history"><br></div><div class="battle-history">Jellicent used <strong>Recover</strong>!<br></div><div class="battle-history"><small>Jellicent restored its HP.</small><br></div><div class="spacer battle-history"><br></div><div class="battle-history"><small>Jellicent restored a little HP using its Leftovers!</small><br></div><div class="spacer battle-history"><br></div><h2 class="battle-history">Turn 11</h2><div class="spacer battle-history"><br></div><div class="battle-history">Jellicent, come back!<br></div><div class="battle-history">Go! <strong>Eelektross</strong>!<br></div><div class="spacer battle-history"><br></div><div class="battle-history">The opposing Exploud used <strong>Boomburst</strong>!<br></div><div class="battle-history"><small>(Eelektross lost <abbr title="−163/374">43.6%</abbr> of its health!)</small><br></div><div class="spacer battle-history"><br></div><h2 class="battle-history">Turn 12</h2><div class="spacer battle-history"><br></div><div class="battle-history">AnimeMonTrainer withdrew Exploud!<br></div><div class="battle-history">AnimeMonTrainer sent out <strong>Hitmontop</strong>!<br></div><div class="battle-history"><small>Pointed stones dug into the opposing Hitmontop!</small><br></div><div class="battle-history"><small>[The opposing Hitmontop's Intimidate]</small><br></div><div class="battle-history"><small>Eelektross's Attack fell!</small><br></div><div class="spacer battle-history"><br></div><div class="battle-history">Eelektross used <strong>Knock Off</strong>!<br></div><div class="battle-history"><small>It's not very effective...</small><br></div><div class="battle-history"><small>(The opposing Hitmontop lost <abbr title="−19/301">6.3%</abbr> of its health!)</small><br></div><div class="battle-history"><small>Eelektross was hurt by the Rocky Helmet!</small><br></div><div class="battle-history"><small>Eelektross knocked off the opposing Hitmontop's Rocky Helmet!</small><br></div><div class="spacer battle-history"><br></div><h2 class="battle-history">Turn 13</h2><div class="spacer battle-history"><br></div><div class="battle-history">AnimeMonTrainer withdrew Hitmontop!<br></div><div class="battle-history">AnimeMonTrainer sent out <strong>Exploud</strong>!<br></div><div class="battle-history"><small>Pointed stones dug into the opposing Exploud!</small><br></div><div class="spacer battle-history"><br></div><div class="battle-history">Eelektross used <strong>Volt Switch</strong>!<br></div><div class="battle-history"><small>(The opposing Exploud lost <abbr title="−165/349">47.3%</abbr> of its health!)</small><br></div><div class="spacer battle-history"><br></div><div class="battle-history">Eelektross went back to PsychoAutomatic!<br></div><div class="battle-history">Go! <strong>Registeel</strong>!<br></div><div class="spacer battle-history"><br></div><h2 class="battle-history">Turn 14</h2><div class="spacer battle-history"><br></div><div class="battle-history">The opposing Exploud used <strong>Focus Blast</strong>!<br></div><div class="battle-history"><small>Registeel avoided the attack!</small><br></div><div class="spacer battle-history"><br></div><div class="battle-history">Registeel used <strong>Seismic Toss</strong>!<br></div><div class="battle-history"><small>(The opposing Exploud lost <abbr title="−98/349">28.1%</abbr> of its health!)</small><br></div><div class="spacer battle-history"><br></div><div class="battle-history">The opposing Exploud fainted!<br></div><div class="spacer battle-history"><br></div><div class="battle-history">AnimeMonTrainer sent out Camerupt (<strong>Camerupt-Mega</strong>)!<br></div><div class="battle-history"><small>Pointed stones dug into the opposing Camerupt!</small><br></div><div class="spacer battle-history"><br></div><h2 class="battle-history">Turn 15</h2><div class="spacer battle-history"><br></div><div class="battle-history">Registeel, come back!<br></div><div class="battle-history">Go! <strong>Jellicent</strong>!<br></div><div class="spacer battle-history"><br></div><div class="battle-history">The opposing Camerupt used <strong>Fire Blast</strong>!<br></div><div class="battle-history"><small>It's not very effective...</small><br></div><div class="battle-history"><small>(Jellicent lost <abbr title="−136/403">33.7%</abbr> of its health!)</small><br></div><div class="spacer battle-history"><br></div><div class="battle-history"><small>Jellicent restored a little HP using its Leftovers!</small><br></div><div class="spacer battle-history"><br></div><h2 class="battle-history">Turn 16</h2><div class="spacer battle-history"><br></div><div class="battle-history">AnimeMonTrainer withdrew Camerupt!<br></div><div class="battle-history">AnimeMonTrainer sent out <strong>Escavalier</strong>!<br></div><div class="battle-history"><small>Pointed stones dug into the opposing Escavalier!</small><br></div><div class="spacer battle-history"><br></div><div class="battle-history">Jellicent used <strong>Recover</strong>!<br></div><div class="battle-history"><small>Jellicent restored its HP.</small><br></div><div class="spacer battle-history"><br></div><h2 class="battle-history">Turn 17</h2><div class="spacer battle-history"><br></div><div class="battle-history">Jellicent, come back!<br></div><div class="battle-history">Go! <strong>Eelektross</strong>!<br></div><div class="spacer battle-history"><br></div><div class="battle-history">The opposing Escavalier used <strong>Knock Off</strong>!<br></div><div class="battle-history"><small>(Eelektross lost <abbr title="−146/374">39.0%</abbr> of its health!)</small><br></div><div class="battle-history"><small>The opposing Escavalier knocked off Eelektross's Assault Vest!</small><br></div><div class="spacer battle-history"><br></div><h2 class="battle-history">Turn 18</h2><div class="spacer battle-history"><br></div><div class="battle-history">AnimeMonTrainer withdrew Escavalier!<br></div><div class="battle-history">AnimeMonTrainer sent out Camerupt (<strong>Camerupt-Mega</strong>)!<br></div><div class="battle-history"><small>Pointed stones dug into the opposing Camerupt!</small><br></div><div class="spacer battle-history"><br></div><div class="battle-history">Eelektross used <strong>Flamethrower</strong>!<br></div><div class="battle-history"><small>It's not very effective...</small><br></div><div class="battle-history"><small>(The opposing Camerupt lost <abbr title="−51/343">14.9%</abbr> of its health!)</small><br></div><div class="spacer battle-history"><br></div><h2 class="battle-history">Turn 19</h2><div class="spacer battle-history"><br></div><div class="battle-history">Eelektross used <strong>Giga Drain</strong>!<br></div><div class="battle-history"><small>(The opposing Camerupt lost <abbr title="−83/343">24.2%</abbr> of its health!)</small><br></div><div class="battle-history"><small>The opposing Camerupt had its energy drained!</small><br></div><div class="spacer battle-history"><br></div><div class="battle-history">The opposing Camerupt used <strong>Fire Blast</strong>!<br></div><div class="battle-history"><small>(Eelektross lost <abbr title="−45/374">12.0%</abbr> of its health!)</small><br></div><div class="spacer battle-history"><br></div><div class="battle-history">Eelektross fainted!<br></div><div class="spacer battle-history"><br></div><div class="battle-history">Go! <strong>Jellicent</strong>!<br></div><div class="spacer battle-history"><br></div><h2 class="battle-history">Turn 20</h2><div class="spacer battle-history"><br></div><div class="battle-history">AnimeMonTrainer withdrew Camerupt!<br></div><div class="battle-history">AnimeMonTrainer sent out <strong>Jellicent</strong>!<br></div><div class="battle-history"><small>Pointed stones dug into the opposing Jellicent!</small><br></div><div class="spacer battle-history"><br></div><div class="battle-history">Jellicent used <strong>Taunt</strong>!<br></div><div class="battle-history"><small>The opposing Jellicent fell for the taunt!</small><br></div><div class="spacer battle-history"><br></div><div class="battle-history"><small>The opposing Jellicent restored a little HP using its Leftovers!</small><br></div><div class="battle-history"><small>The opposing Jellicent was hurt by its burn!</small><br></div><div class="spacer battle-history"><br></div><h2 class="battle-history">Turn 21</h2><div class="spacer battle-history"><br></div><div class="battle-history">Jellicent, come back!<br></div><div class="battle-history">Go! <strong>Magneton</strong>!<br></div><div class="spacer battle-history"><br></div><div class="battle-history">The opposing Jellicent used <strong>Hex</strong>!<br></div><div class="battle-history"><small>(Magneton lost <abbr title="−85/241">35.3%</abbr> of its health!)</small><br></div><div class="spacer battle-history"><br></div><div class="battle-history"><small>The opposing Jellicent restored a little HP using its Leftovers!</small><br></div><div class="battle-history"><small>The opposing Jellicent was hurt by its burn!</small><br></div><div class="spacer battle-history"><br></div><h2 class="battle-history">Turn 22</h2><div class="spacer battle-history"><br></div><div class="battle-history">AnimeMonTrainer withdrew Jellicent!<br></div><div class="battle-history">AnimeMonTrainer sent out Camerupt (<strong>Camerupt-Mega</strong>)!<br></div><div class="battle-history"><small>Pointed stones dug into the opposing Camerupt!</small><br></div><div class="spacer battle-history"><br></div><div class="battle-history">Magneton used <strong>Hidden Power</strong>!<br></div><div class="battle-history"><small>It's super effective!</small><br></div><div class="battle-history"><small>(The opposing Camerupt lost <abbr title="−83/343">24.2%</abbr> of its health!)</small><br></div><div class="spacer battle-history"><br></div><div class="battle-history">The opposing Camerupt fainted!<br></div><div class="spacer battle-history"><br></div><div class="battle-history">AnimeMonTrainer sent out <strong>Hitmontop</strong>!<br></div><div class="battle-history"><small>Pointed stones dug into the opposing Hitmontop!</small><br></div><div class="battle-history"><small>[The opposing Hitmontop's Intimidate]</small><br></div><div class="battle-history"><small>Magneton's Attack fell!</small><br></div><div class="spacer battle-history"><br></div><h2 class="battle-history">Turn 23</h2><div class="spacer battle-history"><br></div><div class="battle-history">Magneton, come back!<br></div><div class="battle-history">Go! <strong>Golbat</strong>!<br></div><div class="spacer battle-history"><br></div><div class="battle-history">AnimeMonTrainer withdrew Hitmontop!<br></div><div class="battle-history">AnimeMonTrainer sent out <strong>Aromatisse</strong>!<br></div><div class="battle-history"><small>Pointed stones dug into the opposing Aromatisse!</small><br></div><div class="spacer battle-history"><br></div><h2 class="battle-history">Turn 24</h2><div class="chat chatmessage-psychoautomatic"><strong style="color:hsl(120,61%,40.656251469978486%)"><small>★</small><span class="username" data-name="PsychoAutomatic">PsychoAutomatic</span>:</strong> <em>!data aroma veil</em></div><div class="chat message-error">[outdated code no longer supported]</div><div class="spacer battle-history"><br></div><div class="battle-history">AnimeMonTrainer withdrew Aromatisse!<br></div><div class="battle-history">AnimeMonTrainer sent out <strong>Escavalier</strong>!<br></div><div class="battle-history"><small>Pointed stones dug into the opposing Escavalier!</small><br></div><div class="spacer battle-history"><br></div><div class="battle-history">Golbat used <strong>Toxic</strong>!<br></div><div class="battle-history"><small>It doesn't affect the opposing Escavalier...</small><br></div><div class="spacer battle-history"><br></div><h2 class="battle-history">Turn 25</h2><div class="spacer battle-history"><br></div><div class="battle-history">Golbat, come back!<br></div><div class="battle-history">Go! <strong>Registeel</strong>!<br></div><div class="spacer battle-history"><br></div><div class="battle-history">The opposing Escavalier used <strong>Knock Off</strong>!<br></div><div class="battle-history"><small>(Registeel lost <abbr title="−89/364">24.5%</abbr> of its health!)</small><br></div><div class="battle-history"><small>The opposing Escavalier knocked off Registeel's Leftovers!</small><br></div><div class="spacer battle-history"><br></div><h2 class="battle-history">Turn 26</h2><div class="spacer battle-history"><br></div><div class="battle-history">Registeel used <strong>Seismic Toss</strong>!<br></div><div class="battle-history"><small>(The opposing Escavalier lost <abbr title="−100/343">29.2%</abbr> of its health!)</small><br></div><div class="spacer battle-history"><br></div><div class="battle-history">The opposing Escavalier used <strong>Drill Run</strong>!<br></div><div class="battle-history"><small>It's super effective!</small><br></div><div class="battle-history"><small>(Registeel lost <abbr title="−160/364">44.0%</abbr> of its health!)</small><br></div><div class="spacer battle-history"><br></div><h2 class="battle-history">Turn 27</h2><div class="spacer battle-history"><br></div><div class="battle-history">Registeel used <strong>Seismic Toss</strong>!<br></div><div class="battle-history"><small>(The opposing Escavalier lost <abbr title="−100/343">29.2%</abbr> of its health!)</small><br></div><div class="spacer battle-history"><br></div><div class="battle-history">The opposing Escavalier used <strong>Drill Run</strong>!<br></div><div class="battle-history"><small>Registeel avoided the attack!</small><br></div><div class="spacer battle-history"><br></div><h2 class="battle-history">Turn 28</h2><div class="spacer battle-history"><br></div><div class="battle-history">AnimeMonTrainer withdrew Escavalier!<br></div><div class="battle-history">AnimeMonTrainer sent out <strong>Jellicent</strong>!<br></div><div class="battle-history"><small>Pointed stones dug into the opposing Jellicent!</small><br></div><div class="spacer battle-history"><br></div><div class="battle-history">Registeel used <strong>Seismic Toss</strong>!<br></div><div class="battle-history"><small>It doesn't affect the opposing Jellicent...</small><br></div><div class="spacer battle-history"><br></div><div class="battle-history"><small>The opposing Jellicent restored a little HP using its Leftovers!</small><br></div><div class="battle-history"><small>The opposing Jellicent was hurt by its burn!</small><br></div><div class="spacer battle-history"><br></div><h2 class="battle-history">Turn 29</h2><div class="spacer battle-history"><br></div><div class="battle-history">Registeel used <strong>Protect</strong>!<br></div><div class="battle-history"><small>Registeel protected itself!</small><br></div><div class="spacer battle-history"><br></div><div class="battle-history">The opposing Jellicent used <strong>Recover</strong>!<br></div><div class="battle-history"><small>The opposing Jellicent restored its HP.</small><br></div><div class="spacer battle-history"><br></div><div class="battle-history"><small>The opposing Jellicent restored a little HP using its Leftovers!</small><br></div><div class="battle-history"><small>The opposing Jellicent was hurt by its burn!</small><br></div><div class="spacer battle-history"><br></div><h2 class="battle-history">Turn 30</h2><div class="spacer battle-history"><br></div><div class="battle-history">Registeel, come back!<br></div><div class="battle-history">Go! <strong>Magneton</strong>!<br></div><div class="spacer battle-history"><br></div><div class="battle-history">The opposing Jellicent used <strong>Will-O-Wisp</strong>!<br></div><div class="battle-history"><small>Magneton was burned!</small><br></div><div class="spacer battle-history"><br></div><div class="battle-history"><small>The opposing Jellicent restored a little HP using its Leftovers!</small><br></div><div class="battle-history"><small>Magneton was hurt by its burn!</small><br></div><div class="battle-history"><small>The opposing Jellicent was hurt by its burn!</small><br></div><div class="spacer battle-history"><br></div><h2 class="battle-history">Turn 31</h2><div class="spacer battle-history"><br></div><div class="battle-history">AnimeMonTrainer withdrew Jellicent!<br></div><div class="battle-history">AnimeMonTrainer sent out <strong>Hitmontop</strong>!<br></div><div class="battle-history"><small>Pointed stones dug into the opposing Hitmontop!</small><br></div><div class="battle-history"><small>[The opposing Hitmontop's Intimidate]</small><br></div><div class="battle-history"><small>Magneton's Attack fell!</small><br></div><div class="spacer battle-history"><br></div><div class="battle-history">Magneton used <strong>Thunderbolt</strong>!<br></div><div class="battle-history"><small>(The opposing Hitmontop lost <abbr title="−228/301">75.7%</abbr> of its health!)</small><br></div><div class="spacer battle-history"><br></div><div class="battle-history">The opposing Hitmontop fainted!<br></div><div class="spacer battle-history"><br></div><div class="battle-history"><small>Magneton was hurt by its burn!</small><br></div><div class="spacer battle-history"><br></div><div class="battle-history">AnimeMonTrainer sent out <strong>Aromatisse</strong>!<br></div><div class="battle-history"><small>Pointed stones dug into the opposing Aromatisse!</small><br></div><div class="spacer battle-history"><br></div><h2 class="battle-history">Turn 32</h2><div class="spacer battle-history"><br></div><div class="battle-history">Magneton, come back!<br></div><div class="battle-history">Go! <strong>Golbat</strong>!<br></div><div class="spacer battle-history"><br></div><div class="battle-history">The opposing Aromatisse used <strong>Calm Mind</strong>!<br></div><div class="battle-history"><small>The opposing Aromatisse's Special Attack rose!</small><br></div><div class="battle-history"><small>The opposing Aromatisse's Special Defense rose!</small><br></div><div class="spacer battle-history"><br></div><h2 class="battle-history">Turn 33</h2><div class="spacer battle-history"><br></div><div class="battle-history">Golbat used <strong>Toxic</strong>!<br></div><div class="battle-history"><small>The opposing Aromatisse was badly poisoned!</small><br></div><div class="spacer battle-history"><br></div><div class="battle-history">The opposing Aromatisse used <strong>Wish</strong>!<br></div><div class="spacer battle-history"><br></div><div class="battle-history"><small>The opposing Aromatisse was hurt by poison!</small><br></div><div class="spacer battle-history"><br></div><h2 class="battle-history">Turn 34</h2><div class="spacer battle-history"><br></div><div class="battle-history">Golbat used <strong>Roost</strong>!<br></div><div class="battle-history"><small>But it failed!</small><br></div><div class="spacer battle-history"><br></div><div class="battle-history">The opposing Aromatisse used <strong>Calm Mind</strong>!<br></div><div class="battle-history"><small>The opposing Aromatisse's Special Attack rose!</small><br></div><div class="battle-history"><small>The opposing Aromatisse's Special Defense rose!</small><br></div><div class="spacer battle-history"><br></div><div class="battle-history"><small>Aromatisse's wish came true!</small><br></div><div class="battle-history"><small>The opposing Aromatisse was hurt by poison!</small><br></div><div class="spacer battle-history"><br></div><h2 class="battle-history">Turn 35</h2><div class="spacer battle-history"><br></div><div class="battle-history">Golbat used <strong>Brave Bird</strong>!<br></div><div class="battle-history"><small>(The opposing Aromatisse lost <abbr title="−99/406">24.4%</abbr> of its health!)</small><br></div><div class="battle-history"><small>Golbat is damaged by the recoil!</small><br></div><div class="spacer battle-history"><br></div><div class="battle-history">The opposing Aromatisse used <strong>Heal Bell</strong>!<br></div><div class="battle-history"><small>A bell chimed!</small><br></div><div class="battle-history"><small>The opposing Aromatisse was cured of its poisoning.</small><br></div><div class="battle-history"><small>The opposing Jellicent's burn was healed.</small><br></div><div class="spacer battle-history"><br></div><h2 class="battle-history">Turn 36</h2><div class="spacer battle-history"><br></div><div class="battle-history">Golbat, come back!<br></div><div class="battle-history">Go! <strong>Registeel</strong>!<br></div><div class="spacer battle-history"><br></div><div class="battle-history">The opposing Aromatisse used <strong>Wish</strong>!<br></div><div class="spacer battle-history"><br></div><h2 class="battle-history">Turn 37</h2><div class="spacer battle-history"><br></div><div class="battle-history">Registeel used <strong>Seismic Toss</strong>!<br></div><div class="battle-history"><small>(The opposing Aromatisse lost <abbr title="−100/406">24.6%</abbr> of its health!)</small><br></div><div class="battle-history"><small>The opposing Aromatisse ate its Sitrus Berry!</small><br></div><div class="battle-history"><small>The opposing Aromatisse restored HP using its Sitrus Berry!</small><br></div><div class="spacer battle-history"><br></div><div class="battle-history">The opposing Aromatisse used <strong>Moonblast</strong>!<br></div><div class="battle-history"><small>It's not very effective...</small><br></div><div class="battle-history"><small>(Registeel lost <abbr title="−60/364">16.5%</abbr> of its health!)</small><br></div><div class="spacer battle-history"><br></div><div class="battle-history"><small>Aromatisse's wish came true!</small><br></div><div class="spacer battle-history"><br></div><h2 class="battle-history">Turn 38</h2><div class="spacer battle-history"><br></div><div class="battle-history">Registeel used <strong>Seismic Toss</strong>!<br></div><div class="battle-history"><small>(The opposing Aromatisse lost <abbr title="−100/406">24.6%</abbr> of its health!)</small><br></div><div class="spacer battle-history"><br></div><div class="battle-history">The opposing Aromatisse used <strong>Wish</strong>!<br></div><div class="spacer battle-history"><br></div><h2 class="battle-history">Turn 39</h2><div class="spacer battle-history"><br></div><div class="battle-history">Registeel used <strong>Seismic Toss</strong>!<br></div><div class="battle-history"><small>(The opposing Aromatisse lost <abbr title="−100/406">24.6%</abbr> of its health!)</small><br></div><div class="spacer battle-history"><br></div><div class="battle-history">The opposing Aromatisse used <strong>Calm Mind</strong>!<br></div><div class="battle-history"><small>The opposing Aromatisse's Special Attack rose!</small><br></div><div class="battle-history"><small>The opposing Aromatisse's Special Defense rose!</small><br></div><div class="spacer battle-history"><br></div><div class="battle-history"><small>Aromatisse's wish came true!</small><br></div><div class="spacer battle-history"><br></div><h2 class="battle-history">Turn 40</h2><div class="spacer battle-history"><br></div><div class="battle-history">Registeel used <strong>Toxic</strong>!<br></div><div class="battle-history"><small>The opposing Aromatisse was badly poisoned!</small><br></div><div class="spacer battle-history"><br></div><div class="battle-history">The opposing Aromatisse used <strong>Wish</strong>!<br></div><div class="spacer battle-history"><br></div><div class="battle-history"><small>The opposing Aromatisse was hurt by poison!</small><br></div><div class="spacer battle-history"><br></div><h2 class="battle-history">Turn 41</h2><div class="spacer battle-history"><br></div><div class="battle-history">Registeel used <strong>Seismic Toss</strong>!<br></div><div class="battle-history"><small>(The opposing Aromatisse lost <abbr title="−100/406">24.6%</abbr> of its health!)</small><br></div><div class="spacer battle-history"><br></div><div class="battle-history">The opposing Aromatisse used <strong>Moonblast</strong>!<br></div><div class="battle-history"><small>It's not very effective...</small><br></div><div class="battle-history"><small>(Registeel lost <abbr title="−55/364">15.1%</abbr> of its health!)</small><br></div><div class="spacer battle-history"><br></div><div class="battle-history">Registeel fainted!<br></div><div class="spacer battle-history"><br></div><div class="battle-history"><small>Aromatisse's wish came true!</small><br></div><div class="battle-history"><small>The opposing Aromatisse was hurt by poison!</small><br></div><div class="spacer battle-history"><br></div><div class="battle-history">Go! <strong>Jellicent</strong>!<br></div><div class="spacer battle-history"><br></div><h2 class="battle-history">Turn 42</h2><div class="spacer battle-history"><br></div><div class="battle-history">Jellicent used <strong>Scald</strong>!<br></div><div class="battle-history"><small>(The opposing Aromatisse lost <abbr title="−39/406">9.6%</abbr> of its health!)</small><br></div><div class="spacer battle-history"><br></div><div class="battle-history">The opposing Aromatisse used <strong>Moonblast</strong>!<br></div><div class="battle-history"><small>(Jellicent lost <abbr title="−279/403">69.2%</abbr> of its health!)</small><br></div><div class="spacer battle-history"><br></div><div class="battle-history"><small>Jellicent restored a little HP using its Leftovers!</small><br></div><div class="battle-history"><small>The opposing Aromatisse was hurt by poison!</small><br></div><div class="spacer battle-history"><br></div><h2 class="battle-history">Turn 43</h2><div class="spacer battle-history"><br></div><div class="battle-history">Jellicent used <strong>Scald</strong>!<br></div><div class="battle-history"><small>(The opposing Aromatisse lost <abbr title="−36/406">8.9%</abbr> of its health!)</small><br></div><div class="spacer battle-history"><br></div><div class="battle-history">The opposing Aromatisse used <strong>Heal Bell</strong>!<br></div><div class="battle-history"><small>A bell chimed!</small><br></div><div class="battle-history"><small>The opposing Aromatisse was cured of its poisoning.</small><br></div><div class="spacer battle-history"><br></div><div class="battle-history"><small>Jellicent restored a little HP using its Leftovers!</small><br></div><div class="spacer battle-history"><br></div><h2 class="battle-history">Turn 44</h2><div class="spacer battle-history"><br></div><div class="battle-history">Jellicent used <strong>Scald</strong>!<br></div><div class="battle-history"><small>(The opposing Aromatisse lost <abbr title="−37/406">9.1%</abbr> of its health!)</small><br></div><div class="spacer battle-history"><br></div><div class="battle-history">The opposing Aromatisse used <strong>Moonblast</strong>!<br></div><div class="battle-history"><small>(Jellicent lost <abbr title="−174/403">43.2%</abbr> of its health!)</small><br></div><div class="spacer battle-history"><br></div><div class="battle-history">Jellicent fainted!<br></div><div class="spacer battle-history"><br></div><div class="battle-history">Go! <strong>Banette</strong>!<br></div><div class="spacer battle-history"><br></div><h2 class="battle-history">Turn 45</h2><div class="spacer battle-history"><br></div><div class="battle-history"><small>Banette's Banettite is reacting to PsychoAutomatic's Mega Bracelet!</small><br>Banette has Mega Evolved into Mega Banette!<br></div><div class="spacer battle-history"><br></div><div class="battle-history">Banette used <strong>Shadow Claw</strong>!<br></div><div class="battle-history"><small>(The opposing Aromatisse lost <abbr title="−151/406">37.2%</abbr> of its health!)</small><br></div><div class="spacer battle-history"><br></div><div class="battle-history">The opposing Aromatisse used <strong>Wish</strong>!<br></div><div class="spacer battle-history"><br></div><h2 class="battle-history">Turn 46</h2><div class="spacer battle-history"><br></div><div class="battle-history">Banette used <strong>Shadow Sneak</strong>!<br></div><div class="battle-history"><small>(The opposing Aromatisse lost <abbr title="−18/406">4.4%</abbr> of its health!)</small><br></div><div class="spacer battle-history"><br></div><div class="battle-history">The opposing Aromatisse fainted!<br></div><div class="spacer battle-history"><br></div><div class="battle-history">AnimeMonTrainer sent out <strong>Jellicent</strong>!<br></div><div class="battle-history"><small>Pointed stones dug into the opposing Jellicent!</small><br></div><div class="spacer battle-history"><br></div><h2 class="battle-history">Turn 47</h2><div class="spacer battle-history"><br></div><div class="battle-history">Banette used <strong>Shadow Claw</strong>!<br></div><div class="battle-history"><small>It's super effective!</small><br></div><div class="battle-history"><small>(The opposing Jellicent lost <abbr title="−276/401">68.8%</abbr> of its health!)</small><br></div><div class="spacer battle-history"><br></div><div class="battle-history">The opposing Jellicent fainted!<br></div><div class="chat chatmessage-animemontrainer"><strong style="color:hsl(25,63%,44.3407521947648%)"><small>★</small><span class="username" data-name="AnimeMonTrainer">AnimeMonTrainer</span>:</strong> <em>gg</em></div><div class="spacer battle-history"><br></div><div class="battle-history">AnimeMonTrainer sent out <strong>Escavalier</strong>!<br></div><div class="battle-history"><small>Pointed stones dug into the opposing Escavalier!</small><br></div><div class="spacer battle-history"><br></div><h2 class="battle-history">Turn 48</h2><div class="chat chatmessage-psychoautomatic"><strong style="color:hsl(120,61%,40.656251469978486%)"><small>★</small><span class="username" data-name="PsychoAutomatic">PsychoAutomatic</span>:</strong> <em>gg</em></div><div class="spacer battle-history"><br></div><div class="battle-history">Banette used <strong>Shadow Sneak</strong>!<br></div><div class="battle-history"><small>(The opposing Escavalier lost <abbr title="−17/343">5.0%</abbr> of its health!)</small><br></div><div class="spacer battle-history"><br></div><div class="battle-history">The opposing Escavalier fainted!<br></div><div class="spacer battle-history"><br></div><div class="battle-history"><strong>PsychoAutomatic</strong> won the battle!<br></div><div class="chat"><small>AnimeMonTrainer left.</small></div><div class="chat">Ladder (probably) updated, but score could not be retrieved (Response not received).</div></div><div class="inner-preempt"></div></div></div>
</div>
<script>
let daily = Math.floor(Date.now()/1000/60/60/24);document.write('<script src="https://play.pokemonshowdown.com/js/replay-embed.js?version'+daily+'"></'+'script>');
</script>
