<!DOCTYPE html>
<meta charset="utf-8" />
<!-- version 1 -->
<title>RU replay: swolf5 vs. gdthurt</title>
<style>
html,body {font-family:Verdana, sans-serif;font-size:10pt;margin:0;padding:0;}body{padding:12px 0;} .battle-log {font-family:Verdana, sans-serif;font-size:10pt;} .battle-log-inline {border:1px solid #AAAAAA;background:#EEF2F5;color:black;max-width:640px;margin:0 auto 80px;padding-bottom:5px;} .battle-log .inner {padding:4px 8px 0px 8px;} .battle-log .inner-preempt {padding:0 8px 4px 8px;} .battle-log .inner-after {margin-top:0.5em;} .battle-log h2 {margin:0.5em -8px;padding:4px 8px;border:1px solid #AAAAAA;background:#E0E7EA;border-left:0;border-right:0;font-family:Verdana, sans-serif;font-size:13pt;} .battle-log .chat {vertical-align:middle;padding:3px 0 3px 0;font-size:8pt;} .battle-log .chat strong {color:#40576A;} .battle-log .chat em {padding:1px 4px 1px 3px;color:#000000;font-style:normal;} .chat.mine {background:rgba(0,0,0,0.05);margin-left:-8px;margin-right:-8px;padding-left:8px;padding-right:8px;} .spoiler {color:#BBBBBB;background:#BBBBBB;padding:0px 3px;} .spoiler:hover, .spoiler:active, .spoiler-shown {color:#000000;background:#E2E2E2;padding:0px 3px;} .spoiler a {color:#BBBBBB;} .spoiler:hover a, .spoiler:active a, .spoiler-shown a {color:#2288CC;} .chat code, .chat .spoiler:hover code, .chat .spoiler:active code, .chat .spoiler-shown code {border:1px solid #C0C0C0;background:#EEEEEE;color:black;padding:0 2px;} .chat .spoiler code {border:1px solid #CCCCCC;background:#CCCCCC;color:#CCCCCC;} .battle-log .rated {padding:3px 4px;} .battle-log .rated strong {color:white;background:#89A;padding:1px 4px;border-radius:4px;} .spacer {margin-top:0.5em;} .message-announce {background:#6688AA;color:white;padding:1px 4px 2px;} .message-announce a, .broadcast-green a, .broadcast-blue a, .broadcast-red a {color:#DDEEFF;} .broadcast-green {background-color:#559955;color:white;padding:2px 4px;} .broadcast-blue {background-color:#6688AA;color:white;padding:2px 4px;} .infobox {border:1px solid #6688AA;padding:2px 4px;} .infobox-limited {max-height:200px;overflow:auto;overflow-x:hidden;} .broadcast-red {background-color:#AA5544;color:white;padding:2px 4px;} .message-learn-canlearn {font-weight:bold;color:#228822;text-decoration:underline;} .message-learn-cannotlearn {font-weight:bold;color:#CC2222;text-decoration:underline;} .message-effect-weak {font-weight:bold;color:#CC2222;} .message-effect-resist {font-weight:bold;color:#6688AA;} .message-effect-immune {font-weight:bold;color:#666666;} .message-learn-list {margin-top:0;margin-bottom:0;} .message-throttle-notice, .message-error {color:#992222;} .message-overflow, .chat small.message-overflow {font-size:0pt;} .message-overflow::before {font-size:9pt;content:'...';} .subtle {color:#3A4A66;}
</style>
<div class="wrapper replay-wrapper" style="max-width:1180px;margin:0 auto">
<input type="hidden" name="replayid" value="ru-492021425" />
<div class="battle"></div><div class="battle-log"></div><div class="replay-controls"></div><div class="replay-controls-2"></div>
<h1 style="font-weight:normal;text-align:center"><strong>RU</strong><br /><a href="http://pokemonshowdown.com/users/swolf5" class="subtle" target="_blank">swolf5</a> vs. <a href="http://pokemonshowdown.com/users/gdthurt" class="subtle" target="_blank">gdthurt</a></h1>
<script type="text/plain" class="battle-log-data">|j|swolf5
|j|gdthurt
|player|p1|swolf5|102
|player|p2|gdthurt|114
|gametype|singles
|gen|6
|tier|RU
|rated
|seed|48895,19859,58498,65155
|rule|Sleep Clause Mod: Limit one foe put to sleep
|rule|Species Clause: Limit one of each Pokémon
|rule|OHKO Clause: OHKO moves are banned
|rule|Moody Clause: Moody is banned
|rule|Evasion Moves Clause: Evasion moves are banned
|rule|Endless Battle Clause: Forcing endless battles is banned
|rule|HP Percentage Mod: HP is shown in percentages
|clearpoke
|poke|p1|Bronzong|item
|poke|p1|Ludicolo, F, shiny|item
|poke|p1|Rotom, shiny|item
|poke|p1|Gallade, M, shiny|item
|poke|p1|Spiritomb, F, shiny|item
|poke|p1|Delphox, F, shiny|item
|poke|p2|Drifblim, F|item
|poke|p2|Jolteon, F|item
|poke|p2|Accelgor, M|item
|poke|p2|Hoopa|item
|poke|p2|Cinccino, F|item
|poke|p2|Alomomola, F|item
|rule|Swagger Clause: Swagger is banned
|rule|Baton Pass Clause: Limit one Baton Passer, can't pass Spe and other stats simultaneously
|teampreview
|choice|team 6, team 2, team 3, team 4, team 5, team 1|team 3, team 2, team 1, team 4, team 5, team 6
|
|start
|switch|p1a: Delphox|Delphox, F, shiny|292\/292
|switch|p2a: Accelgor|Accelgor, M|363\/363
|turn|1
|choice|move fireblast|move spikes
|
|move|p2a: Accelgor|Spikes|p1a: Delphox
|-sidestart|p1: swolf5|Spikes
|move|p1a: Delphox|Fire Blast|p2a: Accelgor|[miss]
|-miss|p1a: Delphox|p2a: Accelgor
|
|upkeep
|turn|2
|choice|move substitute|move spikes
|
|move|p2a: Accelgor|Spikes|p1a: Delphox
|-sidestart|p1: swolf5|Spikes
|move|p1a: Delphox|Substitute|p1a: Delphox
|-start|p1a: Delphox|Substitute
|-damage|p1a: Delphox|219\/292
|
|upkeep
|turn|3
|choice|move fireblast|move spikes
|
|move|p2a: Accelgor|Spikes|p1a: Delphox
|-sidestart|p1: swolf5|Spikes
|move|p1a: Delphox|Fire Blast|p2a: Accelgor
|-supereffective|p2a: Accelgor
|-enditem|p2a: Accelgor|Focus Sash
|-damage|p2a: Accelgor|1\/363
|
|upkeep
|turn|4
|choice|move psychic|move encore
|
|move|p2a: Accelgor|Encore|p1a: Delphox
|-start|p1a: Delphox|Encore
|move|p1a: Delphox|Fire Blast|p2a: Accelgor|[miss]
|-miss|p1a: Delphox|p2a: Accelgor
|
|upkeep
|turn|5
|choice|move fireblast|switch 6
|
|switch|p2a: Alomomola|Alomomola, F|534\/534
|move|p1a: Delphox|Fire Blast|p2a: Alomomola
|-resisted|p2a: Alomomola
|-damage|p2a: Alomomola|363\/534
|
|-heal|p2a: Alomomola|396\/534|[from] item: Leftovers
|upkeep
|turn|6
|choice|move fireblast|move scald
|
|move|p1a: Delphox|Fire Blast|p2a: Alomomola
|-resisted|p2a: Alomomola
|-damage|p2a: Alomomola|237\/534
|move|p2a: Alomomola|Scald|p1a: Delphox
|-supereffective|p1a: Delphox
|-end|p1a: Delphox|Substitute
|
|-heal|p2a: Alomomola|270\/534|[from] item: Leftovers
|-end|p1a: Delphox|Encore
|upkeep
|turn|7
|choice|switch 3|move scald
|
|switch|p1a: Rotom|Rotom, shiny|242\/242
|move|p2a: Alomomola|Scald|p1a: Rotom
|-damage|p1a: Rotom|184\/242
|
|-heal|p2a: Alomomola|303\/534|[from] item: Leftovers
|upkeep
|turn|8
|choice|move voltswitch|switch 6
|
|switch|p2a: Accelgor|Accelgor, M|1\/363
|move|p1a: Rotom|Volt Switch|p2a: Accelgor
|-damage|p2a: Accelgor|0 fnt
|faint|p2a: Accelgor
|choice|switch 6|
|
|switch|p1a: Bronzong|Bronzong|338\/338
|
|upkeep
|choice||switch 2
|
|switch|p2a: Jolteon|Jolteon, F|271\/271
|turn|9
|choice|move earthquake|move signalbeam
|
|move|p2a: Jolteon|Signal Beam|p1a: Bronzong
|-damage|p1a: Bronzong|264\/338
|-damage|p2a: Jolteon|244\/271|[from] item: Life Orb
|move|p1a: Bronzong|Earthquake|p2a: Jolteon
|-supereffective|p2a: Jolteon
|-damage|p2a: Jolteon|40\/271
|
|-heal|p1a: Bronzong|285\/338|[from] item: Leftovers
|upkeep
|turn|10
|choice|move earthquake|move voltswitch
|
|move|p2a: Jolteon|Volt Switch|p1a: Bronzong
|-damage|p1a: Bronzong|186\/338
|-damage|p2a: Jolteon|13\/271|[from] item: Life Orb
|choice||switch 3
|
|switch|p2a: Drifblim|Drifblim, F|441\/441
|move|p1a: Bronzong|Earthquake|p2a: Drifblim
|-immune|p2a: Drifblim|[msg]
|
|-heal|p1a: Bronzong|207\/338|[from] item: Leftovers
|upkeep
|turn|11
|choice|move stealthrock|move knockoff
|
|move|p2a: Drifblim|Knock Off|p1a: Bronzong
|-supereffective|p1a: Bronzong
|-damage|p1a: Bronzong|53\/338
|-enditem|p1a: Bronzong|Leftovers|[from] move: Knock Off|[of] p2a: Drifblim
|move|p1a: Bronzong|Stealth Rock|p2a: Drifblim
|-sidestart|p2: gdthurt|move: Stealth Rock
|
|upkeep
|turn|12
|choice|move toxic|move knockoff
|
|move|p2a: Drifblim|Knock Off|p1a: Bronzong
|-supereffective|p1a: Bronzong
|-damage|p1a: Bronzong|0 fnt
|faint|p1a: Bronzong
|
|upkeep
|choice|switch 6|
|
|switch|p1a: Rotom|Rotom, shiny|184\/242
|turn|13
|choice|move voltswitch|move knockoff
|
|move|p1a: Rotom|Volt Switch|p2a: Drifblim
|-supereffective|p2a: Drifblim
|-damage|p2a: Drifblim|93\/441
|-enditem|p2a: Drifblim|Liechi Berry|[eat]
|-boost|p2a: Drifblim|atk|1
|choice|switch 5|
|
|switch|p1a: Spiritomb|Spiritomb, F, shiny|304\/304
|-damage|p1a: Spiritomb|228\/304|[from] Spikes
|move|p2a: Drifblim|Knock Off|p1a: Spiritomb
|-damage|p1a: Spiritomb|130\/304
|-enditem|p1a: Spiritomb|Leftovers|[from] move: Knock Off|[of] p2a: Drifblim
|
|upkeep
|turn|14
|choice|move rest|move acrobatics
|
|move|p2a: Drifblim|Acrobatics|p1a: Spiritomb
|-damage|p1a: Spiritomb|0 fnt
|faint|p1a: Spiritomb
|
|upkeep
|choice|switch 5|
|
|switch|p1a: Rotom|Rotom, shiny|184\/242
|turn|15
|choice|move shadowball|move knockoff
|
|move|p2a: Drifblim|Knock Off|p1a: Rotom
|-supereffective|p1a: Rotom
|-damage|p1a: Rotom|0 fnt
|-enditem|p1a: Rotom|Spell Tag|[from] move: Knock Off|[of] p2a: Drifblim
|faint|p1a: Rotom
|
|upkeep
|choice|switch 3|
|
|switch|p1a: Delphox|Delphox, F, shiny|219\/292
|-damage|p1a: Delphox|146\/292|[from] Spikes
|turn|16
|choice|move psychic|move acrobatics
|
|move|p2a: Drifblim|Acrobatics|p1a: Delphox
|-damage|p1a: Delphox|0 fnt
|faint|p1a: Delphox
|
|upkeep
|choice|switch 2|
|
|switch|p1a: Ludicolo|Ludicolo, F, shiny|301\/301
|-damage|p1a: Ludicolo|226\/301|[from] Spikes
|turn|17
|choice|move gigadrain|move acrobatics
|
|move|p2a: Drifblim|Acrobatics|p1a: Ludicolo
|-supereffective|p1a: Ludicolo
|-damage|p1a: Ludicolo|0 fnt
|faint|p1a: Ludicolo
|
|upkeep
|choice|switch 4|
|
|switch|p1a: Gallade|Gallade, M, shiny|277\/277
|-damage|p1a: Gallade|208\/277|[from] Spikes
|turn|18
|choice|move zenheadbutt|move acrobatics
|
|move|p2a: Drifblim|Acrobatics|p1a: Gallade
|-supereffective|p1a: Gallade
|-damage|p1a: Gallade|0 fnt
|faint|p1a: Gallade
|
|win|gdthurt
|player|p1
|player|p2
|c|★gdthurt|gg
|c|★swolf5|gg
|l|swolf5</script>
</div>
<div class="battle-log battle-log-inline"><div class="inner"><div class="battle-options"></div><div class="inner"><div class="chat"><small>swolf5 joined.</small></div><div class="chat"><small>gdthurt joined.</small></div><div class=""><small>Format:</small> <br><strong>RU</strong></div><div class="rated"><strong>Rated battle</strong></div><div class=""><small><em>Sleep Clause Mod:</em> Limit one foe put to sleep</small></div><div class=""><small><em>Species Clause:</em> Limit one of each Pokémon</small></div><div class=""><small><em>OHKO Clause:</em> OHKO moves are banned</small></div><div class=""><small><em>Moody Clause:</em> Moody is banned</small></div><div class=""><small><em>Evasion Moves Clause:</em> Evasion moves are banned</small></div><div class=""><small><em>Endless Battle Clause:</em> Forcing endless battles is banned</small></div><div class=""><small><em>HP Percentage Mod:</em> HP is shown in percentages</small></div><div class=""><small><em>Swagger Clause:</em> Swagger is banned</small></div><div class=""><small><em>Baton Pass Clause:</em> Limit one Baton Passer, can't pass Spe and other stats simultaneously</small></div><div class="chat battle-history"><strong>swolf5's team:</strong> <em style="color:#445566;display:block;">Bronzong / Ludicolo / Rotom / Gallade / Spiritomb / Delphox</em></div><div class="chat battle-history"><strong>gdthurt's team:</strong> <em style="color:#445566;display:block;">Drifblim / Jolteon / Accelgor / Hoopa / Cinccino / Alomomola</em></div><div class="spacer battle-history"><br></div><div class="battle-history">Battle started between swolf5 and gdthurt!<br></div><div class="spacer battle-history"><br></div><div class="battle-history">Go! <strong>Delphox</strong>!<br></div><div class="spacer battle-history"><br></div><div class="battle-history">gdthurt sent out <strong>Accelgor</strong>!<br></div><div class="spacer battle-history"><br></div><h2 class="battle-history">Turn 1</h2><div class="spacer battle-history"><br></div><div class="battle-history">The opposing Accelgor used <strong>Spikes</strong>!<br></div><div class="battle-history"><small>Spikes were scattered on the ground all around your team!</small><br></div><div class="spacer battle-history"><br></div><div class="battle-history">Delphox used <strong>Fire Blast</strong>!<br></div><div class="battle-history"><small>The opposing Accelgor avoided the attack!</small><br></div><div class="spacer battle-history"><br></div><h2 class="battle-history">Turn 2</h2><div class="spacer battle-history"><br></div><div class="battle-history">The opposing Accelgor used <strong>Spikes</strong>!<br></div><div class="battle-history"><small>Spikes were scattered on the ground all around your team!</small><br></div><div class="spacer battle-history"><br></div><div class="battle-history">Delphox used <strong>Substitute</strong>!<br></div><div class="battle-history"><small>Delphox put in a substitute!</small><br></div><div class="battle-history"><small>(Delphox lost <abbr title="−73/292">25%</abbr> of its health!)</small><br></div><div class="spacer battle-history"><br></div><h2 class="battle-history">Turn 3</h2><div class="spacer battle-history"><br></div><div class="battle-history">The opposing Accelgor used <strong>Spikes</strong>!<br></div><div class="battle-history"><small>Spikes were scattered on the ground all around your team!</small><br></div><div class="spacer battle-history"><br></div><div class="battle-history">Delphox used <strong>Fire Blast</strong>!<br></div><div class="battle-history"><small>It's super effective!</small><br></div><div class="battle-history"><small>The opposing Accelgor hung on using its Focus Sash!</small><br></div><div class="battle-history"><small>(The opposing Accelgor lost <abbr title="−362/363">99.7%</abbr> of its health!)</small><br></div><div class="spacer battle-history"><br></div><h2 class="battle-history">Turn 4</h2><div class="spacer battle-history"><br></div><div class="battle-history">The opposing Accelgor used <strong>Encore</strong>!<br></div><div class="battle-history"><small>Delphox received an encore!</small><br></div><div class="spacer battle-history"><br></div><div class="battle-history">Delphox used <strong>Fire Blast</strong>!<br></div><div class="battle-history"><small>The opposing Accelgor avoided the attack!</small><br></div><div class="spacer battle-history"><br></div><h2 class="battle-history">Turn 5</h2><div class="spacer battle-history"><br></div><div class="battle-history">gdthurt withdrew Accelgor!<br></div><div class="battle-history">gdthurt sent out <strong>Alomomola</strong>!<br></div><div class="spacer battle-history"><br></div><div class="battle-history">Delphox used <strong>Fire Blast</strong>!<br></div><div class="battle-history"><small>It's not very effective...</small><br></div><div class="battle-history"><small>(The opposing Alomomola lost <abbr title="−171/534">32.0%</abbr> of its health!)</small><br></div><div class="spacer battle-history"><br></div><div class="battle-history"><small>The opposing Alomomola restored a little HP using its Leftovers!</small><br></div><div class="spacer battle-history"><br></div><h2 class="battle-history">Turn 6</h2><div class="spacer battle-history"><br></div><div class="battle-history">Delphox used <strong>Fire Blast</strong>!<br></div><div class="battle-history"><small>It's not very effective...</small><br></div><div class="battle-history"><small>(The opposing Alomomola lost <abbr title="−159/534">29.8%</abbr> of its health!)</small><br></div><div class="spacer battle-history"><br></div><div class="battle-history">The opposing Alomomola used <strong>Scald</strong>!<br></div><div class="battle-history"><small>It's super effective!</small><br></div><div class="battle-history"><small>Delphox's substitute faded!</small><br></div><div class="spacer battle-history"><br></div><div class="battle-history"><small>The opposing Alomomola restored a little HP using its Leftovers!</small><br></div><div class="battle-history"><small>Delphox's encore ended!</small><br></div><div class="spacer battle-history"><br></div><h2 class="battle-history">Turn 7</h2><div class="spacer battle-history"><br></div><div class="battle-history">Delphox, come back!<br></div><div class="battle-history">Go! <strong>Rotom</strong>!<br></div><div class="spacer battle-history"><br></div><div class="battle-history">The opposing Alomomola used <strong>Scald</strong>!<br></div><div class="battle-history"><small>(Rotom lost <abbr title="−58/242">24.0%</abbr> of its health!)</small><br></div><div class="spacer battle-history"><br></div><div class="battle-history"><small>The opposing Alomomola restored a little HP using its Leftovers!</small><br></div><div class="spacer battle-history"><br></div><h2 class="battle-history">Turn 8</h2><div class="spacer battle-history"><br></div><div class="battle-history">gdthurt withdrew Alomomola!<br></div><div class="battle-history">gdthurt sent out <strong>Accelgor</strong>!<br></div><div class="spacer battle-history"><br></div><div class="battle-history">Rotom used <strong>Volt Switch</strong>!<br></div><div class="battle-history"><small>(The opposing Accelgor lost <abbr title="−1/363">0.3%</abbr> of its health!)</small><br></div><div class="spacer battle-history"><br></div><div class="battle-history">The opposing Accelgor fainted!<br></div><div class="spacer battle-history"><br></div><div class="battle-history">Rotom went back to swolf5!<br></div><div class="battle-history">Go! <strong>Bronzong</strong>!<br></div><div class="spacer battle-history"><br></div><div class="battle-history">gdthurt sent out <strong>Jolteon</strong>!<br></div><div class="spacer battle-history"><br></div><h2 class="battle-history">Turn 9</h2><div class="spacer battle-history"><br></div><div class="battle-history">The opposing Jolteon used <strong>Signal Beam</strong>!<br></div><div class="battle-history"><small>(Bronzong lost <abbr title="−74/338">21.9%</abbr> of its health!)</small><br></div><div class="battle-history"><small>The opposing Jolteon lost some of its HP!</small><br></div><div class="spacer battle-history"><br></div><div class="battle-history">Bronzong used <strong>Earthquake</strong>!<br></div><div class="battle-history"><small>It's super effective!</small><br></div><div class="battle-history"><small>(The opposing Jolteon lost <abbr title="−204/271">75.3%</abbr> of its health!)</small><br></div><div class="spacer battle-history"><br></div><div class="battle-history"><small>Bronzong restored a little HP using its Leftovers!</small><br></div><div class="spacer battle-history"><br></div><h2 class="battle-history">Turn 10</h2><div class="spacer battle-history"><br></div><div class="battle-history">The opposing Jolteon used <strong>Volt Switch</strong>!<br></div><div class="battle-history"><small>(Bronzong lost <abbr title="−99/338">29.3%</abbr> of its health!)</small><br></div><div class="battle-history"><small>The opposing Jolteon lost some of its HP!</small><br></div><div class="spacer battle-history"><br></div><div class="battle-history">The opposing Jolteon went back to gdthurt!<br></div><div class="battle-history">gdthurt sent out <strong>Drifblim</strong>!<br></div><div class="spacer battle-history"><br></div><div class="battle-history">Bronzong used <strong>Earthquake</strong>!<br></div><div class="battle-history"><small>It doesn't affect the opposing Drifblim...</small><br></div><div class="spacer battle-history"><br></div><div class="battle-history"><small>Bronzong restored a little HP using its Leftovers!</small><br></div><div class="spacer battle-history"><br></div><h2 class="battle-history">Turn 11</h2><div class="spacer battle-history"><br></div><div class="battle-history">The opposing Drifblim used <strong>Knock Off</strong>!<br></div><div class="battle-history"><small>It's super effective!</small><br></div><div class="battle-history"><small>(Bronzong lost <abbr title="−154/338">45.6%</abbr> of its health!)</small><br></div><div class="battle-history"><small>The opposing Drifblim knocked off Bronzong's Leftovers!</small><br></div><div class="spacer battle-history"><br></div><div class="battle-history">Bronzong used <strong>Stealth Rock</strong>!<br></div><div class="battle-history"><small>Pointed stones float in the air around the opposing team!</small><br></div><div class="spacer battle-history"><br></div><h2 class="battle-history">Turn 12</h2><div class="spacer battle-history"><br></div><div class="battle-history">The opposing Drifblim used <strong>Knock Off</strong>!<br></div><div class="battle-history"><small>It's super effective!</small><br></div><div class="battle-history"><small>(Bronzong lost <abbr title="−53/338">15.7%</abbr> of its health!)</small><br></div><div class="spacer battle-history"><br></div><div class="battle-history">Bronzong fainted!<br></div><div class="spacer battle-history"><br></div><div class="battle-history">Go! <strong>Rotom</strong>!<br></div><div class="spacer battle-history"><br></div><h2 class="battle-history">Turn 13</h2><div class="spacer battle-history"><br></div><div class="battle-history">Rotom used <strong>Volt Switch</strong>!<br></div><div class="battle-history"><small>It's super effective!</small><br></div><div class="battle-history"><small>(The opposing Drifblim lost <abbr title="−348/441">78.9%</abbr> of its health!)</small><br></div><div class="battle-history"><small>The opposing Drifblim ate its Liechi Berry!</small><br></div><div class="battle-history"><small>The opposing Drifblim's Attack rose!</small><br></div><div class="spacer battle-history"><br></div><div class="battle-history">Rotom went back to swolf5!<br></div><div class="battle-history">Go! <strong>Spiritomb</strong>!<br></div><div class="battle-history"><small>Spiritomb is hurt by the spikes!</small><br></div><div class="spacer battle-history"><br></div><div class="battle-history">The opposing Drifblim used <strong>Knock Off</strong>!<br></div><div class="battle-history"><small>(Spiritomb lost <abbr title="−98/304">32.2%</abbr> of its health!)</small><br></div><div class="battle-history"><small>The opposing Drifblim knocked off Spiritomb's Leftovers!</small><br></div><div class="spacer battle-history"><br></div><h2 class="battle-history">Turn 14</h2><div class="spacer battle-history"><br></div><div class="battle-history">The opposing Drifblim used <strong>Acrobatics</strong>!<br></div><div class="battle-history"><small>(Spiritomb lost <abbr title="−130/304">42.8%</abbr> of its health!)</small><br></div><div class="spacer battle-history"><br></div><div class="battle-history">Spiritomb fainted!<br></div><div class="spacer battle-history"><br></div><div class="battle-history">Go! <strong>Rotom</strong>!<br></div><div class="spacer battle-history"><br></div><h2 class="battle-history">Turn 15</h2><div class="spacer battle-history"><br></div><div class="battle-history">The opposing Drifblim used <strong>Knock Off</strong>!<br></div><div class="battle-history"><small>It's super effective!</small><br></div><div class="battle-history"><small>(Rotom lost <abbr title="−184/242">76.0%</abbr> of its health!)</small><br></div><div class="battle-history"><small>The opposing Drifblim knocked off Rotom's Spell Tag!</small><br></div><div class="spacer battle-history"><br></div><div class="battle-history">Rotom fainted!<br></div><div class="spacer battle-history"><br></div><div class="battle-history">Go! <strong>Delphox</strong>!<br></div><div class="battle-history"><small>Delphox is hurt by the spikes!</small><br></div><div class="spacer battle-history"><br></div><h2 class="battle-history">Turn 16</h2><div class="spacer battle-history"><br></div><div class="battle-history">The opposing Drifblim used <strong>Acrobatics</strong>!<br></div><div class="battle-history"><small>(Delphox lost <abbr title="−146/292">50%</abbr> of its health!)</small><br></div><div class="spacer battle-history"><br></div><div class="battle-history">Delphox fainted!<br></div><div class="spacer battle-history"><br></div><div class="battle-history">Go! <strong>Ludicolo</strong>!<br></div><div class="battle-history"><small>Ludicolo is hurt by the spikes!</small><br></div><div class="spacer battle-history"><br></div><h2 class="battle-history">Turn 17</h2><div class="spacer battle-history"><br></div><div class="battle-history">The opposing Drifblim used <strong>Acrobatics</strong>!<br></div><div class="battle-history"><small>It's super effective!</small><br></div><div class="battle-history"><small>(Ludicolo lost <abbr title="−226/301">75.1%</abbr> of its health!)</small><br></div><div class="spacer battle-history"><br></div><div class="battle-history">Ludicolo fainted!<br></div><div class="spacer battle-history"><br></div><div class="battle-history">Go! <strong>Gallade</strong>!<br></div><div class="battle-history"><small>Gallade is hurt by the spikes!</small><br></div><div class="spacer battle-history"><br></div><h2 class="battle-history">Turn 18</h2><div class="spacer battle-history"><br></div><div class="battle-history">The opposing Drifblim used <strong>Acrobatics</strong>!<br></div><div class="battle-history"><small>It's super effective!</small><br></div><div class="battle-history"><small>(Gallade lost <abbr title="−208/277">75.1%</abbr> of its health!)</small><br></div><div class="spacer battle-history"><br></div><div class="battle-history">Gallade fainted!<br></div><div class="spacer battle-history"><br></div><div class="battle-history"><strong>gdthurt</strong> won the battle!<br></div><div class="chat chatmessage-gdthurt"><strong style="color:hsl(174,76%,39.4707382801818%)"><small>★</small><span class="username" data-name="gdthurt">gdthurt</span>:</strong> <em>gg</em></div><div class="chat chatmessage-swolf5"><strong style="color:hsl(150,51%,42.82465147415859%)"><small>★</small><span class="username" data-name="swolf5">swolf5</span>:</strong> <em>gg</em></div><div class="chat"><small>swolf5 left.</small></div></div><div class="inner-preempt"></div></div></div>
</div>
<script>
let daily = Math.floor(Date.now()/1000/60/60/24);document.write('<script src="https://play.pokemonshowdown.com/js/replay-embed.js?version'+daily+'"></'+'script>');
</script>
