<!DOCTYPE html>
<meta charset="utf-8" />
<!-- version 1 -->
<title>RU replay: TrueMoltFan vs. Opdestroyer</title>
<style>
html,body {font-family:Verdana, sans-serif;font-size:10pt;margin:0;padding:0;}body{padding:12px 0;} .battle-log {font-family:Verdana, sans-serif;font-size:10pt;} .battle-log-inline {border:1px solid #AAAAAA;background:#EEF2F5;color:black;max-width:640px;margin:0 auto 80px;padding-bottom:5px;} .battle-log .inner {padding:4px 8px 0px 8px;} .battle-log .inner-preempt {padding:0 8px 4px 8px;} .battle-log .inner-after {margin-top:0.5em;} .battle-log h2 {margin:0.5em -8px;padding:4px 8px;border:1px solid #AAAAAA;background:#E0E7EA;border-left:0;border-right:0;font-family:Verdana, sans-serif;font-size:13pt;} .battle-log .chat {vertical-align:middle;padding:3px 0 3px 0;font-size:8pt;} .battle-log .chat strong {color:#40576A;} .battle-log .chat em {padding:1px 4px 1px 3px;color:#000000;font-style:normal;} .chat.mine {background:rgba(0,0,0,0.05);margin-left:-8px;margin-right:-8px;padding-left:8px;padding-right:8px;} .spoiler {color:#BBBBBB;background:#BBBBBB;padding:0px 3px;} .spoiler:hover, .spoiler:active, .spoiler-shown {color:#000000;background:#E2E2E2;padding:0px 3px;} .spoiler a {color:#BBBBBB;} .spoiler:hover a, .spoiler:active a, .spoiler-shown a {color:#2288CC;} .chat code, .chat .spoiler:hover code, .chat .spoiler:active code, .chat .spoiler-shown code {border:1px solid #C0C0C0;background:#EEEEEE;color:black;padding:0 2px;} .chat .spoiler code {border:1px solid #CCCCCC;background:#CCCCCC;color:#CCCCCC;} .battle-log .rated {padding:3px 4px;} .battle-log .rated strong {color:white;background:#89A;padding:1px 4px;border-radius:4px;} .spacer {margin-top:0.5em;} .message-announce {background:#6688AA;color:white;padding:1px 4px 2px;} .message-announce a, .broadcast-green a, .broadcast-blue a, .broadcast-red a {color:#DDEEFF;} .broadcast-green {background-color:#559955;color:white;padding:2px 4px;} .broadcast-blue {background-color:#6688AA;color:white;padding:2px 4px;} .infobox {border:1px solid #6688AA;padding:2px 4px;} .infobox-limited {max-height:200px;overflow:auto;overflow-x:hidden;} .broadcast-red {background-color:#AA5544;color:white;padding:2px 4px;} .message-learn-canlearn {font-weight:bold;color:#228822;text-decoration:underline;} .message-learn-cannotlearn {font-weight:bold;color:#CC2222;text-decoration:underline;} .message-effect-weak {font-weight:bold;color:#CC2222;} .message-effect-resist {font-weight:bold;color:#6688AA;} .message-effect-immune {font-weight:bold;color:#666666;} .message-learn-list {margin-top:0;margin-bottom:0;} .message-throttle-notice, .message-error {color:#992222;} .message-overflow, .chat small.message-overflow {font-size:0pt;} .message-overflow::before {font-size:9pt;content:'...';} .subtle {color:#3A4A66;}
</style>
<div class="wrapper replay-wrapper" style="max-width:1180px;margin:0 auto">
<input type="hidden" name="replayid" value="ru-523093155" />
<div class="battle"></div><div class="battle-log"></div><div class="replay-controls"></div><div class="replay-controls-2"></div>
<h1 style="font-weight:normal;text-align:center"><strong>RU</strong><br /><a href="http://pokemonshowdown.com/users/truemoltfan" class="subtle" target="_blank">TrueMoltFan</a> vs. <a href="http://pokemonshowdown.com/users/opdestroyer" class="subtle" target="_blank">Opdestroyer</a></h1>
<script type="text/plain" class="battle-log-data">|j|TrueMoltFan
|j|Opdestroyer
|player|p1|TrueMoltFan|266
|player|p2|Opdestroyer|102
|gametype|singles
|gen|6
|tier|RU
|seed|8510,43242,59611,22912
|rule|Sleep Clause Mod: Limit one foe put to sleep
|rule|Species Clause: Limit one of each Pokémon
|rule|OHKO Clause: OHKO moves are banned
|rule|Moody Clause: Moody is banned
|rule|Evasion Moves Clause: Evasion moves are banned
|rule|Endless Battle Clause: Forcing endless battles is banned
|rule|HP Percentage Mod: HP is shown in percentages
|clearpoke
|poke|p1|Gallade, M, shiny|item
|poke|p1|Escavalier, M|item
|poke|p1|Eelektross, M|item
|poke|p1|Clawitzer, M|item
|poke|p1|Ludicolo, M|item
|poke|p1|Heatmor, M, shiny|item
|poke|p2|Delphox, M, shiny|item
|poke|p2|Diancie, shiny|item
|poke|p2|Jellicent, M, shiny|item
|poke|p2|Scrafty, F, shiny|item
|poke|p2|Flygon, M, shiny|item
|poke|p2|Golbat, F, shiny|item
|rule|Swagger Clause: Swagger is banned
|rule|Baton Pass Clause: Limit one Baton Passer, can't pass Spe and other stats simultaneously
|teampreview
|choice|team 4, team 2, team 3, team 1, team 5, team 6|team 2, team 1, team 3, team 4, team 5, team 6
|
|start
|switch|p1a: Sawyer|Clawitzer, M|346\/346
|switch|p2a: Diancie|Diancie, shiny|304\/304
|turn|1
|choice|switch 2|move hiddenpower
|
|switch|p1a: George|Escavalier, M|344\/344
|move|p2a: Diancie|Hidden Power|p1a: George
|-resisted|p1a: George
|-damage|p1a: George|333\/344
|
|upkeep
|turn|2
|choice|move ironhead|switch 2
|
|switch|p2a: Delphox|Delphox, M, shiny|291\/291
|move|p1a: George|Iron Head|p2a: Delphox
|-resisted|p2a: Delphox
|-damage|p2a: Delphox|192\/291
|
|upkeep
|turn|3
|choice|switch 6|move flamethrower
|
|switch|p1a: Antony|Heatmor, M, shiny|374\/374
|move|p2a: Delphox|Flamethrower|p1a: Antony
|-start|p1a: Antony|ability: Flash Fire
|
|upkeep
|turn|4
|choice|move knockoff|switch 3
|
|switch|p2a: Jellicent|Jellicent, M, shiny|341\/341
|move|p1a: Antony|Knock Off|p2a: Jellicent
|-supereffective|p2a: Jellicent
|-damage|p2a: Jellicent|73\/341
|-enditem|p2a: Jellicent|Choice Band|[from] move: Knock Off|[of] p1a: Antony
|
|upkeep
|turn|5
|choice|move knockoff|move hydropump
|
|move|p2a: Jellicent|Hydro Pump|p1a: Antony
|-supereffective|p1a: Antony
|-damage|p1a: Antony|48\/374
|move|p1a: Antony|Knock Off|p2a: Jellicent
|-supereffective|p2a: Jellicent
|-damage|p2a: Jellicent|0 fnt
|faint|p2a: Jellicent
|
|-heal|p1a: Antony|71\/374|[from] item: Leftovers
|upkeep
|choice||switch 3
|
|switch|p2a: Delphox|Delphox, M, shiny|192\/291
|turn|6
|choice|move knockoff|move hiddenpower
|
|move|p2a: Delphox|Hidden Power|p1a: Antony
|-supereffective|p1a: Antony
|-crit|p1a: Antony
|-damage|p1a: Antony|0 fnt
|faint|p1a: Antony
|
|upkeep
|choice|switch 2|
|
|switch|p1a: Sawyer|Clawitzer, M|346\/346
|turn|7
|choice|move scald|switch 6
|
|switch|p2a: Golbat|Golbat, F, shiny|291\/291
|move|p1a: Sawyer|Scald|p2a: Golbat
|-damage|p2a: Golbat|184\/291
|-damage|p1a: Sawyer|312\/346|[from] item: Life Orb
|
|upkeep
|turn|8
|choice|move icebeam|move bravebird
|
|move|p2a: Golbat|Brave Bird|p1a: Sawyer
|-damage|p1a: Sawyer|170\/346
|-damage|p2a: Golbat|137\/291|[from] recoil|[of] p1a: Sawyer
|move|p1a: Sawyer|Ice Beam|p2a: Golbat
|-supereffective|p2a: Golbat
|-damage|p2a: Golbat|0 fnt
|-damage|p1a: Sawyer|136\/346|[from] item: Life Orb
|faint|p2a: Golbat
|
|upkeep
|choice||switch 4
|
|switch|p2a: Scrafty|Scrafty, F, shiny|271\/271
|turn|9
|choice|move aurasphere|move drainpunch
|
|move|p2a: Scrafty|Drain Punch|p1a: Sawyer
|-damage|p1a: Sawyer|40\/346
|move|p1a: Sawyer|Aura Sphere|p2a: Scrafty
|-supereffective|p2a: Scrafty
|-crit|p2a: Scrafty
|-damage|p2a: Scrafty|0 fnt
|-damage|p1a: Sawyer|6\/346|[from] item: Life Orb
|faint|p2a: Scrafty
|
|upkeep
|choice||switch 6
|
|switch|p2a: Delphox|Delphox, M, shiny|192\/291
|turn|10
|choice|move scald|move flamecharge
|
|move|p2a: Delphox|Flame Charge|p1a: Sawyer
|-resisted|p1a: Sawyer
|-damage|p1a: Sawyer|0 fnt
|-boost|p2a: Delphox|spe|1
|faint|p1a: Sawyer
|
|upkeep
|choice|switch 5|
|
|switch|p1a: Teino|Ludicolo, M|364\/364
|turn|11
|choice|move scald|move flamecharge
|
|move|p2a: Delphox|Flame Charge|p1a: Teino
|-damage|p1a: Teino|301\/364
|-boost|p2a: Delphox|spe|1
|move|p1a: Teino|Scald|p2a: Delphox
|-supereffective|p2a: Delphox
|-damage|p2a: Delphox|0 fnt
|faint|p2a: Delphox
|
|upkeep
|choice||switch 5
|
|switch|p2a: Flygon|Flygon, M, shiny|301\/301
|turn|12
|choice|switch 4|move boomburst
|
|switch|p1a: Protector|Gallade, M, shiny|340\/340
|move|p2a: Flygon|Boomburst|p1a: Protector
|-damage|p1a: Protector|233\/340
|
|-heal|p1a: Protector|254\/340|[from] item: Leftovers
|upkeep
|turn|13
|choice|move icepunch|move earthquake
|
|move|p2a: Flygon|Earthquake|p1a: Protector
|-damage|p1a: Protector|98\/340
|move|p1a: Protector|Ice Punch|p2a: Flygon
|-supereffective|p2a: Flygon
|-crit|p2a: Flygon
|-damage|p2a: Flygon|0 fnt
|faint|p2a: Flygon
|
|-heal|p1a: Protector|119\/340|[from] item: Leftovers
|upkeep
|choice||switch 2
|
|switch|p2a: Diancie|Diancie, shiny|304\/304
|turn|14
|choice|switch 6|move diamondstorm
|
|switch|p1a: George|Escavalier, M|333\/344
|move|p2a: Diancie|Diamond Storm|p1a: George
|-damage|p1a: George|222\/344
|
|upkeep
|turn|15
|choice|move ironhead|move protect
|
|move|p2a: Diancie|Protect|p2a: Diancie
|-singleturn|p2a: Diancie|Protect
|move|p1a: George|Iron Head|p2a: Diancie
|-activate|p2a: Diancie|move: Protect
|
|upkeep
|turn|16
|choice|move ironhead|move protect
|
|move|p2a: Diancie|Protect|p2a: Diancie
|-fail|p2a: Diancie
|move|p1a: George|Iron Head|p2a: Diancie
|-supereffective|p2a: Diancie
|-damage|p2a: Diancie|0 fnt
|faint|p2a: Diancie
|
|win|TrueMoltFan
|player|p1
|player|p2</script>
</div>
<div class="battle-log battle-log-inline"><div class="inner"><div class="battle-options"></div><div class="inner"><div class="chat"><small>TrueMoltFan joined.</small></div><div class="chat"><small>Opdestroyer joined.</small></div><div class=""><small>Format:</small> <br><strong>RU</strong></div><div class=""><small><em>Sleep Clause Mod:</em> Limit one foe put to sleep</small></div><div class=""><small><em>Species Clause:</em> Limit one of each Pokémon</small></div><div class=""><small><em>OHKO Clause:</em> OHKO moves are banned</small></div><div class=""><small><em>Moody Clause:</em> Moody is banned</small></div><div class=""><small><em>Evasion Moves Clause:</em> Evasion moves are banned</small></div><div class=""><small><em>Endless Battle Clause:</em> Forcing endless battles is banned</small></div><div class=""><small><em>HP Percentage Mod:</em> HP is shown in percentages</small></div><div class=""><small><em>Swagger Clause:</em> Swagger is banned</small></div><div class=""><small><em>Baton Pass Clause:</em> Limit one Baton Passer, can't pass Spe and other stats simultaneously</small></div><div class="chat battle-history"><strong>TrueMoltFan's team:</strong> <em style="color:#445566;display:block;">Gallade / Escavalier / Eelektross / Clawitzer / Ludicolo / Heatmor</em></div><div class="chat battle-history"><strong>Opdestroyer's team:</strong> <em style="color:#445566;display:block;">Delphox / Diancie / Jellicent / Scrafty / Flygon / Golbat</em></div><div class="spacer battle-history"><br></div><div class="battle-history">Battle started between TrueMoltFan and Opdestroyer!<br></div><div class="spacer battle-history"><br></div><div class="battle-history">Go! Sawyer (<strong>Clawitzer</strong>)!<br></div><div class="spacer battle-history"><br></div><div class="battle-history">Opdestroyer sent out <strong>Diancie</strong>!<br></div><div class="spacer battle-history"><br></div><h2 class="battle-history">Turn 1</h2><div class="spacer battle-history"><br></div><div class="battle-history">Sawyer, come back!<br></div><div class="battle-history">Go! George (<strong>Escavalier</strong>)!<br></div><div class="spacer battle-history"><br></div><div class="battle-history">The opposing Diancie used <strong>Hidden Power</strong>!<br></div><div class="battle-history"><small>It's not very effective...</small><br></div><div class="battle-history"><small>(George lost <abbr title="−11/344">3.2%</abbr> of its health!)</small><br></div><div class="spacer battle-history"><br></div><h2 class="battle-history">Turn 2</h2><div class="spacer battle-history"><br></div><div class="battle-history">Opdestroyer withdrew Diancie!<br></div><div class="battle-history">Opdestroyer sent out <strong>Delphox</strong>!<br></div><div class="spacer battle-history"><br></div><div class="battle-history">George used <strong>Iron Head</strong>!<br></div><div class="battle-history"><small>It's not very effective...</small><br></div><div class="battle-history"><small>(The opposing Delphox lost <abbr title="−99/291">34.0%</abbr> of its health!)</small><br></div><div class="spacer battle-history"><br></div><h2 class="battle-history">Turn 3</h2><div class="spacer battle-history"><br></div><div class="battle-history">George, come back!<br></div><div class="battle-history">Go! Antony (<strong>Heatmor</strong>)!<br></div><div class="spacer battle-history"><br></div><div class="battle-history">The opposing Delphox used <strong>Flamethrower</strong>!<br></div><div class="battle-history"><small>[Antony's Flash Fire]</small><br><small>The power of Antony's Fire-type moves rose!</small><br></div><div class="spacer battle-history"><br></div><h2 class="battle-history">Turn 4</h2><div class="spacer battle-history"><br></div><div class="battle-history">Opdestroyer withdrew Delphox!<br></div><div class="battle-history">Opdestroyer sent out <strong>Jellicent</strong>!<br></div><div class="spacer battle-history"><br></div><div class="battle-history">Antony used <strong>Knock Off</strong>!<br></div><div class="battle-history"><small>It's super effective!</small><br></div><div class="battle-history"><small>(The opposing Jellicent lost <abbr title="−268/341">78.6%</abbr> of its health!)</small><br></div><div class="battle-history"><small>Antony knocked off the opposing Jellicent's Choice Band!</small><br></div><div class="spacer battle-history"><br></div><h2 class="battle-history">Turn 5</h2><div class="spacer battle-history"><br></div><div class="battle-history">The opposing Jellicent used <strong>Hydro Pump</strong>!<br></div><div class="battle-history"><small>It's super effective!</small><br></div><div class="battle-history"><small>(Antony lost <abbr title="−326/374">87.2%</abbr> of its health!)</small><br></div><div class="spacer battle-history"><br></div><div class="battle-history">Antony used <strong>Knock Off</strong>!<br></div><div class="battle-history"><small>It's super effective!</small><br></div><div class="battle-history"><small>(The opposing Jellicent lost <abbr title="−73/341">21.4%</abbr> of its health!)</small><br></div><div class="spacer battle-history"><br></div><div class="battle-history">The opposing Jellicent fainted!<br></div><div class="spacer battle-history"><br></div><div class="battle-history"><small>Antony restored a little HP using its Leftovers!</small><br></div><div class="spacer battle-history"><br></div><div class="battle-history">Opdestroyer sent out <strong>Delphox</strong>!<br></div><div class="spacer battle-history"><br></div><h2 class="battle-history">Turn 6</h2><div class="spacer battle-history"><br></div><div class="battle-history">The opposing Delphox used <strong>Hidden Power</strong>!<br></div><div class="battle-history"><small>It's super effective!</small><br></div><div class="battle-history"><small>A critical hit!</small><br></div><div class="battle-history"><small>(Antony lost <abbr title="−71/374">19.0%</abbr> of its health!)</small><br></div><div class="spacer battle-history"><br></div><div class="battle-history">Antony fainted!<br></div><div class="spacer battle-history"><br></div><div class="battle-history">Go! Sawyer (<strong>Clawitzer</strong>)!<br></div><div class="spacer battle-history"><br></div><h2 class="battle-history">Turn 7</h2><div class="spacer battle-history"><br></div><div class="battle-history">Opdestroyer withdrew Delphox!<br></div><div class="battle-history">Opdestroyer sent out <strong>Golbat</strong>!<br></div><div class="spacer battle-history"><br></div><div class="battle-history">Sawyer used <strong>Scald</strong>!<br></div><div class="battle-history"><small>(The opposing Golbat lost <abbr title="−107/291">36.8%</abbr> of its health!)</small><br></div><div class="battle-history"><small>Sawyer lost some of its HP!</small><br></div><div class="spacer battle-history"><br></div><h2 class="battle-history">Turn 8</h2><div class="spacer battle-history"><br></div><div class="battle-history">The opposing Golbat used <strong>Brave Bird</strong>!<br></div><div class="battle-history"><small>(Sawyer lost <abbr title="−142/346">41.0%</abbr> of its health!)</small><br></div><div class="battle-history"><small>The opposing Golbat is damaged by the recoil!</small><br></div><div class="spacer battle-history"><br></div><div class="battle-history">Sawyer used <strong>Ice Beam</strong>!<br></div><div class="battle-history"><small>It's super effective!</small><br></div><div class="battle-history"><small>(The opposing Golbat lost <abbr title="−137/291">47.1%</abbr> of its health!)</small><br></div><div class="battle-history"><small>Sawyer lost some of its HP!</small><br></div><div class="spacer battle-history"><br></div><div class="battle-history">The opposing Golbat fainted!<br></div><div class="spacer battle-history"><br></div><div class="battle-history">Opdestroyer sent out <strong>Scrafty</strong>!<br></div><div class="spacer battle-history"><br></div><h2 class="battle-history">Turn 9</h2><div class="spacer battle-history"><br></div><div class="battle-history">The opposing Scrafty used <strong>Drain Punch</strong>!<br></div><div class="battle-history"><small>(Sawyer lost <abbr title="−96/346">27.7%</abbr> of its health!)</small><br></div><div class="spacer battle-history"><br></div><div class="battle-history">Sawyer used <strong>Aura Sphere</strong>!<br></div><div class="battle-history"><small>It's super effective!</small><br></div><div class="battle-history"><small>A critical hit!</small><br></div><div class="battle-history"><small>(The opposing Scrafty lost <abbr title="−271/271">100%</abbr> of its health!)</small><br></div><div class="battle-history"><small>Sawyer lost some of its HP!</small><br></div><div class="spacer battle-history"><br></div><div class="battle-history">The opposing Scrafty fainted!<br></div><div class="spacer battle-history"><br></div><div class="battle-history">Opdestroyer sent out <strong>Delphox</strong>!<br></div><div class="spacer battle-history"><br></div><h2 class="battle-history">Turn 10</h2><div class="spacer battle-history"><br></div><div class="battle-history">The opposing Delphox used <strong>Flame Charge</strong>!<br></div><div class="battle-history"><small>It's not very effective...</small><br></div><div class="battle-history"><small>(Sawyer lost <abbr title="−6/346">1.7%</abbr> of its health!)</small><br></div><div class="battle-history"><small>The opposing Delphox's Speed rose!</small><br></div><div class="spacer battle-history"><br></div><div class="battle-history">Sawyer fainted!<br></div><div class="spacer battle-history"><br></div><div class="battle-history">Go! Teino (<strong>Ludicolo</strong>)!<br></div><div class="spacer battle-history"><br></div><h2 class="battle-history">Turn 11</h2><div class="spacer battle-history"><br></div><div class="battle-history">The opposing Delphox used <strong>Flame Charge</strong>!<br></div><div class="battle-history"><small>(Teino lost <abbr title="−63/364">17.3%</abbr> of its health!)</small><br></div><div class="battle-history"><small>The opposing Delphox's Speed rose!</small><br></div><div class="spacer battle-history"><br></div><div class="battle-history">Teino used <strong>Scald</strong>!<br></div><div class="battle-history"><small>It's super effective!</small><br></div><div class="battle-history"><small>(The opposing Delphox lost <abbr title="−192/291">66.0%</abbr> of its health!)</small><br></div><div class="spacer battle-history"><br></div><div class="battle-history">The opposing Delphox fainted!<br></div><div class="spacer battle-history"><br></div><div class="battle-history">Opdestroyer sent out <strong>Flygon</strong>!<br></div><div class="spacer battle-history"><br></div><h2 class="battle-history">Turn 12</h2><div class="spacer battle-history"><br></div><div class="battle-history">Teino, come back!<br></div><div class="battle-history">Go! Protector (<strong>Gallade</strong>)!<br></div><div class="spacer battle-history"><br></div><div class="battle-history">The opposing Flygon used <strong>Boomburst</strong>!<br></div><div class="battle-history"><small>(Protector lost <abbr title="−107/340">31.5%</abbr> of its health!)</small><br></div><div class="spacer battle-history"><br></div><div class="battle-history"><small>Protector restored a little HP using its Leftovers!</small><br></div><div class="spacer battle-history"><br></div><h2 class="battle-history">Turn 13</h2><div class="spacer battle-history"><br></div><div class="battle-history">The opposing Flygon used <strong>Earthquake</strong>!<br></div><div class="battle-history"><small>(Protector lost <abbr title="−156/340">45.9%</abbr> of its health!)</small><br></div><div class="spacer battle-history"><br></div><div class="battle-history">Protector used <strong>Ice Punch</strong>!<br></div><div class="battle-history"><small>It's super effective!</small><br></div><div class="battle-history"><small>A critical hit!</small><br></div><div class="battle-history"><small>(The opposing Flygon lost <abbr title="−301/301">100%</abbr> of its health!)</small><br></div><div class="spacer battle-history"><br></div><div class="battle-history">The opposing Flygon fainted!<br></div><div class="spacer battle-history"><br></div><div class="battle-history"><small>Protector restored a little HP using its Leftovers!</small><br></div><div class="spacer battle-history"><br></div><div class="battle-history">Opdestroyer sent out <strong>Diancie</strong>!<br></div><div class="spacer battle-history"><br></div><h2 class="battle-history">Turn 14</h2><div class="spacer battle-history"><br></div><div class="battle-history">Protector, come back!<br></div><div class="battle-history">Go! George (<strong>Escavalier</strong>)!<br></div><div class="spacer battle-history"><br></div><div class="battle-history">The opposing Diancie used <strong>Diamond Storm</strong>!<br></div><div class="battle-history"><small>(George lost <abbr title="−111/344">32.3%</abbr> of its health!)</small><br></div><div class="spacer battle-history"><br></div><h2 class="battle-history">Turn 15</h2><div class="spacer battle-history"><br></div><div class="battle-history">The opposing Diancie used <strong>Protect</strong>!<br></div><div class="battle-history"><small>The opposing Diancie protected itself!</small><br></div><div class="spacer battle-history"><br></div><div class="battle-history">George used <strong>Iron Head</strong>!<br></div><div class="battle-history"><small>The opposing Diancie protected itself!</small><br></div><div class="spacer battle-history"><br></div><h2 class="battle-history">Turn 16</h2><div class="spacer battle-history"><br></div><div class="battle-history">The opposing Diancie used <strong>Protect</strong>!<br></div><div class="battle-history"><small>But it failed!</small><br></div><div class="spacer battle-history"><br></div><div class="battle-history">George used <strong>Iron Head</strong>!<br></div><div class="battle-history"><small>It's super effective!</small><br></div><div class="battle-history"><small>(The opposing Diancie lost <abbr title="−304/304">100%</abbr> of its health!)</small><br></div><div class="spacer battle-history"><br></div><div class="battle-history">The opposing Diancie fainted!<br></div><div class="spacer battle-history"><br></div><div class="battle-history"><strong>TrueMoltFan</strong> won the battle!<br></div></div><div class="inner-preempt"></div></div></div>
</div>
<script>
let daily = Math.floor(Date.now()/1000/60/60/24);document.write('<script src="https://play.pokemonshowdown.com/js/replay-embed.js?version'+daily+'"></'+'script>');
</script>
