<!DOCTYPE html>
<meta charset="utf-8" />
<!-- version 1 -->
<title>RU replay: DysoV vs. Baixst</title>
<style>
html,body {font-family:Verdana, sans-serif;font-size:10pt;margin:0;padding:0;}body{padding:12px 0;} .battle-log {font-family:Verdana, sans-serif;font-size:10pt;} .battle-log-inline {border:1px solid #AAAAAA;background:#EEF2F5;color:black;max-width:640px;margin:0 auto 80px;padding-bottom:5px;} .battle-log .inner {padding:4px 8px 0px 8px;} .battle-log .inner-preempt {padding:0 8px 4px 8px;} .battle-log .inner-after {margin-top:0.5em;} .battle-log h2 {margin:0.5em -8px;padding:4px 8px;border:1px solid #AAAAAA;background:#E0E7EA;border-left:0;border-right:0;font-family:Verdana, sans-serif;font-size:13pt;} .battle-log .chat {vertical-align:middle;padding:3px 0 3px 0;font-size:8pt;} .battle-log .chat strong {color:#40576A;} .battle-log .chat em {padding:1px 4px 1px 3px;color:#000000;font-style:normal;} .chat.mine {background:rgba(0,0,0,0.05);margin-left:-8px;margin-right:-8px;padding-left:8px;padding-right:8px;} .spoiler {color:#BBBBBB;background:#BBBBBB;padding:0px 3px;} .spoiler:hover, .spoiler:active, .spoiler-shown {color:#000000;background:#E2E2E2;padding:0px 3px;} .spoiler a {color:#BBBBBB;} .spoiler:hover a, .spoiler:active a, .spoiler-shown a {color:#2288CC;} .chat code, .chat .spoiler:hover code, .chat .spoiler:active code, .chat .spoiler-shown code {border:1px solid #C0C0C0;background:#EEEEEE;color:black;padding:0 2px;} .chat .spoiler code {border:1px solid #CCCCCC;background:#CCCCCC;color:#CCCCCC;} .battle-log .rated {padding:3px 4px;} .battle-log .rated strong {color:white;background:#89A;padding:1px 4px;border-radius:4px;} .spacer {margin-top:0.5em;} .message-announce {background:#6688AA;color:white;padding:1px 4px 2px;} .message-announce a, .broadcast-green a, .broadcast-blue a, .broadcast-red a {color:#DDEEFF;} .broadcast-green {background-color:#559955;color:white;padding:2px 4px;} .broadcast-blue {background-color:#6688AA;color:white;padding:2px 4px;} .infobox {border:1px solid #6688AA;padding:2px 4px;} .infobox-limited {max-height:200px;overflow:auto;overflow-x:hidden;} .broadcast-red {background-color:#AA5544;color:white;padding:2px 4px;} .message-learn-canlearn {font-weight:bold;color:#228822;text-decoration:underline;} .message-learn-cannotlearn {font-weight:bold;color:#CC2222;text-decoration:underline;} .message-effect-weak {font-weight:bold;color:#CC2222;} .message-effect-resist {font-weight:bold;color:#6688AA;} .message-effect-immune {font-weight:bold;color:#666666;} .message-learn-list {margin-top:0;margin-bottom:0;} .message-throttle-notice, .message-error {color:#992222;} .message-overflow, .chat small.message-overflow {font-size:0pt;} .message-overflow::before {font-size:9pt;content:'...';} .subtle {color:#3A4A66;}
</style>
<div class="wrapper replay-wrapper" style="max-width:1180px;margin:0 auto">
<input type="hidden" name="replayid" value="ru-502451685" />
<div class="battle"></div><div class="battle-log"></div><div class="replay-controls"></div><div class="replay-controls-2"></div>
<h1 style="font-weight:normal;text-align:center"><strong>RU</strong><br /><a href="http://pokemonshowdown.com/users/dysov" class="subtle" target="_blank">DysoV</a> vs. <a href="http://pokemonshowdown.com/users/baixst" class="subtle" target="_blank">Baixst</a></h1>
<script type="text/plain" class="battle-log-data">|j|DysoV
|j|Baixst
|player|p1|DysoV|50
|player|p2|Baixst|290
|gametype|singles
|gen|6
|tier|RU
|rated
|seed|15218,41517,11880,16103
|rule|Sleep Clause Mod: Limit one foe put to sleep
|rule|Species Clause: Limit one of each Pokémon
|rule|OHKO Clause: OHKO moves are banned
|rule|Moody Clause: Moody is banned
|rule|Evasion Moves Clause: Evasion moves are banned
|rule|Endless Battle Clause: Forcing endless battles is banned
|rule|HP Percentage Mod: HP is shown in percentages
|clearpoke
|poke|p1|Delphox, M|item
|poke|p1|Virizion|item
|poke|p1|Diancie|item
|poke|p1|Alomomola, M|item
|poke|p1|Flygon, M|item
|poke|p1|Drapion, M|item
|poke|p2|Blastoise, F|item
|poke|p2|Aerodactyl, F|item
|poke|p2|Virizion|item
|poke|p2|Eelektross, M|item
|poke|p2|Delphox, M|item
|poke|p2|Banette, F|item
|rule|Swagger Clause: Swagger is banned
|rule|Baton Pass Clause: Limit one Baton Passer, can't pass Spe and other stats simultaneously
|teampreview
|choice|team 6, team 2, team 3, team 4, team 5, team 1|team 3, team 2, team 1, team 4, team 5, team 6
|
|start
|switch|p1a: Drapion|Drapion, M|343\/343
|switch|p2a: Virizion|Virizion|324\/324
|turn|1
|choice|move knockoff|move closecombat
|
|move|p2a: Virizion|Close Combat|p1a: Drapion
|-damage|p1a: Drapion|166\/343
|-unboost|p2a: Virizion|def|1
|-unboost|p2a: Virizion|spd|1
|move|p1a: Drapion|Knock Off|p2a: Virizion
|-resisted|p2a: Virizion
|-damage|p2a: Virizion|215\/324
|-ability|p2a: Virizion|Justified|boost
|-boost|p2a: Virizion|atk|1
|-enditem|p2a: Virizion|Choice Scarf|[from] move: Knock Off|[of] p1a: Drapion
|
|-heal|p1a: Drapion|187\/343|[from] item: Black Sludge
|upkeep
|turn|2
|choice|move toxicspikes|move closecombat
|
|move|p2a: Virizion|Close Combat|p1a: Drapion
|-damage|p1a: Drapion|0 fnt
|-unboost|p2a: Virizion|def|1
|-unboost|p2a: Virizion|spd|1
|faint|p1a: Drapion
|
|upkeep
|choice|switch 6|
|
|switch|p1a: Giuà|Delphox, M|291\/291
|turn|3
|choice|move psychic|switch 3
|
|switch|p2a: Blastoise|Blastoise, F|299\/299
|move|p1a: Giuà|Psychic|p2a: Blastoise
|-damage|p2a: Blastoise|176\/299
|
|-heal|p2a: Blastoise|194\/299|[from] item: Leftovers
|upkeep
|turn|4
|choice|switch 4|move scald
|
|switch|p1a: Alomomola|Alomomola, M|534\/534
|move|p2a: Blastoise|Scald|p1a: Alomomola
|-resisted|p1a: Alomomola
|-damage|p1a: Alomomola|480\/534
|-status|p1a: Alomomola|brn
|
|-heal|p2a: Blastoise|212\/299|[from] item: Leftovers
|-heal|p1a: Alomomola|513\/534 brn|[from] item: Leftovers
|-damage|p1a: Alomomola|447\/534 brn|[from] brn
|upkeep
|turn|5
|choice|move toxic|switch 3
|
|switch|p2a: Virizion|Virizion|215\/324
|move|p1a: Alomomola|Toxic|p2a: Virizion
|-status|p2a: Virizion|tox
|
|-heal|p1a: Alomomola|480\/534 brn|[from] item: Leftovers
|-damage|p2a: Virizion|195\/324 tox|[from] psn
|-damage|p1a: Alomomola|414\/534 brn|[from] brn
|upkeep
|turn|6
|choice|move protect|move leafblade
|
|move|p1a: Alomomola|Protect|p1a: Alomomola
|-singleturn|p1a: Alomomola|Protect
|move|p2a: Virizion|Leaf Blade|p1a: Alomomola
|-activate|p1a: Alomomola|move: Protect
|
|-heal|p1a: Alomomola|447\/534 brn|[from] item: Leftovers
|-damage|p2a: Virizion|155\/324 tox|[from] psn
|-damage|p1a: Alomomola|381\/534 brn|[from] brn
|upkeep
|turn|7
|choice|switch 5|switch 4
|
|switch|p2a: Eelektross|Eelektross, M|343\/343
|switch|p1a: Flygon|Flygon, M|329\/329
|
|upkeep
|turn|8
|choice|move uturn|move acidspray
|
|move|p1a: Flygon|U-turn|p2a: Eelektross
|-crit|p2a: Eelektross
|-damage|p2a: Eelektross|243\/343
|choice|switch 4|
|
|switch|p1a: Giuà|Delphox, M|291\/291
|move|p2a: Eelektross|Acid Spray|p1a: Giuà
|-damage|p1a: Giuà|246\/291
|-unboost|p1a: Giuà|spd|2
|
|-heal|p2a: Eelektross|264\/343|[from] item: Leftovers
|upkeep
|turn|9
|choice|move fireblast|move thunderbolt
|
|move|p1a: Giuà|Fire Blast|p2a: Eelektross|[miss]
|-miss|p1a: Giuà|p2a: Eelektross
|move|p2a: Eelektross|Thunderbolt|p1a: Giuà
|-damage|p1a: Giuà|0 fnt
|faint|p1a: Giuà
|
|-heal|p2a: Eelektross|285\/343|[from] item: Leftovers
|upkeep
|choice|switch 5|
|
|switch|p1a: Alomomola|Alomomola, M|534\/534 brn
|turn|10
|choice|move protect|switch 4
|
|switch|p2a: Virizion|Virizion|155\/324 tox
|move|p1a: Alomomola|Protect|p1a: Alomomola
|-fail|p1a: Alomomola
|
|-damage|p2a: Virizion|135\/324 tox|[from] psn
|-damage|p1a: Alomomola|468\/534 brn|[from] brn
|upkeep
|turn|11
|choice|move protect|move leafblade
|
|move|p1a: Alomomola|Protect|p1a: Alomomola
|-singleturn|p1a: Alomomola|Protect
|move|p2a: Virizion|Leaf Blade|p1a: Alomomola
|-activate|p1a: Alomomola|move: Protect
|
|-heal|p1a: Alomomola|501\/534 brn|[from] item: Leftovers
|-damage|p2a: Virizion|95\/324 tox|[from] psn
|-damage|p1a: Alomomola|435\/534 brn|[from] brn
|upkeep
|turn|12
|choice|switch 4|move leafblade
|
|switch|p1a: Flygon|Flygon, M|329\/329
|move|p2a: Virizion|Leaf Blade|p1a: Flygon
|-damage|p1a: Flygon|170\/329
|
|-heal|p1a: Flygon|190\/329|[from] item: Leftovers
|-damage|p2a: Virizion|35\/324 tox|[from] psn
|upkeep
|turn|13
|choice|move roost|move closecombat
|
|move|p1a: Flygon|Roost|p1a: Flygon
|-heal|p1a: Flygon|329\/329
|move|p2a: Virizion|Close Combat|p1a: Flygon
|-damage|p1a: Flygon|110\/329
|-unboost|p2a: Virizion|def|1
|-unboost|p2a: Virizion|spd|1
|
|-heal|p1a: Flygon|130\/329|[from] item: Leftovers
|-damage|p2a: Virizion|0 fnt|[from] psn
|upkeep
|faint|p2a: Virizion
|choice||switch 3
|
|switch|p2a: Blastoise|Blastoise, F|212\/299
|turn|14
|choice|move roost|move scald
|
|move|p1a: Flygon|Roost|p1a: Flygon
|-heal|p1a: Flygon|295\/329
|move|p2a: Blastoise|Scald|p1a: Flygon
|-damage|p1a: Flygon|178\/329
|
|-heal|p1a: Flygon|198\/329|[from] item: Leftovers
|-heal|p2a: Blastoise|230\/299|[from] item: Leftovers
|upkeep
|turn|15
|choice|move uturn|move icebeam
|
|move|p1a: Flygon|U-turn|p2a: Blastoise
|-damage|p2a: Blastoise|180\/299
|choice|switch 2|
|
|switch|p1a: Virizion|Virizion|323\/323
|move|p2a: Blastoise|Ice Beam|p1a: Virizion
|-supereffective|p1a: Virizion
|-damage|p1a: Virizion|219\/323
|
|-heal|p2a: Blastoise|198\/299|[from] item: Leftovers
|upkeep
|turn|16
|choice|move leafblade|move icebeam
|
|move|p1a: Virizion|Leaf Blade|p2a: Blastoise
|-supereffective|p2a: Blastoise
|-crit|p2a: Blastoise
|-damage|p2a: Blastoise|0 fnt
|-damage|p1a: Virizion|187\/323|[from] item: Life Orb
|faint|p2a: Blastoise
|
|upkeep
|choice||switch 2
|
|switch|p2a: Aerodactyl|Aerodactyl, F|302\/302
|turn|17
|choice|switch 3|move aerialace
|
|switch|p1a: Diancie|Diancie|304\/304
|move|p2a: Aerodactyl|Aerial Ace|p1a: Diancie
|-resisted|p1a: Diancie
|-damage|p1a: Diancie|272\/304
|
|-heal|p1a: Diancie|291\/304|[from] item: Leftovers
|upkeep
|turn|18
|choice|move stealthrock|move earthquake
|
|move|p2a: Aerodactyl|Earthquake|p1a: Diancie
|-supereffective|p1a: Diancie
|-damage|p1a: Diancie|139\/304
|move|p1a: Diancie|Stealth Rock|p2a: Aerodactyl
|-sidestart|p2: Baixst|move: Stealth Rock
|
|-heal|p1a: Diancie|158\/304|[from] item: Leftovers
|upkeep
|turn|19
|choice|switch 2|switch 4
|
|switch|p2a: Eelektross|Eelektross, M|285\/343
|-damage|p2a: Eelektross|243\/343|[from] Stealth Rock
|switch|p1a: Flygon|Flygon, M|198\/329
|
|-heal|p1a: Flygon|218\/329|[from] item: Leftovers
|-heal|p2a: Eelektross|264\/343|[from] item: Leftovers
|upkeep
|turn|20
|choice|move roost|move acidspray
|
|move|p1a: Flygon|Roost|p1a: Flygon
|-heal|p1a: Flygon|329\/329
|move|p2a: Eelektross|Acid Spray|p1a: Flygon
|-resisted|p1a: Flygon
|-damage|p1a: Flygon|303\/329
|-unboost|p1a: Flygon|spd|2
|
|-heal|p1a: Flygon|323\/329|[from] item: Leftovers
|-heal|p2a: Eelektross|285\/343|[from] item: Leftovers
|upkeep
|turn|21
|choice|move uturn|move flamethrower
|
|move|p1a: Flygon|U-turn|p2a: Eelektross
|-crit|p2a: Eelektross
|-damage|p2a: Eelektross|174\/343
|choice|switch 2|
|
|switch|p1a: Diancie|Diancie|158\/304
|move|p2a: Eelektross|Flamethrower|p1a: Diancie
|-resisted|p1a: Diancie
|-damage|p1a: Diancie|130\/304
|
|-heal|p2a: Eelektross|195\/343|[from] item: Leftovers
|-heal|p1a: Diancie|149\/304|[from] item: Leftovers
|upkeep
|turn|22
|choice|move diamondstorm|move acidspray
|
|move|p1a: Diancie|Diamond Storm|p2a: Eelektross
|-damage|p2a: Eelektross|54\/343
|move|p2a: Eelektross|Acid Spray|p1a: Diancie
|-damage|p1a: Diancie|123\/304
|
|-heal|p2a: Eelektross|75\/343|[from] item: Leftovers
|-heal|p1a: Diancie|142\/304|[from] item: Leftovers
|upkeep
|turn|23
|choice|move diamondstorm|move drainpunch
|
|move|p2a: Eelektross|Drain Punch|p1a: Diancie
|-damage|p1a: Diancie|96\/304
|-heal|p2a: Eelektross|98\/343|[from] drain|[of] p1a: Diancie
|move|p1a: Diancie|Diamond Storm|p2a: Eelektross
|-damage|p2a: Eelektross|0 fnt
|-boost|p1a: Diancie|def|1
|faint|p2a: Eelektross
|
|-heal|p1a: Diancie|115\/304|[from] item: Leftovers
|upkeep
|choice||switch 5
|
|switch|p2a: Delphox|Delphox, M|292\/292
|-damage|p2a: Delphox|219\/292|[from] Stealth Rock
|turn|24
|choice|switch 4|move psychic
|
|switch|p1a: Alomomola|Alomomola, M|534\/534 brn
|move|p2a: Delphox|Psychic|p1a: Alomomola
|-damage|p1a: Alomomola|336\/534 brn
|-unboost|p1a: Alomomola|spd|1
|
|-heal|p1a: Alomomola|369\/534 brn|[from] item: Leftovers
|-damage|p1a: Alomomola|303\/534 brn|[from] brn
|upkeep
|turn|25
|choice|move wish|switch 6
|
|switch|p2a: Banette|Banette, F|332\/332
|-damage|p2a: Banette|291\/332|[from] Stealth Rock
|move|p1a: Alomomola|Wish|p1a: Alomomola
|
|-heal|p1a: Alomomola|336\/534 brn|[from] item: Leftovers
|-damage|p1a: Alomomola|270\/534 brn|[from] brn
|upkeep
|turn|26
|choice|move toxic|move taunt mega
|
|detailschange|p2a: Banette|Banette-Mega, F
|-mega|p2a: Banette|Banette|Banettite
|move|p2a: Banette|Taunt|p1a: Alomomola
|-start|p1a: Alomomola|move: Taunt
|cant|p1a: Alomomola|move: Taunt|Toxic
|
|-heal|p1a: Alomomola|534\/534 brn|[from] move: Wish|[wisher] Alomomola
|-damage|p1a: Alomomola|468\/534 brn|[from] brn
|upkeep
|turn|27
|choice|switch 3|move shadowclaw
|
|switch|p1a: Virizion|Virizion|187\/323
|move|p2a: Banette|Shadow Claw|p1a: Virizion
|-damage|p1a: Virizion|0 fnt
|faint|p1a: Virizion
|
|upkeep
|choice|switch 2|
|
|switch|p1a: Flygon|Flygon, M|323\/329
|turn|28
|choice|move earthquake|move willowisp
|
|move|p2a: Banette|Will-O-Wisp|p1a: Flygon
|-status|p1a: Flygon|brn
|move|p1a: Flygon|Earthquake|p2a: Banette
|-damage|p2a: Banette|201\/332
|
|-heal|p1a: Flygon|329\/329 brn|[from] item: Leftovers
|-damage|p1a: Flygon|288\/329 brn|[from] brn
|upkeep
|turn|29
|choice|move uturn|move taunt
|
|move|p2a: Banette|Taunt|p1a: Flygon
|-start|p1a: Flygon|move: Taunt
|move|p1a: Flygon|U-turn|p2a: Banette
|-resisted|p2a: Banette
|-damage|p2a: Banette|181\/332
|choice|switch 3|
|
|switch|p1a: Alomomola|Alomomola, M|534\/534 brn
|
|-damage|p1a: Alomomola|468\/534 brn|[from] brn
|upkeep
|turn|30
|choice|move toxic|move taunt
|
|move|p2a: Banette|Taunt|p1a: Alomomola
|-start|p1a: Alomomola|move: Taunt
|cant|p1a: Alomomola|move: Taunt|Toxic
|
|-heal|p1a: Alomomola|501\/534 brn|[from] item: Leftovers
|-damage|p1a: Alomomola|435\/534 brn|[from] brn
|upkeep
|turn|31
|choice|move waterfall|move shadowclaw
|
|move|p2a: Banette|Shadow Claw|p1a: Alomomola
|-damage|p1a: Alomomola|236\/534 brn
|move|p1a: Alomomola|Waterfall|p2a: Banette
|-damage|p2a: Banette|135\/332
|
|-heal|p1a: Alomomola|269\/534 brn|[from] item: Leftovers
|-damage|p1a: Alomomola|203\/534 brn|[from] brn
|upkeep
|turn|32
|choice|switch 3|move shadowclaw
|
|switch|p1a: Flygon|Flygon, M|288\/329 brn
|move|p2a: Banette|Shadow Claw|p1a: Flygon
|-damage|p1a: Flygon|101\/329 brn
|
|-heal|p1a: Flygon|121\/329 brn|[from] item: Leftovers
|-damage|p1a: Flygon|80\/329 brn|[from] brn
|upkeep
|turn|33
|choice|move roost|move shadowclaw
|
|move|p1a: Flygon|Roost|p1a: Flygon
|-heal|p1a: Flygon|245\/329 brn
|move|p2a: Banette|Shadow Claw|p1a: Flygon
|-damage|p1a: Flygon|40\/329 brn
|
|-heal|p1a: Flygon|60\/329 brn|[from] item: Leftovers
|-damage|p1a: Flygon|19\/329 brn|[from] brn
|upkeep
|turn|34
|choice|switch 3|move shadowclaw
|
|switch|p1a: Alomomola|Alomomola, M|381\/534 brn
|move|p2a: Banette|Shadow Claw|p1a: Alomomola
|-damage|p1a: Alomomola|204\/534 brn
|
|-heal|p1a: Alomomola|237\/534 brn|[from] item: Leftovers
|-damage|p1a: Alomomola|171\/534 brn|[from] brn
|upkeep
|turn|35
|choice|move wish|move taunt
|
|move|p2a: Banette|Taunt|p1a: Alomomola
|-start|p1a: Alomomola|move: Taunt
|cant|p1a: Alomomola|move: Taunt|Wish
|
|-heal|p1a: Alomomola|204\/534 brn|[from] item: Leftovers
|-damage|p1a: Alomomola|138\/534 brn|[from] brn
|upkeep
|turn|36
|choice|switch 4|move shadowclaw
|
|switch|p1a: Diancie|Diancie|115\/304
|move|p2a: Banette|Shadow Claw|p1a: Diancie
|-damage|p1a: Diancie|10\/304
|
|-heal|p1a: Diancie|29\/304|[from] item: Leftovers
|upkeep
|turn|37
|choice|move moonblast|move shadowclaw
|
|move|p2a: Banette|Shadow Claw|p1a: Diancie
|-crit|p1a: Diancie
|-damage|p1a: Diancie|0 fnt
|faint|p1a: Diancie
|
|upkeep
|choice|switch 4|
|
|switch|p1a: Alomomola|Alomomola, M|316\/534 brn
|turn|38
|choice|move toxic|move taunt
|
|move|p2a: Banette|Taunt|p1a: Alomomola
|-start|p1a: Alomomola|move: Taunt
|cant|p1a: Alomomola|move: Taunt|Toxic
|
|-heal|p1a: Alomomola|349\/534 brn|[from] item: Leftovers
|-damage|p1a: Alomomola|283\/534 brn|[from] brn
|upkeep
|turn|39
|-message|DysoV forfeited.
|
|win|Baixst
|player|p1
|player|p2
|l|DysoV</script>
</div>
<div class="battle-log battle-log-inline"><div class="inner"><div class="battle-options"></div><div class="inner"><div class="chat"><small>DysoV joined.</small></div><div class="chat"><small>Baixst joined.</small></div><div class=""><small>Format:</small> <br><strong>RU</strong></div><div class="rated"><strong>Rated battle</strong></div><div class=""><small><em>Sleep Clause Mod:</em> Limit one foe put to sleep</small></div><div class=""><small><em>Species Clause:</em> Limit one of each Pokémon</small></div><div class=""><small><em>OHKO Clause:</em> OHKO moves are banned</small></div><div class=""><small><em>Moody Clause:</em> Moody is banned</small></div><div class=""><small><em>Evasion Moves Clause:</em> Evasion moves are banned</small></div><div class=""><small><em>Endless Battle Clause:</em> Forcing endless battles is banned</small></div><div class=""><small><em>HP Percentage Mod:</em> HP is shown in percentages</small></div><div class=""><small><em>Swagger Clause:</em> Swagger is banned</small></div><div class=""><small><em>Baton Pass Clause:</em> Limit one Baton Passer, can't pass Spe and other stats simultaneously</small></div><div class="chat battle-history"><strong>DysoV's team:</strong> <em style="color:#445566;display:block;">Delphox / Virizion / Diancie / Alomomola / Flygon / Drapion</em></div><div class="chat battle-history"><strong>Baixst's team:</strong> <em style="color:#445566;display:block;">Blastoise / Aerodactyl / Virizion / Eelektross / Delphox / Banette</em></div><div class="spacer battle-history"><br></div><div class="battle-history">Battle started between DysoV and Baixst!<br></div><div class="spacer battle-history"><br></div><div class="battle-history">Go! <strong>Drapion</strong>!<br></div><div class="spacer battle-history"><br></div><div class="battle-history">Baixst sent out <strong>Virizion</strong>!<br></div><div class="spacer battle-history"><br></div><h2 class="battle-history">Turn 1</h2><div class="spacer battle-history"><br></div><div class="battle-history">The opposing Virizion used <strong>Close Combat</strong>!<br></div><div class="battle-history"><small>(Drapion lost <abbr title="−177/343">51.6%</abbr> of its health!)</small><br></div><div class="battle-history"><small>The opposing Virizion's Defense fell!</small><br></div><div class="battle-history"><small>The opposing Virizion's Special Defense fell!</small><br></div><div class="spacer battle-history"><br></div><div class="battle-history">Drapion used <strong>Knock Off</strong>!<br></div><div class="battle-history"><small>It's not very effective...</small><br></div><div class="battle-history"><small>(The opposing Virizion lost <abbr title="−109/324">33.6%</abbr> of its health!)</small><br></div><div class="battle-history"><small>[The opposing Virizion's Justified]</small><br></div><div class="battle-history"><small>The opposing Virizion's Attack rose!</small><br></div><div class="battle-history"><small>Drapion knocked off the opposing Virizion's Choice Scarf!</small><br></div><div class="spacer battle-history"><br></div><div class="battle-history"><small>Drapion restored a little HP using its Black Sludge!</small><br></div><div class="spacer battle-history"><br></div><h2 class="battle-history">Turn 2</h2><div class="spacer battle-history"><br></div><div class="battle-history">The opposing Virizion used <strong>Close Combat</strong>!<br></div><div class="battle-history"><small>(Drapion lost <abbr title="−187/343">54.5%</abbr> of its health!)</small><br></div><div class="battle-history"><small>The opposing Virizion's Defense fell!</small><br></div><div class="battle-history"><small>The opposing Virizion's Special Defense fell!</small><br></div><div class="spacer battle-history"><br></div><div class="battle-history">Drapion fainted!<br></div><div class="spacer battle-history"><br></div><div class="battle-history">Go! Giuà (<strong>Delphox</strong>)!<br></div><div class="spacer battle-history"><br></div><h2 class="battle-history">Turn 3</h2><div class="spacer battle-history"><br></div><div class="battle-history">Baixst withdrew Virizion!<br></div><div class="battle-history">Baixst sent out <strong>Blastoise</strong>!<br></div><div class="spacer battle-history"><br></div><div class="battle-history">Giuà used <strong>Psychic</strong>!<br></div><div class="battle-history"><small>(The opposing Blastoise lost <abbr title="−123/299">41.1%</abbr> of its health!)</small><br></div><div class="spacer battle-history"><br></div><div class="battle-history"><small>The opposing Blastoise restored a little HP using its Leftovers!</small><br></div><div class="spacer battle-history"><br></div><h2 class="battle-history">Turn 4</h2><div class="spacer battle-history"><br></div><div class="battle-history">Giuà, come back!<br></div><div class="battle-history">Go! <strong>Alomomola</strong>!<br></div><div class="spacer battle-history"><br></div><div class="battle-history">The opposing Blastoise used <strong>Scald</strong>!<br></div><div class="battle-history"><small>It's not very effective...</small><br></div><div class="battle-history"><small>(Alomomola lost <abbr title="−54/534">10.1%</abbr> of its health!)</small><br></div><div class="battle-history"><small>Alomomola was burned!</small><br></div><div class="spacer battle-history"><br></div><div class="battle-history"><small>The opposing Blastoise restored a little HP using its Leftovers!</small><br></div><div class="battle-history"><small>Alomomola restored a little HP using its Leftovers!</small><br></div><div class="battle-history"><small>Alomomola was hurt by its burn!</small><br></div><div class="spacer battle-history"><br></div><h2 class="battle-history">Turn 5</h2><div class="spacer battle-history"><br></div><div class="battle-history">Baixst withdrew Blastoise!<br></div><div class="battle-history">Baixst sent out <strong>Virizion</strong>!<br></div><div class="spacer battle-history"><br></div><div class="battle-history">Alomomola used <strong>Toxic</strong>!<br></div><div class="battle-history"><small>The opposing Virizion was badly poisoned!</small><br></div><div class="spacer battle-history"><br></div><div class="battle-history"><small>Alomomola restored a little HP using its Leftovers!</small><br></div><div class="battle-history"><small>The opposing Virizion was hurt by poison!</small><br></div><div class="battle-history"><small>Alomomola was hurt by its burn!</small><br></div><div class="spacer battle-history"><br></div><h2 class="battle-history">Turn 6</h2><div class="spacer battle-history"><br></div><div class="battle-history">Alomomola used <strong>Protect</strong>!<br></div><div class="battle-history"><small>Alomomola protected itself!</small><br></div><div class="spacer battle-history"><br></div><div class="battle-history">The opposing Virizion used <strong>Leaf Blade</strong>!<br></div><div class="battle-history"><small>Alomomola protected itself!</small><br></div><div class="spacer battle-history"><br></div><div class="battle-history"><small>Alomomola restored a little HP using its Leftovers!</small><br></div><div class="battle-history"><small>The opposing Virizion was hurt by poison!</small><br></div><div class="battle-history"><small>Alomomola was hurt by its burn!</small><br></div><div class="spacer battle-history"><br></div><h2 class="battle-history">Turn 7</h2><div class="spacer battle-history"><br></div><div class="battle-history">Baixst withdrew Virizion!<br></div><div class="battle-history">Baixst sent out <strong>Eelektross</strong>!<br></div><div class="spacer battle-history"><br></div><div class="battle-history">Alomomola, come back!<br></div><div class="battle-history">Go! <strong>Flygon</strong>!<br></div><div class="spacer battle-history"><br></div><h2 class="battle-history">Turn 8</h2><div class="spacer battle-history"><br></div><div class="battle-history">Flygon used <strong>U-turn</strong>!<br></div><div class="battle-history"><small>A critical hit!</small><br></div><div class="battle-history"><small>(The opposing Eelektross lost <abbr title="−100/343">29.2%</abbr> of its health!)</small><br></div><div class="spacer battle-history"><br></div><div class="battle-history">Flygon went back to DysoV!<br></div><div class="battle-history">Go! Giuà (<strong>Delphox</strong>)!<br></div><div class="spacer battle-history"><br></div><div class="battle-history">The opposing Eelektross used <strong>Acid Spray</strong>!<br></div><div class="battle-history"><small>(Giuà lost <abbr title="−45/291">15.5%</abbr> of its health!)</small><br></div><div class="battle-history"><small>Giuà's Special Defense fell harshly!</small><br></div><div class="spacer battle-history"><br></div><div class="battle-history"><small>The opposing Eelektross restored a little HP using its Leftovers!</small><br></div><div class="spacer battle-history"><br></div><h2 class="battle-history">Turn 9</h2><div class="spacer battle-history"><br></div><div class="battle-history">Giuà used <strong>Fire Blast</strong>!<br></div><div class="battle-history"><small>The opposing Eelektross avoided the attack!</small><br></div><div class="spacer battle-history"><br></div><div class="battle-history">The opposing Eelektross used <strong>Thunderbolt</strong>!<br></div><div class="battle-history"><small>(Giuà lost <abbr title="−246/291">84.5%</abbr> of its health!)</small><br></div><div class="spacer battle-history"><br></div><div class="battle-history">Giuà fainted!<br></div><div class="spacer battle-history"><br></div><div class="battle-history"><small>The opposing Eelektross restored a little HP using its Leftovers!</small><br></div><div class="spacer battle-history"><br></div><div class="battle-history">Go! <strong>Alomomola</strong>!<br></div><div class="spacer battle-history"><br></div><h2 class="battle-history">Turn 10</h2><div class="spacer battle-history"><br></div><div class="battle-history">Baixst withdrew Eelektross!<br></div><div class="battle-history">Baixst sent out <strong>Virizion</strong>!<br></div><div class="spacer battle-history"><br></div><div class="battle-history">Alomomola used <strong>Protect</strong>!<br></div><div class="battle-history"><small>But it failed!</small><br></div><div class="spacer battle-history"><br></div><div class="battle-history"><small>The opposing Virizion was hurt by poison!</small><br></div><div class="battle-history"><small>Alomomola was hurt by its burn!</small><br></div><div class="spacer battle-history"><br></div><h2 class="battle-history">Turn 11</h2><div class="spacer battle-history"><br></div><div class="battle-history">Alomomola used <strong>Protect</strong>!<br></div><div class="battle-history"><small>Alomomola protected itself!</small><br></div><div class="spacer battle-history"><br></div><div class="battle-history">The opposing Virizion used <strong>Leaf Blade</strong>!<br></div><div class="battle-history"><small>Alomomola protected itself!</small><br></div><div class="spacer battle-history"><br></div><div class="battle-history"><small>Alomomola restored a little HP using its Leftovers!</small><br></div><div class="battle-history"><small>The opposing Virizion was hurt by poison!</small><br></div><div class="battle-history"><small>Alomomola was hurt by its burn!</small><br></div><div class="spacer battle-history"><br></div><h2 class="battle-history">Turn 12</h2><div class="spacer battle-history"><br></div><div class="battle-history">Alomomola, come back!<br></div><div class="battle-history">Go! <strong>Flygon</strong>!<br></div><div class="spacer battle-history"><br></div><div class="battle-history">The opposing Virizion used <strong>Leaf Blade</strong>!<br></div><div class="battle-history"><small>(Flygon lost <abbr title="−159/329">48.3%</abbr> of its health!)</small><br></div><div class="spacer battle-history"><br></div><div class="battle-history"><small>Flygon restored a little HP using its Leftovers!</small><br></div><div class="battle-history"><small>The opposing Virizion was hurt by poison!</small><br></div><div class="spacer battle-history"><br></div><h2 class="battle-history">Turn 13</h2><div class="spacer battle-history"><br></div><div class="battle-history">Flygon used <strong>Roost</strong>!<br></div><div class="battle-history"><small>Flygon restored its HP.</small><br></div><div class="spacer battle-history"><br></div><div class="battle-history">The opposing Virizion used <strong>Close Combat</strong>!<br></div><div class="battle-history"><small>(Flygon lost <abbr title="−219/329">66.6%</abbr> of its health!)</small><br></div><div class="battle-history"><small>The opposing Virizion's Defense fell!</small><br></div><div class="battle-history"><small>The opposing Virizion's Special Defense fell!</small><br></div><div class="spacer battle-history"><br></div><div class="battle-history"><small>Flygon restored a little HP using its Leftovers!</small><br></div><div class="battle-history"><small>The opposing Virizion was hurt by poison!</small><br></div><div class="spacer battle-history"><br></div><div class="battle-history">The opposing Virizion fainted!<br></div><div class="spacer battle-history"><br></div><div class="battle-history">Baixst sent out <strong>Blastoise</strong>!<br></div><div class="spacer battle-history"><br></div><h2 class="battle-history">Turn 14</h2><div class="spacer battle-history"><br></div><div class="battle-history">Flygon used <strong>Roost</strong>!<br></div><div class="battle-history"><small>Flygon restored its HP.</small><br></div><div class="spacer battle-history"><br></div><div class="battle-history">The opposing Blastoise used <strong>Scald</strong>!<br></div><div class="battle-history"><small>(Flygon lost <abbr title="−117/329">35.6%</abbr> of its health!)</small><br></div><div class="spacer battle-history"><br></div><div class="battle-history"><small>Flygon restored a little HP using its Leftovers!</small><br></div><div class="battle-history"><small>The opposing Blastoise restored a little HP using its Leftovers!</small><br></div><div class="spacer battle-history"><br></div><h2 class="battle-history">Turn 15</h2><div class="spacer battle-history"><br></div><div class="battle-history">Flygon used <strong>U-turn</strong>!<br></div><div class="battle-history"><small>(The opposing Blastoise lost <abbr title="−50/299">16.7%</abbr> of its health!)</small><br></div><div class="spacer battle-history"><br></div><div class="battle-history">Flygon went back to DysoV!<br></div><div class="battle-history">Go! <strong>Virizion</strong>!<br></div><div class="spacer battle-history"><br></div><div class="battle-history">The opposing Blastoise used <strong>Ice Beam</strong>!<br></div><div class="battle-history"><small>It's super effective!</small><br></div><div class="battle-history"><small>(Virizion lost <abbr title="−104/323">32.2%</abbr> of its health!)</small><br></div><div class="spacer battle-history"><br></div><div class="battle-history"><small>The opposing Blastoise restored a little HP using its Leftovers!</small><br></div><div class="spacer battle-history"><br></div><h2 class="battle-history">Turn 16</h2><div class="spacer battle-history"><br></div><div class="battle-history">Virizion used <strong>Leaf Blade</strong>!<br></div><div class="battle-history"><small>It's super effective!</small><br></div><div class="battle-history"><small>A critical hit!</small><br></div><div class="battle-history"><small>(The opposing Blastoise lost <abbr title="−198/299">66.2%</abbr> of its health!)</small><br></div><div class="battle-history"><small>Virizion lost some of its HP!</small><br></div><div class="spacer battle-history"><br></div><div class="battle-history">The opposing Blastoise fainted!<br></div><div class="spacer battle-history"><br></div><div class="battle-history">Baixst sent out <strong>Aerodactyl</strong>!<br></div><div class="spacer battle-history"><br></div><h2 class="battle-history">Turn 17</h2><div class="spacer battle-history"><br></div><div class="battle-history">Virizion, come back!<br></div><div class="battle-history">Go! <strong>Diancie</strong>!<br></div><div class="spacer battle-history"><br></div><div class="battle-history">The opposing Aerodactyl used <strong>Aerial Ace</strong>!<br></div><div class="battle-history"><small>It's not very effective...</small><br></div><div class="battle-history"><small>(Diancie lost <abbr title="−32/304">10.5%</abbr> of its health!)</small><br></div><div class="spacer battle-history"><br></div><div class="battle-history"><small>Diancie restored a little HP using its Leftovers!</small><br></div><div class="spacer battle-history"><br></div><h2 class="battle-history">Turn 18</h2><div class="spacer battle-history"><br></div><div class="battle-history">The opposing Aerodactyl used <strong>Earthquake</strong>!<br></div><div class="battle-history"><small>It's super effective!</small><br></div><div class="battle-history"><small>(Diancie lost <abbr title="−152/304">50%</abbr> of its health!)</small><br></div><div class="spacer battle-history"><br></div><div class="battle-history">Diancie used <strong>Stealth Rock</strong>!<br></div><div class="battle-history"><small>Pointed stones float in the air around the opposing team!</small><br></div><div class="spacer battle-history"><br></div><div class="battle-history"><small>Diancie restored a little HP using its Leftovers!</small><br></div><div class="spacer battle-history"><br></div><h2 class="battle-history">Turn 19</h2><div class="spacer battle-history"><br></div><div class="battle-history">Baixst withdrew Aerodactyl!<br></div><div class="battle-history">Baixst sent out <strong>Eelektross</strong>!<br></div><div class="battle-history"><small>Pointed stones dug into the opposing Eelektross!</small><br></div><div class="spacer battle-history"><br></div><div class="battle-history">Diancie, come back!<br></div><div class="battle-history">Go! <strong>Flygon</strong>!<br></div><div class="spacer battle-history"><br></div><div class="battle-history"><small>Flygon restored a little HP using its Leftovers!</small><br></div><div class="battle-history"><small>The opposing Eelektross restored a little HP using its Leftovers!</small><br></div><div class="spacer battle-history"><br></div><h2 class="battle-history">Turn 20</h2><div class="spacer battle-history"><br></div><div class="battle-history">Flygon used <strong>Roost</strong>!<br></div><div class="battle-history"><small>Flygon restored its HP.</small><br></div><div class="spacer battle-history"><br></div><div class="battle-history">The opposing Eelektross used <strong>Acid Spray</strong>!<br></div><div class="battle-history"><small>It's not very effective...</small><br></div><div class="battle-history"><small>(Flygon lost <abbr title="−26/329">7.9%</abbr> of its health!)</small><br></div><div class="battle-history"><small>Flygon's Special Defense fell harshly!</small><br></div><div class="spacer battle-history"><br></div><div class="battle-history"><small>Flygon restored a little HP using its Leftovers!</small><br></div><div class="battle-history"><small>The opposing Eelektross restored a little HP using its Leftovers!</small><br></div><div class="spacer battle-history"><br></div><h2 class="battle-history">Turn 21</h2><div class="spacer battle-history"><br></div><div class="battle-history">Flygon used <strong>U-turn</strong>!<br></div><div class="battle-history"><small>A critical hit!</small><br></div><div class="battle-history"><small>(The opposing Eelektross lost <abbr title="−111/343">32.4%</abbr> of its health!)</small><br></div><div class="spacer battle-history"><br></div><div class="battle-history">Flygon went back to DysoV!<br></div><div class="battle-history">Go! <strong>Diancie</strong>!<br></div><div class="spacer battle-history"><br></div><div class="battle-history">The opposing Eelektross used <strong>Flamethrower</strong>!<br></div><div class="battle-history"><small>It's not very effective...</small><br></div><div class="battle-history"><small>(Diancie lost <abbr title="−28/304">9.2%</abbr> of its health!)</small><br></div><div class="spacer battle-history"><br></div><div class="battle-history"><small>The opposing Eelektross restored a little HP using its Leftovers!</small><br></div><div class="battle-history"><small>Diancie restored a little HP using its Leftovers!</small><br></div><div class="spacer battle-history"><br></div><h2 class="battle-history">Turn 22</h2><div class="spacer battle-history"><br></div><div class="battle-history">Diancie used <strong>Diamond Storm</strong>!<br></div><div class="battle-history"><small>(The opposing Eelektross lost <abbr title="−141/343">41.1%</abbr> of its health!)</small><br></div><div class="spacer battle-history"><br></div><div class="battle-history">The opposing Eelektross used <strong>Acid Spray</strong>!<br></div><div class="battle-history"><small>(Diancie lost <abbr title="−26/304">8.6%</abbr> of its health!)</small><br></div><div class="spacer battle-history"><br></div><div class="battle-history"><small>The opposing Eelektross restored a little HP using its Leftovers!</small><br></div><div class="battle-history"><small>Diancie restored a little HP using its Leftovers!</small><br></div><div class="spacer battle-history"><br></div><h2 class="battle-history">Turn 23</h2><div class="spacer battle-history"><br></div><div class="battle-history">The opposing Eelektross used <strong>Drain Punch</strong>!<br></div><div class="battle-history"><small>(Diancie lost <abbr title="−46/304">15.1%</abbr> of its health!)</small><br></div><div class="battle-history"><small>Diancie had its energy drained!</small><br></div><div class="spacer battle-history"><br></div><div class="battle-history">Diancie used <strong>Diamond Storm</strong>!<br></div><div class="battle-history"><small>(The opposing Eelektross lost <abbr title="−98/343">28.6%</abbr> of its health!)</small><br></div><div class="battle-history"><small>Diancie's Defense rose!</small><br></div><div class="spacer battle-history"><br></div><div class="battle-history">The opposing Eelektross fainted!<br></div><div class="spacer battle-history"><br></div><div class="battle-history"><small>Diancie restored a little HP using its Leftovers!</small><br></div><div class="spacer battle-history"><br></div><div class="battle-history">Baixst sent out <strong>Delphox</strong>!<br></div><div class="battle-history"><small>Pointed stones dug into the opposing Delphox!</small><br></div><div class="spacer battle-history"><br></div><h2 class="battle-history">Turn 24</h2><div class="spacer battle-history"><br></div><div class="battle-history">Diancie, come back!<br></div><div class="battle-history">Go! <strong>Alomomola</strong>!<br></div><div class="spacer battle-history"><br></div><div class="battle-history">The opposing Delphox used <strong>Psychic</strong>!<br></div><div class="battle-history"><small>(Alomomola lost <abbr title="−198/534">37.1%</abbr> of its health!)</small><br></div><div class="battle-history"><small>Alomomola's Special Defense fell!</small><br></div><div class="spacer battle-history"><br></div><div class="battle-history"><small>Alomomola restored a little HP using its Leftovers!</small><br></div><div class="battle-history"><small>Alomomola was hurt by its burn!</small><br></div><div class="spacer battle-history"><br></div><h2 class="battle-history">Turn 25</h2><div class="spacer battle-history"><br></div><div class="battle-history">Baixst withdrew Delphox!<br></div><div class="battle-history">Baixst sent out <strong>Banette</strong>!<br></div><div class="battle-history"><small>Pointed stones dug into the opposing Banette!</small><br></div><div class="spacer battle-history"><br></div><div class="battle-history">Alomomola used <strong>Wish</strong>!<br></div><div class="spacer battle-history"><br></div><div class="battle-history"><small>Alomomola restored a little HP using its Leftovers!</small><br></div><div class="battle-history"><small>Alomomola was hurt by its burn!</small><br></div><div class="spacer battle-history"><br></div><h2 class="battle-history">Turn 26</h2><div class="spacer battle-history"><br></div><div class="battle-history"><small>The opposing Banette's Banettite is reacting to Baixst's Mega Bracelet!</small><br>The opposing Banette has Mega Evolved into Mega Banette!<br></div><div class="spacer battle-history"><br></div><div class="battle-history">The opposing Banette used <strong>Taunt</strong>!<br></div><div class="battle-history"><small>Alomomola fell for the taunt!</small><br></div><div class="spacer battle-history"><br></div><div class="battle-history">Alomomola can't use Toxic after the taunt!<br></div><div class="spacer battle-history"><br></div><div class="battle-history"><small>Alomomola's wish came true!</small><br></div><div class="battle-history"><small>Alomomola was hurt by its burn!</small><br></div><div class="spacer battle-history"><br></div><h2 class="battle-history">Turn 27</h2><div class="spacer battle-history"><br></div><div class="battle-history">Alomomola, come back!<br></div><div class="battle-history">Go! <strong>Virizion</strong>!<br></div><div class="spacer battle-history"><br></div><div class="battle-history">The opposing Banette used <strong>Shadow Claw</strong>!<br></div><div class="battle-history"><small>(Virizion lost <abbr title="−187/323">57.9%</abbr> of its health!)</small><br></div><div class="spacer battle-history"><br></div><div class="battle-history">Virizion fainted!<br></div><div class="spacer battle-history"><br></div><div class="battle-history">Go! <strong>Flygon</strong>!<br></div><div class="spacer battle-history"><br></div><h2 class="battle-history">Turn 28</h2><div class="spacer battle-history"><br></div><div class="battle-history">The opposing Banette used <strong>Will-O-Wisp</strong>!<br></div><div class="battle-history"><small>Flygon was burned!</small><br></div><div class="spacer battle-history"><br></div><div class="battle-history">Flygon used <strong>Earthquake</strong>!<br></div><div class="battle-history"><small>(The opposing Banette lost <abbr title="−90/332">27.1%</abbr> of its health!)</small><br></div><div class="spacer battle-history"><br></div><div class="battle-history"><small>Flygon restored a little HP using its Leftovers!</small><br></div><div class="battle-history"><small>Flygon was hurt by its burn!</small><br></div><div class="spacer battle-history"><br></div><h2 class="battle-history">Turn 29</h2><div class="spacer battle-history"><br></div><div class="battle-history">The opposing Banette used <strong>Taunt</strong>!<br></div><div class="battle-history"><small>Flygon fell for the taunt!</small><br></div><div class="spacer battle-history"><br></div><div class="battle-history">Flygon used <strong>U-turn</strong>!<br></div><div class="battle-history"><small>It's not very effective...</small><br></div><div class="battle-history"><small>(The opposing Banette lost <abbr title="−20/332">6.0%</abbr> of its health!)</small><br></div><div class="spacer battle-history"><br></div><div class="battle-history">Flygon went back to DysoV!<br></div><div class="battle-history">Go! <strong>Alomomola</strong>!<br></div><div class="spacer battle-history"><br></div><div class="battle-history"><small>Alomomola was hurt by its burn!</small><br></div><div class="spacer battle-history"><br></div><h2 class="battle-history">Turn 30</h2><div class="spacer battle-history"><br></div><div class="battle-history">The opposing Banette used <strong>Taunt</strong>!<br></div><div class="battle-history"><small>Alomomola fell for the taunt!</small><br></div><div class="spacer battle-history"><br></div><div class="battle-history">Alomomola can't use Toxic after the taunt!<br></div><div class="spacer battle-history"><br></div><div class="battle-history"><small>Alomomola restored a little HP using its Leftovers!</small><br></div><div class="battle-history"><small>Alomomola was hurt by its burn!</small><br></div><div class="spacer battle-history"><br></div><h2 class="battle-history">Turn 31</h2><div class="spacer battle-history"><br></div><div class="battle-history">The opposing Banette used <strong>Shadow Claw</strong>!<br></div><div class="battle-history"><small>(Alomomola lost <abbr title="−199/534">37.3%</abbr> of its health!)</small><br></div><div class="spacer battle-history"><br></div><div class="battle-history">Alomomola used <strong>Waterfall</strong>!<br></div><div class="battle-history"><small>(The opposing Banette lost <abbr title="−46/332">13.9%</abbr> of its health!)</small><br></div><div class="spacer battle-history"><br></div><div class="battle-history"><small>Alomomola restored a little HP using its Leftovers!</small><br></div><div class="battle-history"><small>Alomomola was hurt by its burn!</small><br></div><div class="spacer battle-history"><br></div><h2 class="battle-history">Turn 32</h2><div class="spacer battle-history"><br></div><div class="battle-history">Alomomola, come back!<br></div><div class="battle-history">Go! <strong>Flygon</strong>!<br></div><div class="spacer battle-history"><br></div><div class="battle-history">The opposing Banette used <strong>Shadow Claw</strong>!<br></div><div class="battle-history"><small>(Flygon lost <abbr title="−187/329">56.8%</abbr> of its health!)</small><br></div><div class="spacer battle-history"><br></div><div class="battle-history"><small>Flygon restored a little HP using its Leftovers!</small><br></div><div class="battle-history"><small>Flygon was hurt by its burn!</small><br></div><div class="spacer battle-history"><br></div><h2 class="battle-history">Turn 33</h2><div class="spacer battle-history"><br></div><div class="battle-history">Flygon used <strong>Roost</strong>!<br></div><div class="battle-history"><small>Flygon restored its HP.</small><br></div><div class="spacer battle-history"><br></div><div class="battle-history">The opposing Banette used <strong>Shadow Claw</strong>!<br></div><div class="battle-history"><small>(Flygon lost <abbr title="−205/329">62.3%</abbr> of its health!)</small><br></div><div class="spacer battle-history"><br></div><div class="battle-history"><small>Flygon restored a little HP using its Leftovers!</small><br></div><div class="battle-history"><small>Flygon was hurt by its burn!</small><br></div><div class="spacer battle-history"><br></div><h2 class="battle-history">Turn 34</h2><div class="spacer battle-history"><br></div><div class="battle-history">Flygon, come back!<br></div><div class="battle-history">Go! <strong>Alomomola</strong>!<br></div><div class="spacer battle-history"><br></div><div class="battle-history">The opposing Banette used <strong>Shadow Claw</strong>!<br></div><div class="battle-history"><small>(Alomomola lost <abbr title="−177/534">33.1%</abbr> of its health!)</small><br></div><div class="spacer battle-history"><br></div><div class="battle-history"><small>Alomomola restored a little HP using its Leftovers!</small><br></div><div class="battle-history"><small>Alomomola was hurt by its burn!</small><br></div><div class="spacer battle-history"><br></div><h2 class="battle-history">Turn 35</h2><div class="spacer battle-history"><br></div><div class="battle-history">The opposing Banette used <strong>Taunt</strong>!<br></div><div class="battle-history"><small>Alomomola fell for the taunt!</small><br></div><div class="spacer battle-history"><br></div><div class="battle-history">Alomomola can't use Wish after the taunt!<br></div><div class="spacer battle-history"><br></div><div class="battle-history"><small>Alomomola restored a little HP using its Leftovers!</small><br></div><div class="battle-history"><small>Alomomola was hurt by its burn!</small><br></div><div class="spacer battle-history"><br></div><h2 class="battle-history">Turn 36</h2><div class="spacer battle-history"><br></div><div class="battle-history">Alomomola, come back!<br></div><div class="battle-history">Go! <strong>Diancie</strong>!<br></div><div class="spacer battle-history"><br></div><div class="battle-history">The opposing Banette used <strong>Shadow Claw</strong>!<br></div><div class="battle-history"><small>(Diancie lost <abbr title="−105/304">34.5%</abbr> of its health!)</small><br></div><div class="spacer battle-history"><br></div><div class="battle-history"><small>Diancie restored a little HP using its Leftovers!</small><br></div><div class="spacer battle-history"><br></div><h2 class="battle-history">Turn 37</h2><div class="spacer battle-history"><br></div><div class="battle-history">The opposing Banette used <strong>Shadow Claw</strong>!<br></div><div class="battle-history"><small>A critical hit!</small><br></div><div class="battle-history"><small>(Diancie lost <abbr title="−29/304">9.5%</abbr> of its health!)</small><br></div><div class="spacer battle-history"><br></div><div class="battle-history">Diancie fainted!<br></div><div class="spacer battle-history"><br></div><div class="battle-history">Go! <strong>Alomomola</strong>!<br></div><div class="spacer battle-history"><br></div><h2 class="battle-history">Turn 38</h2><div class="spacer battle-history"><br></div><div class="battle-history">The opposing Banette used <strong>Taunt</strong>!<br></div><div class="battle-history"><small>Alomomola fell for the taunt!</small><br></div><div class="spacer battle-history"><br></div><div class="battle-history">Alomomola can't use Toxic after the taunt!<br></div><div class="spacer battle-history"><br></div><div class="battle-history"><small>Alomomola restored a little HP using its Leftovers!</small><br></div><div class="battle-history"><small>Alomomola was hurt by its burn!</small><br></div><div class="spacer battle-history"><br></div><h2 class="battle-history">Turn 39</h2><div class="spacer battle-history"><br></div><div class="battle-history"><small>DysoV forfeited.</small><br></div><div class="spacer battle-history"><br></div><div class="battle-history"><strong>Baixst</strong> won the battle!<br></div><div class="chat"><small>DysoV left.</small></div></div><div class="inner-preempt"></div></div></div>
</div>
<script>
let daily = Math.floor(Date.now()/1000/60/60/24);document.write('<script src="https://play.pokemonshowdown.com/js/replay-embed.js?version'+daily+'"></'+'script>');
</script>
