<!DOCTYPE html>
<meta charset="utf-8" />
<!-- version 1 -->
<title>RU replay: Proyo345 vs. frostbaron</title>
<style>
html,body {font-family:Verdana, sans-serif;font-size:10pt;margin:0;padding:0;}body{padding:12px 0;} .battle-log {font-family:Verdana, sans-serif;font-size:10pt;} .battle-log-inline {border:1px solid #AAAAAA;background:#EEF2F5;color:black;max-width:640px;margin:0 auto 80px;padding-bottom:5px;} .battle-log .inner {padding:4px 8px 0px 8px;} .battle-log .inner-preempt {padding:0 8px 4px 8px;} .battle-log .inner-after {margin-top:0.5em;} .battle-log h2 {margin:0.5em -8px;padding:4px 8px;border:1px solid #AAAAAA;background:#E0E7EA;border-left:0;border-right:0;font-family:Verdana, sans-serif;font-size:13pt;} .battle-log .chat {vertical-align:middle;padding:3px 0 3px 0;font-size:8pt;} .battle-log .chat strong {color:#40576A;} .battle-log .chat em {padding:1px 4px 1px 3px;color:#000000;font-style:normal;} .chat.mine {background:rgba(0,0,0,0.05);margin-left:-8px;margin-right:-8px;padding-left:8px;padding-right:8px;} .spoiler {color:#BBBBBB;background:#BBBBBB;padding:0px 3px;} .spoiler:hover, .spoiler:active, .spoiler-shown {color:#000000;background:#E2E2E2;padding:0px 3px;} .spoiler a {color:#BBBBBB;} .spoiler:hover a, .spoiler:active a, .spoiler-shown a {color:#2288CC;} .chat code, .chat .spoiler:hover code, .chat .spoiler:active code, .chat .spoiler-shown code {border:1px solid #C0C0C0;background:#EEEEEE;color:black;padding:0 2px;} .chat .spoiler code {border:1px solid #CCCCCC;background:#CCCCCC;color:#CCCCCC;} .battle-log .rated {padding:3px 4px;} .battle-log .rated strong {color:white;background:#89A;padding:1px 4px;border-radius:4px;} .spacer {margin-top:0.5em;} .message-announce {background:#6688AA;color:white;padding:1px 4px 2px;} .message-announce a, .broadcast-green a, .broadcast-blue a, .broadcast-red a {color:#DDEEFF;} .broadcast-green {background-color:#559955;color:white;padding:2px 4px;} .broadcast-blue {background-color:#6688AA;color:white;padding:2px 4px;} .infobox {border:1px solid #6688AA;padding:2px 4px;} .infobox-limited {max-height:200px;overflow:auto;overflow-x:hidden;} .broadcast-red {background-color:#AA5544;color:white;padding:2px 4px;} .message-learn-canlearn {font-weight:bold;color:#228822;text-decoration:underline;} .message-learn-cannotlearn {font-weight:bold;color:#CC2222;text-decoration:underline;} .message-effect-weak {font-weight:bold;color:#CC2222;} .message-effect-resist {font-weight:bold;color:#6688AA;} .message-effect-immune {font-weight:bold;color:#666666;} .message-learn-list {margin-top:0;margin-bottom:0;} .message-throttle-notice, .message-error {color:#992222;} .message-overflow, .chat small.message-overflow {font-size:0pt;} .message-overflow::before {font-size:9pt;content:'...';} .subtle {color:#3A4A66;}
</style>
<div class="wrapper replay-wrapper" style="max-width:1180px;margin:0 auto">
<input type="hidden" name="replayid" value="ru-503569784" />
<div class="battle"></div><div class="battle-log"></div><div class="replay-controls"></div><div class="replay-controls-2"></div>
<h1 style="font-weight:normal;text-align:center"><strong>RU</strong><br /><a href="http://pokemonshowdown.com/users/proyo345" class="subtle" target="_blank">Proyo345</a> vs. <a href="http://pokemonshowdown.com/users/frostbaron" class="subtle" target="_blank">frostbaron</a></h1>
<script type="text/plain" class="battle-log-data">|j|Proyo345
|j|frostbaron
|player|p1|Proyo345|1
|player|p2|frostbaron|80
|gametype|singles
|gen|6
|tier|RU
|rated
|seed|10143,30175,29582,7000
|rule|Sleep Clause Mod: Limit one foe put to sleep
|rule|Species Clause: Limit one of each Pokémon
|rule|OHKO Clause: OHKO moves are banned
|rule|Moody Clause: Moody is banned
|rule|Evasion Moves Clause: Evasion moves are banned
|rule|Endless Battle Clause: Forcing endless battles is banned
|rule|HP Percentage Mod: HP is shown in percentages
|clearpoke
|poke|p1|Glalie, F, shiny|item
|poke|p1|Meloetta|item
|poke|p1|Exploud, F|item
|poke|p1|Clawitzer, M, shiny|item
|poke|p1|Eelektross, F|item
|poke|p1|Accelgor, M, shiny|item
|poke|p2|Clawitzer, M|item
|poke|p2|Druddigon, F|item
|poke|p2|Sigilyph, F|item
|poke|p2|Magneton|item
|poke|p2|Slowking, M|item
|poke|p2|Gallade, M|item
|rule|Swagger Clause: Swagger is banned
|rule|Baton Pass Clause: Limit one Baton Passer, can't pass Spe and other stats simultaneously
|teampreview
|choice|team 5, team 2, team 3, team 4, team 1, team 6|team 2, team 1, team 3, team 4, team 5, team 6
|
|start
|switch|p1a: Eelektross|Eelektross, F|374\/374
|switch|p2a: Drasna|Druddigon, F|358\/358
|turn|1
|choice|move dragonclaw|move dragontail
|
|move|p1a: Eelektross|Dragon Claw|p2a: Drasna
|-supereffective|p2a: Drasna
|-damage|p2a: Drasna|66\/358
|-damage|p1a: Eelektross|328\/374|[from] ability: Rough Skin|[of] p2a: Drasna
|-damage|p1a: Eelektross|266\/374|[from] item: Rocky Helmet|[of] p2a: Drasna
|move|p2a: Drasna|Dragon Tail|p1a: Eelektross|[miss]
|-miss|p2a: Drasna|p1a: Eelektross
|
|upkeep
|turn|2
|choice|move dragonclaw|move suckerpunch
|
|move|p2a: Drasna|Sucker Punch|p1a: Eelektross
|-damage|p1a: Eelektross|140\/374
|move|p1a: Eelektross|Dragon Claw|p2a: Drasna
|-supereffective|p2a: Drasna
|-damage|p2a: Drasna|0 fnt
|-damage|p1a: Eelektross|94\/374|[from] ability: Rough Skin|[of] p2a: Drasna
|-damage|p1a: Eelektross|32\/374|[from] item: Rocky Helmet|[of] p2a: Drasna
|faint|p2a: Drasna
|
|upkeep
|choice||switch 6
|
|switch|p2a: Diantha|Gallade, M|340\/340
|turn|3
|choice|move dragonclaw|move knockoff
|
|move|p2a: Diantha|Knock Off|p1a: Eelektross
|-damage|p1a: Eelektross|0 fnt
|-enditem|p1a: Eelektross|Choice Band|[from] move: Knock Off|[of] p2a: Diantha
|faint|p1a: Eelektross
|
|upkeep
|choice|switch 2|
|
|switch|p1a: Meloetta|Meloetta|404\/404
|turn|4
|choice|move relicsong|move knockoff
|
|move|p1a: Meloetta|Relic Song|p2a: Diantha
|-enditem|p1a: Meloetta|Normal Gem|[from] gem|[move] Relic Song
|-damage|p2a: Diantha|222\/340
|-formechange|p1a: Meloetta|Meloetta-Pirouette|[msg]
|move|p2a: Diantha|Knock Off|p1a: Meloetta
|-resisted|p1a: Meloetta
|-damage|p1a: Meloetta|354\/404
|
|-heal|p2a: Diantha|243\/340|[from] item: Leftovers
|upkeep
|turn|5
|choice|move acrobatics|move psychocut
|
|move|p1a: Meloetta|Acrobatics|p2a: Diantha
|-supereffective|p2a: Diantha
|-damage|p2a: Diantha|0 fnt
|faint|p2a: Diantha
|
|upkeep
|choice||switch 3
|
|switch|p2a: AZ|Sigilyph, F|348\/348
|turn|6
|choice|move knockoff|move roost
|
|move|p1a: Meloetta|Knock Off|p2a: AZ
|-supereffective|p2a: AZ
|-damage|p2a: AZ|126\/348
|-enditem|p2a: AZ|Flame Orb|[from] move: Knock Off|[of] p1a: Meloetta
|move|p2a: AZ|Roost|p2a: AZ
|-heal|p2a: AZ|300\/348
|
|upkeep
|turn|7
|choice|move acrobatics|move storedpower
|
|move|p1a: Meloetta|Acrobatics|p2a: AZ
|-damage|p2a: AZ|183\/348
|move|p2a: AZ|Stored Power|p1a: Meloetta
|-supereffective|p1a: Meloetta
|-damage|p1a: Meloetta|288\/404
|
|upkeep
|turn|8
|choice|move knockoff|move roost
|
|move|p1a: Meloetta|Knock Off|p2a: AZ
|-supereffective|p2a: AZ
|-damage|p2a: AZ|49\/348
|move|p2a: AZ|Roost|p2a: AZ
|-heal|p2a: AZ|223\/348
|
|upkeep
|turn|9
|choice|switch 4|move roost
|
|switch|p1a: Clawitzer|Clawitzer, M, shiny|346\/346
|move|p2a: AZ|Roost|p2a: AZ
|-heal|p2a: AZ|348\/348
|
|upkeep
|turn|10
|choice|move icebeam|switch 2
|
|switch|p2a: Siebold|Clawitzer, M|346\/346
|move|p1a: Clawitzer|Ice Beam|p2a: Siebold
|-resisted|p2a: Siebold
|-damage|p2a: Siebold|290\/346
|
|upkeep
|turn|11
|choice|move darkpulse|move dragonpulse
|
|move|p1a: Clawitzer|Dark Pulse|p2a: Siebold
|-damage|p2a: Siebold|122\/346
|move|p2a: Siebold|Dragon Pulse|p1a: Clawitzer
|-damage|p1a: Clawitzer|234\/346
|
|upkeep
|turn|12
|choice|move darkpulse|move darkpulse
|
|move|p2a: Siebold|Dark Pulse|p1a: Clawitzer
|-damage|p1a: Clawitzer|128\/346
|move|p1a: Clawitzer|Dark Pulse|p2a: Siebold
|-damage|p2a: Siebold|0 fnt
|faint|p2a: Siebold
|
|upkeep
|choice||switch 4
|
|switch|p2a: Clemont|Magneton|303\/303
|turn|13
|choice|move aurasphere|move thunderbolt
|
|move|p2a: Clemont|Thunderbolt|p1a: Clawitzer
|-supereffective|p1a: Clawitzer
|-damage|p1a: Clawitzer|0 fnt
|faint|p1a: Clawitzer
|
|upkeep
|choice|switch 3|
|
|switch|p1a: Exploud|Exploud, F|376\/376
|turn|14
|choice|move flamethrower|switch 5
|
|switch|p2a: Olympia|Slowking, M|394\/394
|move|p1a: Exploud|Flamethrower|p2a: Olympia
|-resisted|p2a: Olympia
|-damage|p2a: Olympia|354\/394
|
|-heal|p2a: Olympia|378\/394|[from] item: Leftovers
|upkeep
|turn|15
|choice|switch 6|move scald
|
|switch|p1a: Accelgor|Accelgor, M, shiny|301\/301
|move|p2a: Olympia|Scald|p1a: Accelgor
|-damage|p1a: Accelgor|151\/301
|-status|p1a: Accelgor|brn
|
|-heal|p2a: Olympia|394\/394|[from] item: Leftovers
|-damage|p1a: Accelgor|114\/301 brn|[from] brn
|upkeep
|turn|16
|choice|move bugbuzz|switch 2
|
|switch|p2a: AZ|Sigilyph, F|348\/348
|move|p1a: Accelgor|Bug Buzz|p2a: AZ
|-damage|p2a: AZ|156\/348
|
|-damage|p1a: Accelgor|77\/301 brn|[from] brn
|upkeep
|turn|17
|choice|move bugbuzz|move roost
|
|move|p1a: Accelgor|Bug Buzz|p2a: AZ
|-damage|p2a: AZ|0 fnt
|faint|p2a: AZ
|
|-damage|p1a: Accelgor|40\/301 brn|[from] brn
|upkeep
|choice||switch 5
|
|switch|p2a: Clemont|Magneton|303\/303
|turn|18
|choice|move hyperbeam|move triattack
|
|move|p1a: Accelgor|Hyper Beam|p2a: Clemont
|-resisted|p2a: Clemont
|-damage|p2a: Clemont|234\/303
|move|p2a: Clemont|Tri Attack|p1a: Accelgor
|-damage|p1a: Accelgor|0 fnt
|faint|p1a: Accelgor
|
|upkeep
|choice|switch 4|
|
|switch|p1a: Meloetta|Meloetta|288\/404
|turn|19
|choice|move relicsong|move triattack
|
|move|p1a: Meloetta|Relic Song|p2a: Clemont
|-resisted|p2a: Clemont
|-damage|p2a: Clemont|182\/303
|-formechange|p1a: Meloetta|Meloetta-Pirouette|[msg]
|move|p2a: Clemont|Tri Attack|p1a: Meloetta
|-damage|p1a: Meloetta|134\/404
|-status|p1a: Meloetta|par
|
|upkeep
|turn|20
|choice|move closecombat|move triattack
|
|move|p2a: Clemont|Tri Attack|p1a: Meloetta
|-damage|p1a: Meloetta|3\/404 par
|move|p1a: Meloetta|Close Combat|p2a: Clemont
|-supereffective|p2a: Clemont
|-crit|p2a: Clemont
|-damage|p2a: Clemont|0 fnt
|-unboost|p1a: Meloetta|def|1
|-unboost|p1a: Meloetta|spd|1
|faint|p2a: Clemont
|
|upkeep
|choice||switch 2
|
|switch|p2a: Olympia|Slowking, M|394\/394
|turn|21
|choice|move knockoff|move scald
|
|move|p2a: Olympia|Scald|p1a: Meloetta
|-damage|p1a: Meloetta|0 fnt
|faint|p1a: Meloetta
|
|upkeep
|choice|switch 6|
|
|switch|p1a: Exploud|Exploud, F|376\/376
|turn|22
|choice|move boomburst|move scald
|
|move|p1a: Exploud|Boomburst|p2a: Olympia
|-damage|p2a: Olympia|211\/394
|move|p2a: Olympia|Scald|p1a: Exploud
|-damage|p1a: Exploud|249\/376
|-status|p1a: Exploud|brn
|
|-heal|p2a: Olympia|235\/394|[from] item: Leftovers
|-damage|p1a: Exploud|202\/376 brn|[from] brn
|upkeep
|turn|23
|choice|move boomburst|move slackoff
|
|move|p1a: Exploud|Boomburst|p2a: Olympia
|-damage|p2a: Olympia|49\/394
|move|p2a: Olympia|Slack Off|p2a: Olympia
|-heal|p2a: Olympia|246\/394
|
|-heal|p2a: Olympia|270\/394|[from] item: Leftovers
|-damage|p1a: Exploud|155\/376 brn|[from] brn
|upkeep
|turn|24
|choice|move boomburst|move slackoff
|
|move|p1a: Exploud|Boomburst|p2a: Olympia
|-damage|p2a: Olympia|87\/394
|move|p2a: Olympia|Slack Off|p2a: Olympia
|-heal|p2a: Olympia|284\/394
|
|-heal|p2a: Olympia|308\/394|[from] item: Leftovers
|-damage|p1a: Exploud|108\/376 brn|[from] brn
|upkeep
|turn|25
|choice|move boomburst|move slackoff
|
|move|p1a: Exploud|Boomburst|p2a: Olympia
|-damage|p2a: Olympia|97\/394
|move|p2a: Olympia|Slack Off|p2a: Olympia
|-heal|p2a: Olympia|294\/394
|
|-heal|p2a: Olympia|318\/394|[from] item: Leftovers
|-damage|p1a: Exploud|61\/376 brn|[from] brn
|upkeep
|turn|26
|choice|move boomburst|move slackoff
|
|move|p1a: Exploud|Boomburst|p2a: Olympia
|-damage|p2a: Olympia|137\/394
|move|p2a: Olympia|Slack Off|p2a: Olympia
|-heal|p2a: Olympia|334\/394
|
|-heal|p2a: Olympia|358\/394|[from] item: Leftovers
|-damage|p1a: Exploud|14\/376 brn|[from] brn
|upkeep
|turn|27
|choice|move boomburst|move slackoff
|
|move|p1a: Exploud|Boomburst|p2a: Olympia
|-damage|p2a: Olympia|171\/394
|move|p2a: Olympia|Slack Off|p2a: Olympia
|-heal|p2a: Olympia|368\/394
|
|-heal|p2a: Olympia|392\/394|[from] item: Leftovers
|-damage|p1a: Exploud|0 fnt|[from] brn
|upkeep
|faint|p1a: Exploud
|c|★Proyo345|well then
|choice|switch 5|
|
|switch|p1a: Glalie|Glalie, F, shiny|301\/301
|turn|28
|choice|move earthquake mega|move flamethrower
|
|detailschange|p1a: Glalie|Glalie-Mega, F, shiny
|-mega|p1a: Glalie|Glalie|Glalitite
|move|p1a: Glalie|Earthquake|p2a: Olympia
|-damage|p2a: Olympia|301\/394
|move|p2a: Olympia|Flamethrower|p1a: Glalie
|-supereffective|p1a: Glalie
|-crit|p1a: Glalie
|-damage|p1a: Glalie|51\/301
|-status|p1a: Glalie|brn
|
|-heal|p2a: Olympia|325\/394|[from] item: Leftovers
|-damage|p1a: Glalie|14\/301 brn|[from] brn
|upkeep
|turn|29
|choice|move explosion|move slackoff
|
|move|p1a: Glalie|Explosion|p2a: Olympia
|-resisted|p2a: Olympia
|-damage|p2a: Olympia|226\/394
|faint|p1a: Glalie
|
|win|frostbaron
|player|p1
|player|p2
|c|★frostbaron|gg
|l|Proyo345</script>
</div>
<div class="battle-log battle-log-inline"><div class="inner"><div class="battle-options"></div><div class="inner"><div class="chat"><small>Proyo345 joined.</small></div><div class="chat"><small>frostbaron joined.</small></div><div class=""><small>Format:</small> <br><strong>RU</strong></div><div class="rated"><strong>Rated battle</strong></div><div class=""><small><em>Sleep Clause Mod:</em> Limit one foe put to sleep</small></div><div class=""><small><em>Species Clause:</em> Limit one of each Pokémon</small></div><div class=""><small><em>OHKO Clause:</em> OHKO moves are banned</small></div><div class=""><small><em>Moody Clause:</em> Moody is banned</small></div><div class=""><small><em>Evasion Moves Clause:</em> Evasion moves are banned</small></div><div class=""><small><em>Endless Battle Clause:</em> Forcing endless battles is banned</small></div><div class=""><small><em>HP Percentage Mod:</em> HP is shown in percentages</small></div><div class=""><small><em>Swagger Clause:</em> Swagger is banned</small></div><div class=""><small><em>Baton Pass Clause:</em> Limit one Baton Passer, can't pass Spe and other stats simultaneously</small></div><div class="chat battle-history"><strong>Proyo345's team:</strong> <em style="color:#445566;display:block;">Glalie / Meloetta / Exploud / Clawitzer / Eelektross / Accelgor</em></div><div class="chat battle-history"><strong>frostbaron's team:</strong> <em style="color:#445566;display:block;">Clawitzer / Druddigon / Sigilyph / Magneton / Slowking / Gallade</em></div><div class="spacer battle-history"><br></div><div class="battle-history">Battle started between Proyo345 and frostbaron!<br></div><div class="spacer battle-history"><br></div><div class="battle-history">Go! <strong>Eelektross</strong>!<br></div><div class="spacer battle-history"><br></div><div class="battle-history">frostbaron sent out Drasna (<strong>Druddigon</strong>)!<br></div><div class="spacer battle-history"><br></div><h2 class="battle-history">Turn 1</h2><div class="spacer battle-history"><br></div><div class="battle-history">Eelektross used <strong>Dragon Claw</strong>!<br></div><div class="battle-history"><small>It's super effective!</small><br></div><div class="battle-history"><small>(The opposing Drasna lost <abbr title="−292/358">81.6%</abbr> of its health!)</small><br></div><div class="battle-history"><small>[The opposing Drasna's Rough Skin]</small><br><small>Eelektross was hurt!</small><br></div><div class="battle-history"><small>Eelektross was hurt by the Rocky Helmet!</small><br></div><div class="spacer battle-history"><br></div><div class="battle-history">The opposing Drasna used <strong>Dragon Tail</strong>!<br></div><div class="battle-history"><small>Eelektross avoided the attack!</small><br></div><div class="spacer battle-history"><br></div><h2 class="battle-history">Turn 2</h2><div class="spacer battle-history"><br></div><div class="battle-history">The opposing Drasna used <strong>Sucker Punch</strong>!<br></div><div class="battle-history"><small>(Eelektross lost <abbr title="−126/374">33.7%</abbr> of its health!)</small><br></div><div class="spacer battle-history"><br></div><div class="battle-history">Eelektross used <strong>Dragon Claw</strong>!<br></div><div class="battle-history"><small>It's super effective!</small><br></div><div class="battle-history"><small>(The opposing Drasna lost <abbr title="−66/358">18.4%</abbr> of its health!)</small><br></div><div class="battle-history"><small>[The opposing Drasna's Rough Skin]</small><br><small>Eelektross was hurt!</small><br></div><div class="battle-history"><small>Eelektross was hurt by the Rocky Helmet!</small><br></div><div class="spacer battle-history"><br></div><div class="battle-history">The opposing Drasna fainted!<br></div><div class="spacer battle-history"><br></div><div class="battle-history">frostbaron sent out Diantha (<strong>Gallade</strong>)!<br></div><div class="spacer battle-history"><br></div><h2 class="battle-history">Turn 3</h2><div class="spacer battle-history"><br></div><div class="battle-history">The opposing Diantha used <strong>Knock Off</strong>!<br></div><div class="battle-history"><small>(Eelektross lost <abbr title="−32/374">8.6%</abbr> of its health!)</small><br></div><div class="battle-history"><small>The opposing Diantha knocked off Eelektross's Choice Band!</small><br></div><div class="spacer battle-history"><br></div><div class="battle-history">Eelektross fainted!<br></div><div class="spacer battle-history"><br></div><div class="battle-history">Go! <strong>Meloetta</strong>!<br></div><div class="spacer battle-history"><br></div><h2 class="battle-history">Turn 4</h2><div class="spacer battle-history"><br></div><div class="battle-history">Meloetta used <strong>Relic Song</strong>!<br></div><div class="battle-history"><small>The Normal Gem strengthened Meloetta's power!</small><br></div><div class="battle-history"><small>(The opposing Diantha lost <abbr title="−118/340">34.7%</abbr> of its health!)</small><br></div><div class="battle-history">Meloetta transformed!<br></div><div class="spacer battle-history"><br></div><div class="battle-history">The opposing Diantha used <strong>Knock Off</strong>!<br></div><div class="battle-history"><small>It's not very effective...</small><br></div><div class="battle-history"><small>(Meloetta lost <abbr title="−50/404">12.4%</abbr> of its health!)</small><br></div><div class="spacer battle-history"><br></div><div class="battle-history"><small>The opposing Diantha restored a little HP using its Leftovers!</small><br></div><div class="spacer battle-history"><br></div><h2 class="battle-history">Turn 5</h2><div class="spacer battle-history"><br></div><div class="battle-history">Meloetta used <strong>Acrobatics</strong>!<br></div><div class="battle-history"><small>It's super effective!</small><br></div><div class="battle-history"><small>(The opposing Diantha lost <abbr title="−243/340">71.5%</abbr> of its health!)</small><br></div><div class="spacer battle-history"><br></div><div class="battle-history">The opposing Diantha fainted!<br></div><div class="spacer battle-history"><br></div><div class="battle-history">frostbaron sent out AZ (<strong>Sigilyph</strong>)!<br></div><div class="spacer battle-history"><br></div><h2 class="battle-history">Turn 6</h2><div class="spacer battle-history"><br></div><div class="battle-history">Meloetta used <strong>Knock Off</strong>!<br></div><div class="battle-history"><small>It's super effective!</small><br></div><div class="battle-history"><small>(The opposing AZ lost <abbr title="−222/348">63.8%</abbr> of its health!)</small><br></div><div class="battle-history"><small>Meloetta knocked off the opposing AZ's Flame Orb!</small><br></div><div class="spacer battle-history"><br></div><div class="battle-history">The opposing AZ used <strong>Roost</strong>!<br></div><div class="battle-history"><small>The opposing AZ restored its HP.</small><br></div><div class="spacer battle-history"><br></div><h2 class="battle-history">Turn 7</h2><div class="spacer battle-history"><br></div><div class="battle-history">Meloetta used <strong>Acrobatics</strong>!<br></div><div class="battle-history"><small>(The opposing AZ lost <abbr title="−117/348">33.6%</abbr> of its health!)</small><br></div><div class="spacer battle-history"><br></div><div class="battle-history">The opposing AZ used <strong>Stored Power</strong>!<br></div><div class="battle-history"><small>It's super effective!</small><br></div><div class="battle-history"><small>(Meloetta lost <abbr title="−66/404">16.3%</abbr> of its health!)</small><br></div><div class="spacer battle-history"><br></div><h2 class="battle-history">Turn 8</h2><div class="spacer battle-history"><br></div><div class="battle-history">Meloetta used <strong>Knock Off</strong>!<br></div><div class="battle-history"><small>It's super effective!</small><br></div><div class="battle-history"><small>(The opposing AZ lost <abbr title="−134/348">38.5%</abbr> of its health!)</small><br></div><div class="spacer battle-history"><br></div><div class="battle-history">The opposing AZ used <strong>Roost</strong>!<br></div><div class="battle-history"><small>The opposing AZ restored its HP.</small><br></div><div class="spacer battle-history"><br></div><h2 class="battle-history">Turn 9</h2><div class="spacer battle-history"><br></div><div class="battle-history">Meloetta, come back!<br></div><div class="battle-history">Go! <strong>Clawitzer</strong>!<br></div><div class="spacer battle-history"><br></div><div class="battle-history">The opposing AZ used <strong>Roost</strong>!<br></div><div class="battle-history"><small>The opposing AZ restored its HP.</small><br></div><div class="spacer battle-history"><br></div><h2 class="battle-history">Turn 10</h2><div class="spacer battle-history"><br></div><div class="battle-history">frostbaron withdrew AZ!<br></div><div class="battle-history">frostbaron sent out Siebold (<strong>Clawitzer</strong>)!<br></div><div class="spacer battle-history"><br></div><div class="battle-history">Clawitzer used <strong>Ice Beam</strong>!<br></div><div class="battle-history"><small>It's not very effective...</small><br></div><div class="battle-history"><small>(The opposing Siebold lost <abbr title="−56/346">16.2%</abbr> of its health!)</small><br></div><div class="spacer battle-history"><br></div><h2 class="battle-history">Turn 11</h2><div class="spacer battle-history"><br></div><div class="battle-history">Clawitzer used <strong>Dark Pulse</strong>!<br></div><div class="battle-history"><small>(The opposing Siebold lost <abbr title="−168/346">48.6%</abbr> of its health!)</small><br></div><div class="spacer battle-history"><br></div><div class="battle-history">The opposing Siebold used <strong>Dragon Pulse</strong>!<br></div><div class="battle-history"><small>(Clawitzer lost <abbr title="−112/346">32.4%</abbr> of its health!)</small><br></div><div class="spacer battle-history"><br></div><h2 class="battle-history">Turn 12</h2><div class="spacer battle-history"><br></div><div class="battle-history">The opposing Siebold used <strong>Dark Pulse</strong>!<br></div><div class="battle-history"><small>(Clawitzer lost <abbr title="−106/346">30.6%</abbr> of its health!)</small><br></div><div class="spacer battle-history"><br></div><div class="battle-history">Clawitzer used <strong>Dark Pulse</strong>!<br></div><div class="battle-history"><small>(The opposing Siebold lost <abbr title="−122/346">35.3%</abbr> of its health!)</small><br></div><div class="spacer battle-history"><br></div><div class="battle-history">The opposing Siebold fainted!<br></div><div class="spacer battle-history"><br></div><div class="battle-history">frostbaron sent out Clemont (<strong>Magneton</strong>)!<br></div><div class="spacer battle-history"><br></div><h2 class="battle-history">Turn 13</h2><div class="spacer battle-history"><br></div><div class="battle-history">The opposing Clemont used <strong>Thunderbolt</strong>!<br></div><div class="battle-history"><small>It's super effective!</small><br></div><div class="battle-history"><small>(Clawitzer lost <abbr title="−128/346">37.0%</abbr> of its health!)</small><br></div><div class="spacer battle-history"><br></div><div class="battle-history">Clawitzer fainted!<br></div><div class="spacer battle-history"><br></div><div class="battle-history">Go! <strong>Exploud</strong>!<br></div><div class="spacer battle-history"><br></div><h2 class="battle-history">Turn 14</h2><div class="spacer battle-history"><br></div><div class="battle-history">frostbaron withdrew Clemont!<br></div><div class="battle-history">frostbaron sent out Olympia (<strong>Slowking</strong>)!<br></div><div class="spacer battle-history"><br></div><div class="battle-history">Exploud used <strong>Flamethrower</strong>!<br></div><div class="battle-history"><small>It's not very effective...</small><br></div><div class="battle-history"><small>(The opposing Olympia lost <abbr title="−40/394">10.2%</abbr> of its health!)</small><br></div><div class="spacer battle-history"><br></div><div class="battle-history"><small>The opposing Olympia restored a little HP using its Leftovers!</small><br></div><div class="spacer battle-history"><br></div><h2 class="battle-history">Turn 15</h2><div class="spacer battle-history"><br></div><div class="battle-history">Exploud, come back!<br></div><div class="battle-history">Go! <strong>Accelgor</strong>!<br></div><div class="spacer battle-history"><br></div><div class="battle-history">The opposing Olympia used <strong>Scald</strong>!<br></div><div class="battle-history"><small>(Accelgor lost <abbr title="−150/301">49.8%</abbr> of its health!)</small><br></div><div class="battle-history"><small>Accelgor was burned!</small><br></div><div class="spacer battle-history"><br></div><div class="battle-history"><small>The opposing Olympia restored a little HP using its Leftovers!</small><br></div><div class="battle-history"><small>Accelgor was hurt by its burn!</small><br></div><div class="spacer battle-history"><br></div><h2 class="battle-history">Turn 16</h2><div class="spacer battle-history"><br></div><div class="battle-history">frostbaron withdrew Olympia!<br></div><div class="battle-history">frostbaron sent out AZ (<strong>Sigilyph</strong>)!<br></div><div class="spacer battle-history"><br></div><div class="battle-history">Accelgor used <strong>Bug Buzz</strong>!<br></div><div class="battle-history"><small>(The opposing AZ lost <abbr title="−192/348">55.2%</abbr> of its health!)</small><br></div><div class="spacer battle-history"><br></div><div class="battle-history"><small>Accelgor was hurt by its burn!</small><br></div><div class="spacer battle-history"><br></div><h2 class="battle-history">Turn 17</h2><div class="spacer battle-history"><br></div><div class="battle-history">Accelgor used <strong>Bug Buzz</strong>!<br></div><div class="battle-history"><small>(The opposing AZ lost <abbr title="−156/348">44.8%</abbr> of its health!)</small><br></div><div class="spacer battle-history"><br></div><div class="battle-history">The opposing AZ fainted!<br></div><div class="spacer battle-history"><br></div><div class="battle-history"><small>Accelgor was hurt by its burn!</small><br></div><div class="spacer battle-history"><br></div><div class="battle-history">frostbaron sent out Clemont (<strong>Magneton</strong>)!<br></div><div class="spacer battle-history"><br></div><h2 class="battle-history">Turn 18</h2><div class="spacer battle-history"><br></div><div class="battle-history">Accelgor used <strong>Hyper Beam</strong>!<br></div><div class="battle-history"><small>It's not very effective...</small><br></div><div class="battle-history"><small>(The opposing Clemont lost <abbr title="−69/303">22.8%</abbr> of its health!)</small><br></div><div class="spacer battle-history"><br></div><div class="battle-history">The opposing Clemont used <strong>Tri Attack</strong>!<br></div><div class="battle-history"><small>(Accelgor lost <abbr title="−40/301">13.3%</abbr> of its health!)</small><br></div><div class="spacer battle-history"><br></div><div class="battle-history">Accelgor fainted!<br></div><div class="spacer battle-history"><br></div><div class="battle-history">Go! <strong>Meloetta</strong>!<br></div><div class="spacer battle-history"><br></div><h2 class="battle-history">Turn 19</h2><div class="spacer battle-history"><br></div><div class="battle-history">Meloetta used <strong>Relic Song</strong>!<br></div><div class="battle-history"><small>It's not very effective...</small><br></div><div class="battle-history"><small>(The opposing Clemont lost <abbr title="−52/303">17.2%</abbr> of its health!)</small><br></div><div class="battle-history">Meloetta transformed!<br></div><div class="spacer battle-history"><br></div><div class="battle-history">The opposing Clemont used <strong>Tri Attack</strong>!<br></div><div class="battle-history"><small>(Meloetta lost <abbr title="−154/404">38.1%</abbr> of its health!)</small><br></div><div class="battle-history"><small>Meloetta is paralyzed! It may be unable to move!</small><br></div><div class="spacer battle-history"><br></div><h2 class="battle-history">Turn 20</h2><div class="spacer battle-history"><br></div><div class="battle-history">The opposing Clemont used <strong>Tri Attack</strong>!<br></div><div class="battle-history"><small>(Meloetta lost <abbr title="−131/404">32.4%</abbr> of its health!)</small><br></div><div class="spacer battle-history"><br></div><div class="battle-history">Meloetta used <strong>Close Combat</strong>!<br></div><div class="battle-history"><small>It's super effective!</small><br></div><div class="battle-history"><small>A critical hit!</small><br></div><div class="battle-history"><small>(The opposing Clemont lost <abbr title="−182/303">60.1%</abbr> of its health!)</small><br></div><div class="battle-history"><small>Meloetta's Defense fell!</small><br></div><div class="battle-history"><small>Meloetta's Special Defense fell!</small><br></div><div class="spacer battle-history"><br></div><div class="battle-history">The opposing Clemont fainted!<br></div><div class="spacer battle-history"><br></div><div class="battle-history">frostbaron sent out Olympia (<strong>Slowking</strong>)!<br></div><div class="spacer battle-history"><br></div><h2 class="battle-history">Turn 21</h2><div class="spacer battle-history"><br></div><div class="battle-history">The opposing Olympia used <strong>Scald</strong>!<br></div><div class="battle-history"><small>(Meloetta lost <abbr title="−3/404">0.7%</abbr> of its health!)</small><br></div><div class="spacer battle-history"><br></div><div class="battle-history">Meloetta fainted!<br></div><div class="spacer battle-history"><br></div><div class="battle-history">Go! <strong>Exploud</strong>!<br></div><div class="spacer battle-history"><br></div><h2 class="battle-history">Turn 22</h2><div class="spacer battle-history"><br></div><div class="battle-history">Exploud used <strong>Boomburst</strong>!<br></div><div class="battle-history"><small>(The opposing Olympia lost <abbr title="−183/394">46.4%</abbr> of its health!)</small><br></div><div class="spacer battle-history"><br></div><div class="battle-history">The opposing Olympia used <strong>Scald</strong>!<br></div><div class="battle-history"><small>(Exploud lost <abbr title="−127/376">33.8%</abbr> of its health!)</small><br></div><div class="battle-history"><small>Exploud was burned!</small><br></div><div class="spacer battle-history"><br></div><div class="battle-history"><small>The opposing Olympia restored a little HP using its Leftovers!</small><br></div><div class="battle-history"><small>Exploud was hurt by its burn!</small><br></div><div class="spacer battle-history"><br></div><h2 class="battle-history">Turn 23</h2><div class="spacer battle-history"><br></div><div class="battle-history">Exploud used <strong>Boomburst</strong>!<br></div><div class="battle-history"><small>(The opposing Olympia lost <abbr title="−186/394">47.2%</abbr> of its health!)</small><br></div><div class="spacer battle-history"><br></div><div class="battle-history">The opposing Olympia used <strong>Slack Off</strong>!<br></div><div class="battle-history"><small>The opposing Olympia restored its HP.</small><br></div><div class="spacer battle-history"><br></div><div class="battle-history"><small>The opposing Olympia restored a little HP using its Leftovers!</small><br></div><div class="battle-history"><small>Exploud was hurt by its burn!</small><br></div><div class="spacer battle-history"><br></div><h2 class="battle-history">Turn 24</h2><div class="spacer battle-history"><br></div><div class="battle-history">Exploud used <strong>Boomburst</strong>!<br></div><div class="battle-history"><small>(The opposing Olympia lost <abbr title="−183/394">46.4%</abbr> of its health!)</small><br></div><div class="spacer battle-history"><br></div><div class="battle-history">The opposing Olympia used <strong>Slack Off</strong>!<br></div><div class="battle-history"><small>The opposing Olympia restored its HP.</small><br></div><div class="spacer battle-history"><br></div><div class="battle-history"><small>The opposing Olympia restored a little HP using its Leftovers!</small><br></div><div class="battle-history"><small>Exploud was hurt by its burn!</small><br></div><div class="spacer battle-history"><br></div><h2 class="battle-history">Turn 25</h2><div class="spacer battle-history"><br></div><div class="battle-history">Exploud used <strong>Boomburst</strong>!<br></div><div class="battle-history"><small>(The opposing Olympia lost <abbr title="−211/394">53.6%</abbr> of its health!)</small><br></div><div class="spacer battle-history"><br></div><div class="battle-history">The opposing Olympia used <strong>Slack Off</strong>!<br></div><div class="battle-history"><small>The opposing Olympia restored its HP.</small><br></div><div class="spacer battle-history"><br></div><div class="battle-history"><small>The opposing Olympia restored a little HP using its Leftovers!</small><br></div><div class="battle-history"><small>Exploud was hurt by its burn!</small><br></div><div class="spacer battle-history"><br></div><h2 class="battle-history">Turn 26</h2><div class="spacer battle-history"><br></div><div class="battle-history">Exploud used <strong>Boomburst</strong>!<br></div><div class="battle-history"><small>(The opposing Olympia lost <abbr title="−181/394">45.9%</abbr> of its health!)</small><br></div><div class="spacer battle-history"><br></div><div class="battle-history">The opposing Olympia used <strong>Slack Off</strong>!<br></div><div class="battle-history"><small>The opposing Olympia restored its HP.</small><br></div><div class="spacer battle-history"><br></div><div class="battle-history"><small>The opposing Olympia restored a little HP using its Leftovers!</small><br></div><div class="battle-history"><small>Exploud was hurt by its burn!</small><br></div><div class="spacer battle-history"><br></div><h2 class="battle-history">Turn 27</h2><div class="spacer battle-history"><br></div><div class="battle-history">Exploud used <strong>Boomburst</strong>!<br></div><div class="battle-history"><small>(The opposing Olympia lost <abbr title="−187/394">47.5%</abbr> of its health!)</small><br></div><div class="spacer battle-history"><br></div><div class="battle-history">The opposing Olympia used <strong>Slack Off</strong>!<br></div><div class="battle-history"><small>The opposing Olympia restored its HP.</small><br></div><div class="spacer battle-history"><br></div><div class="battle-history"><small>The opposing Olympia restored a little HP using its Leftovers!</small><br></div><div class="battle-history"><small>Exploud was hurt by its burn!</small><br></div><div class="spacer battle-history"><br></div><div class="battle-history">Exploud fainted!<br></div><div class="chat chatmessage-proyo345"><strong style="color:hsl(26,78%,48%)"><small>★</small><span class="username" data-name="Proyo345">Proyo345</span>:</strong> <em>well then</em></div><div class="spacer battle-history"><br></div><div class="battle-history">Go! <strong>Glalie</strong>!<br></div><div class="spacer battle-history"><br></div><h2 class="battle-history">Turn 28</h2><div class="spacer battle-history"><br></div><div class="battle-history"><small>Glalie's Glalitite is reacting to Proyo345's Mega Bracelet!</small><br>Glalie has Mega Evolved into Mega Glalie!<br></div><div class="spacer battle-history"><br></div><div class="battle-history">Glalie used <strong>Earthquake</strong>!<br></div><div class="battle-history"><small>(The opposing Olympia lost <abbr title="−91/394">23.1%</abbr> of its health!)</small><br></div><div class="spacer battle-history"><br></div><div class="battle-history">The opposing Olympia used <strong>Flamethrower</strong>!<br></div><div class="battle-history"><small>It's super effective!</small><br></div><div class="battle-history"><small>A critical hit!</small><br></div><div class="battle-history"><small>(Glalie lost <abbr title="−250/301">83.1%</abbr> of its health!)</small><br></div><div class="battle-history"><small>Glalie was burned!</small><br></div><div class="spacer battle-history"><br></div><div class="battle-history"><small>The opposing Olympia restored a little HP using its Leftovers!</small><br></div><div class="battle-history"><small>Glalie was hurt by its burn!</small><br></div><div class="spacer battle-history"><br></div><h2 class="battle-history">Turn 29</h2><div class="spacer battle-history"><br></div><div class="battle-history">Glalie used <strong>Explosion</strong>!<br></div><div class="battle-history"><small>It's not very effective...</small><br></div><div class="battle-history"><small>(The opposing Olympia lost <abbr title="−99/394">25.1%</abbr> of its health!)</small><br></div><div class="spacer battle-history"><br></div><div class="battle-history">Glalie fainted!<br></div><div class="spacer battle-history"><br></div><div class="battle-history"><strong>frostbaron</strong> won the battle!<br></div><div class="chat chatmessage-frostbaron"><strong style="color:hsl(338,52%,45.20749168584481%)"><small>★</small><span class="username" data-name="frostbaron">frostbaron</span>:</strong> <em>gg</em></div><div class="chat"><small>Proyo345 left.</small></div></div><div class="inner-preempt"></div></div></div>
</div>
<script>
let daily = Math.floor(Date.now()/1000/60/60/24);document.write('<script src="https://play.pokemonshowdown.com/js/replay-embed.js?version'+daily+'"></'+'script>');
</script>
