<!DOCTYPE html>
<meta charset="utf-8" />
<!-- version 1 -->
<title>RU replay: snagaa vs. koldkappuccino</title>
<style>
html,body {font-family:Verdana, sans-serif;font-size:10pt;margin:0;padding:0;}body{padding:12px 0;} .battle-log {font-family:Verdana, sans-serif;font-size:10pt;} .battle-log-inline {border:1px solid #AAAAAA;background:#EEF2F5;color:black;max-width:640px;margin:0 auto 80px;padding-bottom:5px;} .battle-log .inner {padding:4px 8px 0px 8px;} .battle-log .inner-preempt {padding:0 8px 4px 8px;} .battle-log .inner-after {margin-top:0.5em;} .battle-log h2 {margin:0.5em -8px;padding:4px 8px;border:1px solid #AAAAAA;background:#E0E7EA;border-left:0;border-right:0;font-family:Verdana, sans-serif;font-size:13pt;} .battle-log .chat {vertical-align:middle;padding:3px 0 3px 0;font-size:8pt;} .battle-log .chat strong {color:#40576A;} .battle-log .chat em {padding:1px 4px 1px 3px;color:#000000;font-style:normal;} .chat.mine {background:rgba(0,0,0,0.05);margin-left:-8px;margin-right:-8px;padding-left:8px;padding-right:8px;} .spoiler {color:#BBBBBB;background:#BBBBBB;padding:0px 3px;} .spoiler:hover, .spoiler:active, .spoiler-shown {color:#000000;background:#E2E2E2;padding:0px 3px;} .spoiler a {color:#BBBBBB;} .spoiler:hover a, .spoiler:active a, .spoiler-shown a {color:#2288CC;} .chat code, .chat .spoiler:hover code, .chat .spoiler:active code, .chat .spoiler-shown code {border:1px solid #C0C0C0;background:#EEEEEE;color:black;padding:0 2px;} .chat .spoiler code {border:1px solid #CCCCCC;background:#CCCCCC;color:#CCCCCC;} .battle-log .rated {padding:3px 4px;} .battle-log .rated strong {color:white;background:#89A;padding:1px 4px;border-radius:4px;} .spacer {margin-top:0.5em;} .message-announce {background:#6688AA;color:white;padding:1px 4px 2px;} .message-announce a, .broadcast-green a, .broadcast-blue a, .broadcast-red a {color:#DDEEFF;} .broadcast-green {background-color:#559955;color:white;padding:2px 4px;} .broadcast-blue {background-color:#6688AA;color:white;padding:2px 4px;} .infobox {border:1px solid #6688AA;padding:2px 4px;} .infobox-limited {max-height:200px;overflow:auto;overflow-x:hidden;} .broadcast-red {background-color:#AA5544;color:white;padding:2px 4px;} .message-learn-canlearn {font-weight:bold;color:#228822;text-decoration:underline;} .message-learn-cannotlearn {font-weight:bold;color:#CC2222;text-decoration:underline;} .message-effect-weak {font-weight:bold;color:#CC2222;} .message-effect-resist {font-weight:bold;color:#6688AA;} .message-effect-immune {font-weight:bold;color:#666666;} .message-learn-list {margin-top:0;margin-bottom:0;} .message-throttle-notice, .message-error {color:#992222;} .message-overflow, .chat small.message-overflow {font-size:0pt;} .message-overflow::before {font-size:9pt;content:'...';} .subtle {color:#3A4A66;}
</style>
<div class="wrapper replay-wrapper" style="max-width:1180px;margin:0 auto">
<input type="hidden" name="replayid" value="smogtours-ru-284086" />
<div class="battle"></div><div class="battle-log"></div><div class="replay-controls"></div><div class="replay-controls-2"></div>
<h1 style="font-weight:normal;text-align:center"><strong>RU</strong><br /><a href="http://pokemonshowdown.com/users/snagaa" class="subtle" target="_blank">snagaa</a> vs. <a href="http://pokemonshowdown.com/users/koldkappuccino" class="subtle" target="_blank">koldkappuccino</a></h1>
<script type="text/plain" class="battle-log-data">|inactive|Battle timer is ON: inactive players will automatically lose when time's up.
|J|snagaa
|J|koldkappuccino
|player|p1|snagaa|170
|player|p2|koldkappuccino|289
|gametype|singles
|gen|6
|tier|RU
|seed|12462,12866,55518,45155
|rule|Sleep Clause Mod: Limit one foe put to sleep
|rule|Species Clause: Limit one of each Pokémon
|rule|OHKO Clause: OHKO moves are banned
|rule|Moody Clause: Moody is banned
|rule|Evasion Moves Clause: Evasion moves are banned
|rule|Endless Battle Clause: Forcing endless battles is banned
|rule|HP Percentage Mod: HP is shown in percentages
|clearpoke
|poke|p1|Slowking, M|item
|poke|p1|Scrafty, M|item
|poke|p1|Registeel|item
|poke|p1|Camerupt, M|item
|poke|p1|Venusaur, F|item
|poke|p1|Granbull, F|item
|poke|p2|Registeel|item
|poke|p2|Virizion|item
|poke|p2|Slowking, M|item
|poke|p2|Drapion, M|item
|poke|p2|Audino, M|item
|poke|p2|Flygon, F|item
|rule|Swagger Clause: Swagger is banned
|rule|Baton Pass Clause: Limit one Baton Passer, can't pass Spe and other stats simultaneously
|teampreview
|c|☆snagaa|hf
|c|☆koldkappuccino|same
|choice|team 4, team 2, team 3, team 1, team 5, team 6|team 3, team 2, team 1, team 4, team 5, team 6
|
|start
|switch|p1a: Camerupt|Camerupt, M|343\/343
|switch|p2a: Slowking|Slowking, M|393\/393
|turn|1
|choice|switch 3|move scald
|
|switch|p1a: Registeel|Registeel|364\/364
|move|p2a: Slowking|Scald|p1a: Registeel
|-damage|p1a: Registeel|310\/364
|
|-heal|p1a: Registeel|332\/364|[from] item: Leftovers
|upkeep
|turn|2
|J|ChillShadow
|J|confide
|L|confide
|choice|switch 5|switch 6
|
|switch|p1a: Venusaur|Venusaur, F|364\/364
|switch|p2a: Flygon|Flygon, F|311\/311
|
|upkeep
|turn|3
|J|Mysterious M ®️
|J|boot of doom
|J|Dick Austin
|L|boot of doom
|choice|move knockoff|move uturn
|
|move|p2a: Flygon|U-turn|p1a: Venusaur
|-damage|p1a: Venusaur|307\/364
|choice||switch 2
|
|switch|p2a: Virizion|Virizion|323\/323
|move|p1a: Venusaur|Knock Off|p2a: Virizion
|-resisted|p2a: Virizion
|-damage|p2a: Virizion|286\/323
|-ability|p2a: Virizion|Justified|boost
|-boost|p2a: Virizion|atk|1
|-enditem|p2a: Virizion|Lum Berry|[from] move: Knock Off|[of] p1a: Venusaur
|
|-heal|p1a: Venusaur|329\/364|[from] item: Black Sludge
|upkeep
|turn|4
|J|Pohjis
|choice|switch 6|move zenheadbutt
|
|switch|p1a: Granbull|Granbull, F|384\/384
|-ability|p1a: Granbull|Intimidate|boost
|-unboost|p2a: Virizion|atk|1
|move|p2a: Virizion|Zen Headbutt|p1a: Granbull
|-damage|p1a: Granbull|327\/384
|
|-heal|p1a: Granbull|351\/384|[from] item: Leftovers
|upkeep
|turn|5
|choice|move superfang|switch 3
|
|switch|p2a: Registeel|Registeel|364\/364
|move|p1a: Granbull|Super Fang|p2a: Registeel
|-damage|p2a: Registeel|182\/364
|
|-heal|p2a: Registeel|204\/364|[from] item: Leftovers
|-heal|p1a: Granbull|375\/384|[from] item: Leftovers
|upkeep
|turn|6
|choice|move firepunch|move toxic
|
|move|p2a: Registeel|Toxic|p1a: Granbull
|-status|p1a: Granbull|tox
|move|p1a: Granbull|Fire Punch|p2a: Registeel
|-supereffective|p2a: Registeel
|-damage|p2a: Registeel|104\/364
|
|-heal|p2a: Registeel|126\/364|[from] item: Leftovers
|-heal|p1a: Granbull|384\/384 tox|[from] item: Leftovers
|-damage|p1a: Granbull|360\/384 tox|[from] psn
|upkeep
|turn|7
|choice|move healbell|move stealthrock
|
|move|p2a: Registeel|Stealth Rock|p1a: Granbull
|-sidestart|p1: snagaa|move: Stealth Rock
|move|p1a: Granbull|Heal Bell|p1a: Granbull
|-activate|p1a: Granbull|move: Heal Bell
|-curestatus|p1a: Granbull|tox|[msg]
|
|-heal|p2a: Registeel|148\/364|[from] item: Leftovers
|-heal|p1a: Granbull|384\/384|[from] item: Leftovers
|upkeep
|turn|8
|choice|switch 2|switch 6
|
|switch|p2a: Slowking|Slowking, M|393\/393
|switch|p1a: Scrafty|Scrafty, M|271\/271
|-damage|p1a: Scrafty|255\/271|[from] Stealth Rock
|
|-heal|p1a: Scrafty|271\/271|[from] item: Leftovers
|upkeep
|turn|9
|choice|move knockoff|switch 3
|
|switch|p2a: Virizion|Virizion|286\/323
|move|p1a: Scrafty|Knock Off|p2a: Virizion
|-resisted|p2a: Virizion
|-damage|p2a: Virizion|232\/323
|-ability|p2a: Virizion|Justified|boost
|-boost|p2a: Virizion|atk|1
|
|upkeep
|turn|10
|choice|move dragondance|move leafblade
|
|move|p2a: Virizion|Leaf Blade|p1a: Scrafty
|-damage|p1a: Scrafty|120\/271
|move|p1a: Scrafty|Dragon Dance|p1a: Scrafty
|-boost|p1a: Scrafty|atk|1
|-boost|p1a: Scrafty|spe|1
|
|-heal|p1a: Scrafty|136\/271|[from] item: Leftovers
|upkeep
|turn|11
|choice|move highjumpkick|move leafblade
|
|move|p1a: Scrafty|High Jump Kick|p2a: Virizion
|-damage|p2a: Virizion|0 fnt
|faint|p2a: Virizion
|
|-heal|p1a: Scrafty|152\/271|[from] item: Leftovers
|upkeep
|c|☆koldkappuccino|i just failed to do +1 to the damage calculator and choked
|choice||switch 5
|
|switch|p2a: Audino|Audino, M|410\/410
|turn|12
|L|Dick Austin
|choice|switch 5|move dazzlinggleam mega
|
|switch|p1a: Registeel|Registeel|332\/364
|-damage|p1a: Registeel|310\/364|[from] Stealth Rock
|detailschange|p2a: Audino|Audino-Mega, M
|-mega|p2a: Audino|Audino|Audinite
|move|p2a: Audino|Dazzling Gleam|p1a: Registeel
|-resisted|p1a: Registeel
|-damage|p1a: Registeel|290\/364
|
|-heal|p1a: Registeel|312\/364|[from] item: Leftovers
|upkeep
|turn|13
|choice|move toxic|switch 4
|
|switch|p2a: Drapion|Drapion, M|281\/281
|move|p1a: Registeel|Toxic|p2a: Drapion
|-immune|p2a: Drapion|[msg]
|
|-heal|p1a: Registeel|334\/364|[from] item: Leftovers
|upkeep
|turn|14
|choice|move curse|move knockoff
|
|move|p2a: Drapion|Knock Off|p1a: Registeel
|-damage|p1a: Registeel|240\/364
|-enditem|p1a: Registeel|Leftovers|[from] move: Knock Off|[of] p2a: Drapion
|move|p1a: Registeel|Curse|p1a: Registeel
|-unboost|p1a: Registeel|spe|1
|-boost|p1a: Registeel|atk|1
|-boost|p1a: Registeel|def|1
|
|upkeep
|turn|15
|J|Kushalos
|c|+Kushalos|thats a snagaawrap
|c|+Kushalos|right there
|choice|move curse|switch 6
|
|switch|p2a: Registeel|Registeel|148\/364
|move|p1a: Registeel|Curse|p1a: Registeel
|-unboost|p1a: Registeel|spe|1
|-boost|p1a: Registeel|atk|1
|-boost|p1a: Registeel|def|1
|
|-heal|p2a: Registeel|170\/364|[from] item: Leftovers
|upkeep
|turn|16
|choice|move curse|move seismictoss
|
|move|p2a: Registeel|Seismic Toss|p1a: Registeel
|-damage|p1a: Registeel|140\/364
|move|p1a: Registeel|Curse|p1a: Registeel
|-unboost|p1a: Registeel|spe|1
|-boost|p1a: Registeel|atk|1
|-boost|p1a: Registeel|def|1
|
|-heal|p2a: Registeel|192\/364|[from] item: Leftovers
|upkeep
|turn|17
|choice|move rest|move seismictoss
|
|move|p2a: Registeel|Seismic Toss|p1a: Registeel
|-damage|p1a: Registeel|40\/364
|move|p1a: Registeel|Rest|p1a: Registeel
|-status|p1a: Registeel|slp
|-heal|p1a: Registeel|364\/364 slp|[silent]
|-status|p1a: Registeel|slp|[from] move: Rest
|
|-heal|p2a: Registeel|214\/364|[from] item: Leftovers
|upkeep
|turn|18
|J|originalno ime
|L|originalno ime
|choice|switch 6|move seismictoss
|
|switch|p1a: Venusaur|Venusaur, F|329\/364
|-damage|p1a: Venusaur|284\/364|[from] Stealth Rock
|move|p2a: Registeel|Seismic Toss|p1a: Venusaur
|-damage|p1a: Venusaur|184\/364
|
|-heal|p1a: Venusaur|206\/364|[from] item: Black Sludge
|-heal|p2a: Registeel|236\/364|[from] item: Leftovers
|upkeep
|turn|19
|choice|move knockoff|move seismictoss
|
|move|p1a: Venusaur|Knock Off|p2a: Registeel
|-damage|p2a: Registeel|196\/364
|-enditem|p2a: Registeel|Leftovers|[from] move: Knock Off|[of] p1a: Venusaur
|move|p2a: Registeel|Seismic Toss|p1a: Venusaur
|-damage|p1a: Venusaur|106\/364
|
|-heal|p1a: Venusaur|128\/364|[from] item: Black Sludge
|upkeep
|turn|20
|choice|move synthesis|move seismictoss
|
|move|p1a: Venusaur|Synthesis|p1a: Venusaur
|-heal|p1a: Venusaur|310\/364
|move|p2a: Registeel|Seismic Toss|p1a: Venusaur
|-damage|p1a: Venusaur|210\/364
|
|-heal|p1a: Venusaur|232\/364|[from] item: Black Sludge
|upkeep
|turn|21
|c|☆snagaa|why isn't this leech
|c|☆snagaa|cs is balls
|choice|move gigadrain|switch 6
|
|switch|p2a: Drapion|Drapion, M|281\/281
|move|p1a: Venusaur|Giga Drain|p2a: Drapion
|-resisted|p2a: Drapion
|-damage|p2a: Drapion|222\/281
|-heal|p1a: Venusaur|262\/364|[from] drain|[of] p2a: Drapion
|
|-heal|p1a: Venusaur|284\/364|[from] item: Black Sludge
|upkeep
|turn|22
|choice|move synthesis|move earthquake
|
|move|p2a: Drapion|Earthquake|p1a: Venusaur
|-damage|p1a: Venusaur|200\/364
|move|p1a: Venusaur|Synthesis|p1a: Venusaur
|-heal|p1a: Venusaur|364\/364
|
|upkeep
|turn|23
|choice|switch 2|switch 4
|
|switch|p2a: Audino|Audino-Mega, M|410\/410
|switch|p1a: Granbull|Granbull, F|384\/384
|-damage|p1a: Granbull|336\/384|[from] Stealth Rock
|-ability|p1a: Granbull|Intimidate|boost
|-unboost|p2a: Audino|atk|1
|
|-heal|p1a: Granbull|360\/384|[from] item: Leftovers
|upkeep
|turn|24
|choice|move healbell|move wish
|
|move|p2a: Audino|Wish|p2a: Audino
|move|p1a: Granbull|Heal Bell|p1a: Granbull
|-activate|p1a: Granbull|move: Heal Bell
|-curestatus|p1: Registeel|slp|[msg]
|
|-heal|p1a: Granbull|384\/384|[from] item: Leftovers
|upkeep
|turn|25
|choice|switch 6|switch 3
|
|switch|p2a: Slowking|Slowking, M|393\/393
|switch|p1a: Registeel|Registeel|364\/364
|-damage|p1a: Registeel|342\/364|[from] Stealth Rock
|
|upkeep
|turn|26
|choice|move toxic|switch 4
|
|switch|p2a: Drapion|Drapion, M|222\/281
|move|p1a: Registeel|Toxic|p2a: Drapion
|-immune|p2a: Drapion|[msg]
|
|upkeep
|turn|27
|choice|switch 6|move earthquake
|
|switch|p1a: Granbull|Granbull, F|384\/384
|-damage|p1a: Granbull|336\/384|[from] Stealth Rock
|-ability|p1a: Granbull|Intimidate|boost
|-unboost|p2a: Drapion|atk|1
|move|p2a: Drapion|Earthquake|p1a: Granbull
|-damage|p1a: Granbull|277\/384
|
|-heal|p1a: Granbull|301\/384|[from] item: Leftovers
|upkeep
|turn|28
|choice|move superfang|switch 3
|
|switch|p2a: Audino|Audino-Mega, M|410\/410
|move|p1a: Granbull|Super Fang|p2a: Audino
|-damage|p2a: Audino|205\/410
|
|-heal|p1a: Granbull|325\/384|[from] item: Leftovers
|upkeep
|turn|29
|choice|switch 3|move wish
|
|switch|p1a: Camerupt|Camerupt, M|343\/343
|-damage|p1a: Camerupt|301\/343|[from] Stealth Rock
|move|p2a: Audino|Wish|p2a: Audino
|
|upkeep
|turn|30
|choice|move hiddenpower mega|move protect
|
|detailschange|p1a: Camerupt|Camerupt-Mega, M
|-mega|p1a: Camerupt|Camerupt|Cameruptite
|move|p2a: Audino|Protect|p2a: Audino
|-singleturn|p2a: Audino|Protect
|move|p1a: Camerupt|Hidden Power|p2a: Audino
|-activate|p2a: Audino|move: Protect
|
|-heal|p2a: Audino|410\/410|[from] move: Wish|[wisher] Audino
|upkeep
|turn|31
|choice|move stealthrock|switch 4
|
|switch|p2a: Slowking|Slowking, M|393\/393
|move|p1a: Camerupt|Stealth Rock|p2a: Slowking
|-sidestart|p2: koldkappuccino|move: Stealth Rock
|
|upkeep
|turn|32
|choice|switch 6|move calmmind
|
|switch|p1a: Registeel|Registeel|342\/364
|-damage|p1a: Registeel|320\/364|[from] Stealth Rock
|move|p2a: Slowking|Calm Mind|p2a: Slowking
|-boost|p2a: Slowking|spa|1
|-boost|p2a: Slowking|spd|1
|
|upkeep
|turn|33
|choice|move toxic|switch 6
|
|switch|p2a: Registeel|Registeel|196\/364
|-damage|p2a: Registeel|174\/364|[from] Stealth Rock
|move|p1a: Registeel|Toxic|p2a: Registeel
|-immune|p2a: Registeel|[msg]
|
|upkeep
|turn|34
|choice|switch 2|move seismictoss
|
|switch|p1a: Venusaur|Venusaur, F|364\/364
|-damage|p1a: Venusaur|319\/364|[from] Stealth Rock
|move|p2a: Registeel|Seismic Toss|p1a: Venusaur
|-damage|p1a: Venusaur|219\/364
|
|-heal|p1a: Venusaur|241\/364|[from] item: Black Sludge
|upkeep
|turn|35
|choice|move gigadrain|switch 4
|
|switch|p2a: Audino|Audino-Mega, M|410\/410
|-damage|p2a: Audino|359\/410|[from] Stealth Rock
|move|p1a: Venusaur|Giga Drain|p2a: Audino
|-damage|p2a: Audino|286\/410
|-heal|p1a: Venusaur|278\/364|[from] drain|[of] p2a: Audino
|
|-heal|p1a: Venusaur|300\/364|[from] item: Black Sludge
|upkeep
|turn|36
|choice|move sludgebomb|move wish
|
|move|p1a: Venusaur|Sludge Bomb|p2a: Audino
|-supereffective|p2a: Audino
|-damage|p2a: Audino|130\/410
|move|p2a: Audino|Wish|p2a: Audino
|
|-heal|p1a: Venusaur|322\/364|[from] item: Black Sludge
|upkeep
|turn|37
|choice|switch 2|move protect
|
|switch|p1a: Registeel|Registeel|320\/364
|-damage|p1a: Registeel|298\/364|[from] Stealth Rock
|move|p2a: Audino|Protect|p2a: Audino
|-fail|p2a: Audino
|
|-heal|p2a: Audino|335\/410|[from] move: Wish|[wisher] Audino
|upkeep
|turn|38
|choice|move curse|switch 2
|
|switch|p2a: Flygon|Flygon, F|311\/311
|-damage|p2a: Flygon|292\/311|[from] Stealth Rock
|move|p1a: Registeel|Curse|p1a: Registeel
|-unboost|p1a: Registeel|spe|1
|-boost|p1a: Registeel|atk|1
|-boost|p1a: Registeel|def|1
|
|-heal|p2a: Flygon|311\/311|[from] item: Leftovers
|upkeep
|turn|39
|choice|move ironhead|move earthquake
|
|move|p2a: Flygon|Earthquake|p1a: Registeel
|-supereffective|p1a: Registeel
|-damage|p1a: Registeel|160\/364
|move|p1a: Registeel|Iron Head|p2a: Flygon
|-damage|p2a: Flygon|173\/311
|
|-heal|p2a: Flygon|192\/311|[from] item: Leftovers
|upkeep
|turn|40
|L|Pohjis
|choice|move rest|move earthquake
|
|move|p2a: Flygon|Earthquake|p1a: Registeel
|-supereffective|p1a: Registeel
|-damage|p1a: Registeel|22\/364
|move|p1a: Registeel|Rest|p1a: Registeel
|-status|p1a: Registeel|slp
|-heal|p1a: Registeel|364\/364 slp|[silent]
|-status|p1a: Registeel|slp|[from] move: Rest
|
|-heal|p2a: Flygon|211\/311|[from] item: Leftovers
|upkeep
|turn|41
|choice|switch 3|move uturn
|
|switch|p1a: Granbull|Granbull, F|325\/384
|-damage|p1a: Granbull|277\/384|[from] Stealth Rock
|-ability|p1a: Granbull|Intimidate|boost
|-unboost|p2a: Flygon|atk|1
|move|p2a: Flygon|U-turn|p1a: Granbull
|-resisted|p1a: Granbull
|-damage|p1a: Granbull|257\/384
|choice||switch 6
|
|switch|p2a: Slowking|Slowking, M|393\/393
|-damage|p2a: Slowking|344\/393|[from] Stealth Rock
|
|-heal|p1a: Granbull|281\/384|[from] item: Leftovers
|upkeep
|turn|42
|choice|move healbell|move calmmind
|
|move|p1a: Granbull|Heal Bell|p1a: Granbull
|-activate|p1a: Granbull|move: Heal Bell
|-curestatus|p1: Registeel|slp|[msg]
|move|p2a: Slowking|Calm Mind|p2a: Slowking
|-boost|p2a: Slowking|spa|1
|-boost|p2a: Slowking|spd|1
|
|-heal|p1a: Granbull|305\/384|[from] item: Leftovers
|upkeep
|turn|43
|choice|switch 3|move scald
|
|switch|p1a: Registeel|Registeel|364\/364
|-damage|p1a: Registeel|342\/364|[from] Stealth Rock
|move|p2a: Slowking|Scald|p1a: Registeel
|-damage|p1a: Registeel|272\/364
|
|upkeep
|turn|44
|choice|move curse|switch 4
|
|switch|p2a: Registeel|Registeel|174\/364
|-damage|p2a: Registeel|152\/364|[from] Stealth Rock
|move|p1a: Registeel|Curse|p1a: Registeel
|-unboost|p1a: Registeel|spe|1
|-boost|p1a: Registeel|atk|1
|-boost|p1a: Registeel|def|1
|
|upkeep
|turn|45
|choice|move ironhead|move seismictoss
|
|move|p2a: Registeel|Seismic Toss|p1a: Registeel
|-damage|p1a: Registeel|172\/364
|move|p1a: Registeel|Iron Head|p2a: Registeel
|-resisted|p2a: Registeel
|-damage|p2a: Registeel|116\/364
|
|upkeep
|turn|46
|choice|move rest|switch 4
|
|switch|p2a: Slowking|Slowking, M|393\/393
|-damage|p2a: Slowking|344\/393|[from] Stealth Rock
|move|p1a: Registeel|Rest|p1a: Registeel
|-status|p1a: Registeel|slp
|-heal|p1a: Registeel|364\/364 slp|[silent]
|-status|p1a: Registeel|slp|[from] move: Rest
|
|upkeep
|turn|47
|choice|switch 5|move calmmind
|
|switch|p1a: Scrafty|Scrafty, M|152\/271
|-damage|p1a: Scrafty|136\/271|[from] Stealth Rock
|move|p2a: Slowking|Calm Mind|p2a: Slowking
|-boost|p2a: Slowking|spa|1
|-boost|p2a: Slowking|spd|1
|
|-heal|p1a: Scrafty|152\/271|[from] item: Leftovers
|upkeep
|turn|48
|J|Luispeikou ツ
|L|Luispeikou ツ
|choice|move knockoff|move scald
|
|move|p1a: Scrafty|Knock Off|p2a: Slowking
|-supereffective|p2a: Slowking
|-enditem|p2a: Slowking|Colbur Berry|[eat]
|-enditem|p2a: Slowking|Colbur Berry|[weaken]
|-damage|p2a: Slowking|233\/393
|move|p2a: Slowking|Scald|p1a: Scrafty
|-damage|p1a: Scrafty|22\/271
|
|-heal|p1a: Scrafty|38\/271|[from] item: Leftovers
|upkeep
|turn|49
|choice|move knockoff|move slackoff
|
|move|p1a: Scrafty|Knock Off|p2a: Slowking
|-supereffective|p2a: Slowking
|-damage|p2a: Slowking|87\/393
|move|p2a: Slowking|Slack Off|p2a: Slowking
|-heal|p2a: Slowking|284\/393
|
|-heal|p1a: Scrafty|54\/271|[from] item: Leftovers
|upkeep
|turn|50
|choice|move dragondance|move scald
|
|move|p1a: Scrafty|Dragon Dance|p1a: Scrafty
|-boost|p1a: Scrafty|atk|1
|-boost|p1a: Scrafty|spe|1
|move|p2a: Slowking|Scald|p1a: Scrafty
|-damage|p1a: Scrafty|0 fnt
|faint|p1a: Scrafty
|
|upkeep
|choice|switch 3|
|
|switch|p1a: Granbull|Granbull, F|305\/384
|-damage|p1a: Granbull|257\/384|[from] Stealth Rock
|-ability|p1a: Granbull|Intimidate|boost
|-unboost|p2a: Slowking|atk|1
|turn|51
|choice|move healbell|move slackoff
|
|move|p1a: Granbull|Heal Bell|p1a: Granbull
|-activate|p1a: Granbull|move: Heal Bell
|-curestatus|p1: Registeel|slp|[msg]
|move|p2a: Slowking|Slack Off|p2a: Slowking
|-heal|p2a: Slowking|393\/393
|
|-heal|p1a: Granbull|281\/384|[from] item: Leftovers
|upkeep
|turn|52
|choice|switch 5|move scald
|
|switch|p1a: Registeel|Registeel|364\/364
|-damage|p1a: Registeel|342\/364|[from] Stealth Rock
|move|p2a: Slowking|Scald|p1a: Registeel
|-damage|p1a: Registeel|264\/364
|
|upkeep
|turn|53
|choice|switch 6|move scald
|
|switch|p1a: Camerupt|Camerupt-Mega, M|301\/343
|-damage|p1a: Camerupt|259\/343|[from] Stealth Rock
|move|p2a: Slowking|Scald|p1a: Camerupt
|-supereffective|p1a: Camerupt
|-damage|p1a: Camerupt|0 fnt
|faint|p1a: Camerupt
|
|upkeep
|choice|switch 6|
|
|switch|p1a: Registeel|Registeel|264\/364
|-damage|p1a: Registeel|242\/364|[from] Stealth Rock
|turn|54
|choice|move toxic|switch 3
|
|switch|p2a: Drapion|Drapion, M|222\/281
|-damage|p2a: Drapion|187\/281|[from] Stealth Rock
|move|p1a: Registeel|Toxic|p2a: Drapion
|-immune|p2a: Drapion|[msg]
|
|upkeep
|turn|55
|choice|switch 5|move earthquake
|
|switch|p1a: Granbull|Granbull, F|281\/384
|-damage|p1a: Granbull|233\/384|[from] Stealth Rock
|-ability|p1a: Granbull|Intimidate|boost
|-unboost|p2a: Drapion|atk|1
|move|p2a: Drapion|Earthquake|p1a: Granbull
|-crit|p1a: Granbull
|-damage|p1a: Granbull|89\/384
|
|-heal|p1a: Granbull|113\/384|[from] item: Leftovers
|upkeep
|turn|56
|choice|move playrough|switch 2
|
|switch|p2a: Audino|Audino-Mega, M|335\/410
|-damage|p2a: Audino|284\/410|[from] Stealth Rock
|move|p1a: Granbull|Play Rough|p2a: Audino
|-damage|p2a: Audino|202\/410
|-unboost|p2a: Audino|atk|1
|
|-heal|p1a: Granbull|137\/384|[from] item: Leftovers
|upkeep
|turn|57
|choice|switch 4|move wish
|
|switch|p1a: Slowking|Slowking, M|394\/394
|-damage|p1a: Slowking|345\/394|[from] Stealth Rock
|move|p2a: Audino|Wish|p2a: Audino
|
|upkeep
|turn|58
|choice|move nastyplot|switch 4
|
|switch|p2a: Registeel|Registeel|116\/364
|-damage|p2a: Registeel|94\/364|[from] Stealth Rock
|move|p1a: Slowking|Nasty Plot|p1a: Slowking
|-boost|p1a: Slowking|spa|2
|
|-heal|p2a: Registeel|299\/364|[from] move: Wish|[wisher] Audino
|upkeep
|turn|59
|choice|move scald|move toxic
|
|move|p2a: Registeel|Toxic|p1a: Slowking
|-status|p1a: Slowking|tox
|move|p1a: Slowking|Scald|p2a: Registeel
|-damage|p2a: Registeel|200\/364
|
|-damage|p1a: Slowking|321\/394 tox|[from] psn
|upkeep
|turn|60
|choice|move scald|switch 3
|
|switch|p2a: Slowking|Slowking, M|393\/393
|-damage|p2a: Slowking|344\/393|[from] Stealth Rock
|move|p1a: Slowking|Scald|p2a: Slowking
|-resisted|p2a: Slowking
|-damage|p2a: Slowking|257\/393
|
|-damage|p1a: Slowking|273\/394 tox|[from] psn
|upkeep
|turn|61
|choice|switch 4|move slackoff
|
|switch|p1a: Granbull|Granbull, F|137\/384
|-damage|p1a: Granbull|89\/384|[from] Stealth Rock
|-ability|p1a: Granbull|Intimidate|boost
|-unboost|p2a: Slowking|atk|1
|move|p2a: Slowking|Slack Off|p2a: Slowking
|-heal|p2a: Slowking|393\/393
|
|-heal|p1a: Granbull|113\/384|[from] item: Leftovers
|upkeep
|turn|62
|choice|move healbell|move calmmind
|
|move|p1a: Granbull|Heal Bell|p1a: Granbull
|-activate|p1a: Granbull|move: Heal Bell
|-curestatus|p1: Slowking|tox|[msg]
|move|p2a: Slowking|Calm Mind|p2a: Slowking
|-boost|p2a: Slowking|spa|1
|-boost|p2a: Slowking|spd|1
|
|-heal|p1a: Granbull|137\/384|[from] item: Leftovers
|upkeep
|turn|63
|choice|move superfang|move scald
|
|move|p1a: Granbull|Super Fang|p2a: Slowking
|-damage|p2a: Slowking|197\/393
|move|p2a: Slowking|Scald|p1a: Granbull
|-damage|p1a: Granbull|0 fnt
|faint|p1a: Granbull
|
|upkeep
|choice|switch 5|
|
|switch|p1a: Registeel|Registeel|242\/364
|-damage|p1a: Registeel|220\/364|[from] Stealth Rock
|turn|64
|choice|move toxic|switch 2
|
|switch|p2a: Drapion|Drapion, M|187\/281
|-damage|p2a: Drapion|152\/281|[from] Stealth Rock
|move|p1a: Registeel|Toxic|p2a: Drapion
|-immune|p2a: Drapion|[msg]
|
|upkeep
|turn|65
|choice|switch 2|move knockoff
|
|switch|p1a: Venusaur|Venusaur, F|322\/364
|-damage|p1a: Venusaur|277\/364|[from] Stealth Rock
|move|p2a: Drapion|Knock Off|p1a: Venusaur
|-damage|p1a: Venusaur|151\/364
|-enditem|p1a: Venusaur|Black Sludge|[from] move: Knock Off|[of] p2a: Drapion
|
|upkeep
|turn|66
|choice|move synthesis|switch 6
|
|switch|p2a: Flygon|Flygon, F|211\/311
|-damage|p2a: Flygon|192\/311|[from] Stealth Rock
|move|p1a: Venusaur|Synthesis|p1a: Venusaur
|-heal|p1a: Venusaur|333\/364
|
|-heal|p2a: Flygon|211\/311|[from] item: Leftovers
|upkeep
|turn|67
|choice|move gigadrain|move roost
|
|move|p2a: Flygon|Roost|p2a: Flygon
|-heal|p2a: Flygon|311\/311
|move|p1a: Venusaur|Giga Drain|p2a: Flygon
|-damage|p2a: Flygon|211\/311
|-heal|p1a: Venusaur|364\/364|[from] drain|[of] p2a: Flygon
|
|-heal|p2a: Flygon|230\/311|[from] item: Leftovers
|upkeep
|turn|68
|choice|move knockoff|move earthquake
|
|move|p2a: Flygon|Earthquake|p1a: Venusaur
|-damage|p1a: Venusaur|244\/364
|move|p1a: Venusaur|Knock Off|p2a: Flygon
|-damage|p2a: Flygon|158\/311
|-enditem|p2a: Flygon|Leftovers|[from] move: Knock Off|[of] p1a: Venusaur
|
|upkeep
|turn|69
|choice|move gigadrain|move roost
|
|move|p2a: Flygon|Roost|p2a: Flygon
|-heal|p2a: Flygon|311\/311
|move|p1a: Venusaur|Giga Drain|p2a: Flygon
|-damage|p2a: Flygon|206\/311
|-heal|p1a: Venusaur|297\/364|[from] drain|[of] p2a: Flygon
|
|upkeep
|turn|70
|choice|move gigadrain|move uturn
|
|move|p2a: Flygon|U-turn|p1a: Venusaur
|-damage|p1a: Venusaur|238\/364
|choice||switch 3
|
|switch|p2a: Registeel|Registeel|200\/364
|-damage|p2a: Registeel|178\/364|[from] Stealth Rock
|move|p1a: Venusaur|Giga Drain|p2a: Registeel
|-resisted|p2a: Registeel
|-damage|p2a: Registeel|151\/364
|-heal|p1a: Venusaur|252\/364|[from] drain|[of] p2a: Registeel
|
|upkeep
|turn|71
|choice|move knockoff|move seismictoss
|
|move|p1a: Venusaur|Knock Off|p2a: Registeel
|-damage|p2a: Registeel|124\/364
|move|p2a: Registeel|Seismic Toss|p1a: Venusaur
|-damage|p1a: Venusaur|152\/364
|
|upkeep
|turn|72
|choice|move synthesis|move seismictoss
|
|move|p1a: Venusaur|Synthesis|p1a: Venusaur
|-heal|p1a: Venusaur|334\/364
|move|p2a: Registeel|Seismic Toss|p1a: Venusaur
|-damage|p1a: Venusaur|234\/364
|
|upkeep
|turn|73
|choice|move gigadrain|move seismictoss
|
|move|p1a: Venusaur|Giga Drain|p2a: Registeel
|-resisted|p2a: Registeel
|-crit|p2a: Registeel
|-damage|p2a: Registeel|90\/364
|-heal|p1a: Venusaur|251\/364|[from] drain|[of] p2a: Registeel
|move|p2a: Registeel|Seismic Toss|p1a: Venusaur
|-damage|p1a: Venusaur|151\/364
|
|upkeep
|turn|74
|choice|move gigadrain|move seismictoss
|
|move|p1a: Venusaur|Giga Drain|p2a: Registeel
|-resisted|p2a: Registeel
|-damage|p2a: Registeel|65\/364
|-heal|p1a: Venusaur|164\/364|[from] drain|[of] p2a: Registeel
|move|p2a: Registeel|Seismic Toss|p1a: Venusaur
|-damage|p1a: Venusaur|64\/364
|
|upkeep
|turn|75
|choice|move synthesis|move seismictoss
|
|move|p1a: Venusaur|Synthesis|p1a: Venusaur
|-heal|p1a: Venusaur|246\/364
|move|p2a: Registeel|Seismic Toss|p1a: Venusaur
|-damage|p1a: Venusaur|146\/364
|
|upkeep
|turn|76
|choice|move synthesis|switch 6
|
|switch|p2a: Drapion|Drapion, M|152\/281
|-damage|p2a: Drapion|117\/281|[from] Stealth Rock
|move|p1a: Venusaur|Synthesis|p1a: Venusaur
|-heal|p1a: Venusaur|328\/364
|
|upkeep
|turn|77
|choice|move synthesis|move poisonjab
|
|move|p2a: Drapion|Poison Jab|p1a: Venusaur
|-damage|p1a: Venusaur|228\/364
|move|p1a: Venusaur|Synthesis|p1a: Venusaur
|-heal|p1a: Venusaur|364\/364
|
|upkeep
|turn|78
|choice|move gigadrain|move poisonjab
|
|move|p2a: Drapion|Poison Jab|p1a: Venusaur
|-damage|p1a: Venusaur|265\/364
|move|p1a: Venusaur|Giga Drain|p2a: Drapion
|-resisted|p2a: Drapion
|-damage|p2a: Drapion|61\/281
|-heal|p1a: Venusaur|293\/364|[from] drain|[of] p2a: Drapion
|
|upkeep
|turn|79
|choice|move gigadrain|move poisonjab
|
|move|p2a: Drapion|Poison Jab|p1a: Venusaur
|-damage|p1a: Venusaur|199\/364
|move|p1a: Venusaur|Giga Drain|p2a: Drapion
|-resisted|p2a: Drapion
|-damage|p2a: Drapion|3\/281
|-heal|p1a: Venusaur|228\/364|[from] drain|[of] p2a: Drapion
|
|upkeep
|turn|80
|choice|move synthesis|move poisonjab
|
|move|p2a: Drapion|Poison Jab|p1a: Venusaur
|-damage|p1a: Venusaur|129\/364
|move|p1a: Venusaur|Synthesis|p1a: Venusaur
|-heal|p1a: Venusaur|311\/364
|
|upkeep
|turn|81
|choice|move gigadrain|move poisonjab
|
|move|p2a: Drapion|Poison Jab|p1a: Venusaur
|-damage|p1a: Venusaur|206\/364
|move|p1a: Venusaur|Giga Drain|p2a: Drapion
|-resisted|p2a: Drapion
|-damage|p2a: Drapion|0 fnt
|-heal|p1a: Venusaur|208\/364|[from] drain|[of] p2a: Drapion
|faint|p2a: Drapion
|
|upkeep
|choice||switch 3
|
|switch|p2a: Flygon|Flygon, F|206\/311
|-damage|p2a: Flygon|187\/311|[from] Stealth Rock
|turn|82
|choice|move gigadrain|move defog
|
|move|p2a: Flygon|Defog|p1a: Venusaur
|-unboost|p1a: Venusaur|evasion|1
|-sideend|p1: snagaa|Stealth Rock|[from] move: Defog|[of] p1a: Venusaur
|-sideend|p2: koldkappuccino|Stealth Rock|[from] move: Defog|[of] p2a: Flygon
|move|p1a: Venusaur|Giga Drain|p2a: Flygon
|-damage|p2a: Flygon|79\/311
|-heal|p1a: Venusaur|262\/364|[from] drain|[of] p2a: Flygon
|
|upkeep
|turn|83
|choice|move sludgebomb|move roost
|
|move|p2a: Flygon|Roost|p2a: Flygon
|-heal|p2a: Flygon|235\/311
|move|p1a: Venusaur|Sludge Bomb|p2a: Flygon
|-resisted|p2a: Flygon
|-damage|p2a: Flygon|176\/311
|-status|p2a: Flygon|psn
|
|-damage|p2a: Flygon|138\/311 psn|[from] psn
|upkeep
|turn|84
|choice|move gigadrain|move uturn
|
|move|p2a: Flygon|U-turn|p1a: Venusaur
|-damage|p1a: Venusaur|203\/364
|choice||switch 6
|
|switch|p2a: Registeel|Registeel|65\/364
|move|p1a: Venusaur|Giga Drain|p2a: Registeel
|-resisted|p2a: Registeel
|-damage|p2a: Registeel|43\/364
|-heal|p1a: Venusaur|214\/364|[from] drain|[of] p2a: Registeel
|
|upkeep
|turn|85
|choice|switch 4|move seismictoss
|
|switch|p1a: Slowking|Slowking, M|394\/394
|move|p2a: Registeel|Seismic Toss|p1a: Slowking
|-damage|p1a: Slowking|294\/394
|
|upkeep
|turn|86
|choice|move scald|move toxic
|
|move|p2a: Registeel|Toxic|p1a: Slowking
|-status|p1a: Slowking|tox
|move|p1a: Slowking|Scald|p2a: Registeel
|-damage|p2a: Registeel|0 fnt
|faint|p2a: Registeel
|
|-damage|p1a: Slowking|270\/394 tox|[from] psn
|upkeep
|choice||switch 4
|
|switch|p2a: Audino|Audino-Mega, M|202\/410
|turn|87
|choice|switch 2|move wish
|
|switch|p1a: Registeel|Registeel|220\/364
|move|p2a: Audino|Wish|p2a: Audino
|
|upkeep
|turn|88
|choice|move toxic|move healbell
|
|move|p2a: Audino|Heal Bell|p2a: Audino
|-activate|p2a: Audino|move: Heal Bell
|-curestatus|p2: Flygon|psn|[msg]
|move|p1a: Registeel|Toxic|p2a: Audino
|-status|p2a: Audino|tox
|
|-heal|p2a: Audino|407\/410 tox|[from] move: Wish|[wisher] Audino
|-damage|p2a: Audino|382\/410 tox|[from] psn
|upkeep
|turn|89
|choice|move curse|move healbell
|
|move|p2a: Audino|Heal Bell|p2a: Audino
|-activate|p2a: Audino|move: Heal Bell
|-curestatus|p2a: Audino|tox|[msg]
|move|p1a: Registeel|Curse|p1a: Registeel
|-unboost|p1a: Registeel|spe|1
|-boost|p1a: Registeel|atk|1
|-boost|p1a: Registeel|def|1
|
|upkeep
|turn|90
|choice|move toxic|switch 2
|
|switch|p2a: Slowking|Slowking, M|328\/393
|move|p1a: Registeel|Toxic|p2a: Slowking
|-status|p2a: Slowking|tox
|
|-damage|p2a: Slowking|304\/393 tox|[from] psn
|upkeep
|turn|91
|c|+Kushalos|was there a stroke
|c|+Kushalos|i just came back
|c|☆snagaa|I'm pretty sure
|c|☆snagaa|there was
|c|☆snagaa|I'm about to have my own here
|c|☆snagaa|hmm
|c|+Kushalos|regi just wins
|c|+Kushalos|doesnt it
|c|☆snagaa|prolly
|c|☆snagaa|unless he crits
|choice|move ironhead|move scald
|
|move|p2a: Slowking|Scald|p1a: Registeel
|-damage|p1a: Registeel|172\/364
|-status|p1a: Registeel|brn
|move|p1a: Registeel|Iron Head|p2a: Slowking
|-resisted|p2a: Slowking
|-damage|p2a: Slowking|281\/393 tox
|
|-damage|p2a: Slowking|233\/393 tox|[from] psn
|-damage|p1a: Registeel|127\/364 brn|[from] brn
|upkeep
|turn|92
|c|+Kushalos|why didnt you
|c|+Kushalos|curse
|c|+Kushalos|wtf
|c|☆snagaa|don't need it breh
|choice|move ironhead|switch 6
|
|switch|p2a: Flygon|Flygon, F|138\/311
|move|p1a: Registeel|Iron Head|p2a: Flygon
|-damage|p2a: Flygon|66\/311
|
|-damage|p1a: Registeel|82\/364 brn|[from] brn
|upkeep
|turn|93
|c|☆snagaa|fuck
|c|☆snagaa|im burned
|c|☆snagaa|didn't see that
|c|+Kushalos|,
|choice|switch 2|move earthquake
|
|switch|p1a: Slowking|Slowking, M|394\/394 tox
|move|p2a: Flygon|Earthquake|p1a: Slowking
|-damage|p1a: Slowking|270\/394 tox
|
|-damage|p1a: Slowking|246\/394 tox|[from] psn
|upkeep
|turn|94
|c|☆snagaa|l0l
|choice|move scald|move roost
|
|move|p2a: Flygon|Roost|p2a: Flygon
|-heal|p2a: Flygon|222\/311
|move|p1a: Slowking|Scald|p2a: Flygon
|-damage|p2a: Flygon|111\/311
|-status|p2a: Flygon|brn
|
|-damage|p2a: Flygon|73\/311 brn|[from] brn
|-damage|p1a: Slowking|198\/394 tox|[from] psn
|upkeep
|turn|95
|choice|move trickroom|move uturn
|
|move|p2a: Flygon|U-turn|p1a: Slowking
|-supereffective|p1a: Slowking
|-damage|p1a: Slowking|137\/394 tox
|c|+Kushalos|bailed out
|choice||switch 2
|
|switch|p2a: Audino|Audino-Mega, M|382\/410
|move|p1a: Slowking|Trick Room|p1a: Slowking
|-fieldstart|move: Trick Room|[of] p1a: Slowking
|
|-damage|p1a: Slowking|65\/394 tox|[from] psn
|upkeep
|turn|96
|c|☆snagaa|like always
|c|+Kushalos|oh
|c|+Kushalos|hes
|choice|switch 2|move healbell
|
|switch|p1a: Registeel|Registeel|82\/364 brn
|move|p2a: Audino|Heal Bell|p2a: Audino
|-activate|p2a: Audino|move: Heal Bell
|-curestatus|p2: Flygon|brn|[msg]
|-curestatus|p2: Slowking|tox|[msg]
|
|-damage|p1a: Registeel|37\/364 brn|[from] brn
|upkeep
|turn|97
|c|+Kushalos|cleric audinlo
|c|☆snagaa|ya
|c|☆snagaa|he should win
|choice|move rest|switch 2
|
|switch|p2a: Flygon|Flygon, F|73\/311
|move|p1a: Registeel|Rest|p1a: Registeel
|-status|p1a: Registeel|slp
|-heal|p1a: Registeel|364\/364 slp|[silent]
|-status|p1a: Registeel|slp|[from] move: Rest
|
|upkeep
|turn|98
|c|+Kushalos|you got
|c|+Kushalos|a venu
|c|☆snagaa|wanna see me get bailed again
|choice|switch 2|move roost
|
|switch|p1a: Slowking|Slowking, M|196\/394 tox
|move|p2a: Flygon|Roost|p2a: Flygon
|-heal|p2a: Flygon|229\/311
|
|-damage|p1a: Slowking|172\/394 tox|[from] psn
|upkeep
|turn|99
|choice|switch 4|move uturn
|
|switch|p1a: Venusaur|Venusaur, F|214\/364
|move|p2a: Flygon|U-turn|p1a: Venusaur
|-damage|p1a: Venusaur|156\/364
|c|☆snagaa|,
|c|☆snagaa|whomst
|c|☆snagaa|I guess it doesn't matter
|c|☆snagaa|but
|c|+Kushalos|oh
|choice||switch 2
|
|switch|p2a: Audino|Audino-Mega, M|382\/410
|
|-fieldend|move: Trick Room
|upkeep
|turn|100
|c|+Kushalos|ur out
|c|+Kushalos|of synth
|c|+Kushalos|rofl
|c|☆snagaa|yea
|choice|move sludgebomb|move wish
|
|move|p1a: Venusaur|Sludge Bomb|p2a: Audino
|-supereffective|p2a: Audino
|-damage|p2a: Audino|224\/410
|-status|p2a: Audino|psn
|move|p2a: Audino|Wish|p2a: Audino
|
|-damage|p2a: Audino|173\/410 psn|[from] psn
|upkeep
|turn|101
|c|☆snagaa|idg why he u turned
|choice|move gigadrain|move healbell
|
|move|p1a: Venusaur|Giga Drain|p2a: Audino
|-damage|p2a: Audino|98\/410 psn
|-heal|p1a: Venusaur|194\/364|[from] drain|[of] p2a: Audino
|move|p2a: Audino|Heal Bell|p2a: Audino
|-activate|p2a: Audino|move: Heal Bell
|-curestatus|p2a: Audino|psn|[msg]
|
|-heal|p2a: Audino|303\/410|[from] move: Wish|[wisher] Audino
|upkeep
|turn|102
|choice|move sludgebomb|move wish
|
|move|p1a: Venusaur|Sludge Bomb|p2a: Audino
|-supereffective|p2a: Audino
|-damage|p2a: Audino|133\/410
|move|p2a: Audino|Wish|p2a: Audino
|
|upkeep
|turn|103
|c|+Kushalos|so goud
|choice|move sludgebomb|move protect
|
|move|p2a: Audino|Protect|p2a: Audino
|-singleturn|p2a: Audino|Protect
|move|p1a: Venusaur|Sludge Bomb|p2a: Audino
|-activate|p2a: Audino|move: Protect
|
|-heal|p2a: Audino|338\/410|[from] move: Wish|[wisher] Audino
|upkeep
|turn|104
|c|☆snagaa|give me a poison here
|choice|move sludgebomb|move wish
|
|move|p1a: Venusaur|Sludge Bomb|p2a: Audino
|-supereffective|p2a: Audino
|-damage|p2a: Audino|164\/410
|move|p2a: Audino|Wish|p2a: Audino
|
|upkeep
|turn|105
|choice|move sludgebomb|move protect
|
|move|p2a: Audino|Protect|p2a: Audino
|-singleturn|p2a: Audino|Protect
|move|p1a: Venusaur|Sludge Bomb|p2a: Audino
|-activate|p2a: Audino|move: Protect
|
|-heal|p2a: Audino|369\/410|[from] move: Wish|[wisher] Audino
|upkeep
|turn|106
|choice|move sludgebomb|move wish
|
|move|p1a: Venusaur|Sludge Bomb|p2a: Audino
|-supereffective|p2a: Audino
|-damage|p2a: Audino|205\/410
|-status|p2a: Audino|psn
|move|p2a: Audino|Wish|p2a: Audino
|
|-damage|p2a: Audino|154\/410 psn|[from] psn
|upkeep
|turn|107
|choice|move gigadrain|move protect
|
|move|p2a: Audino|Protect|p2a: Audino
|-singleturn|p2a: Audino|Protect
|move|p1a: Venusaur|Giga Drain|p2a: Audino
|-activate|p2a: Audino|move: Protect
|
|-heal|p2a: Audino|359\/410 psn|[from] move: Wish|[wisher] Audino
|-damage|p2a: Audino|308\/410 psn|[from] psn
|upkeep
|turn|108
|c|☆snagaa|misclick
|c|☆snagaa|f
|choice|move sludgebomb|move wish
|
|move|p1a: Venusaur|Sludge Bomb|p2a: Audino
|-supereffective|p2a: Audino
|-damage|p2a: Audino|150\/410 psn
|move|p2a: Audino|Wish|p2a: Audino
|
|-damage|p2a: Audino|99\/410 psn|[from] psn
|upkeep
|turn|109
|choice|move sludgebomb|move protect
|
|move|p2a: Audino|Protect|p2a: Audino
|-singleturn|p2a: Audino|Protect
|move|p1a: Venusaur|Sludge Bomb|p2a: Audino
|-activate|p2a: Audino|move: Protect
|
|-heal|p2a: Audino|304\/410 psn|[from] move: Wish|[wisher] Audino
|-damage|p2a: Audino|253\/410 psn|[from] psn
|upkeep
|turn|110
|choice|move sludgebomb|switch 2
|
|switch|p2a: Flygon|Flygon, F|229\/311
|move|p1a: Venusaur|Sludge Bomb|p2a: Flygon
|-resisted|p2a: Flygon
|-damage|p2a: Flygon|166\/311
|
|upkeep
|turn|111
|choice|move gigadrain|move earthquake
|
|move|p2a: Flygon|Earthquake|p1a: Venusaur
|-damage|p1a: Venusaur|71\/364
|move|p1a: Venusaur|Giga Drain|p2a: Flygon
|-damage|p2a: Flygon|9\/311
|-heal|p1a: Venusaur|150\/364|[from] drain|[of] p2a: Flygon
|
|upkeep
|turn|112
|c|☆snagaa|fk
|c|+Kushalos|so many strokes
|choice|move sludgebomb|move roost
|
|move|p2a: Flygon|Roost|p2a: Flygon
|-heal|p2a: Flygon|165\/311
|move|p1a: Venusaur|Sludge Bomb|p2a: Flygon
|-resisted|p2a: Flygon
|-damage|p2a: Flygon|97\/311
|-status|p2a: Flygon|psn
|
|-damage|p2a: Flygon|59\/311 psn|[from] psn
|upkeep
|turn|113
|choice|move sludgebomb|move uturn
|
|move|p2a: Flygon|U-turn|p1a: Venusaur
|-damage|p1a: Venusaur|88\/364
|choice||switch 6
|
|switch|p2a: Slowking|Slowking, M|364\/393
|move|p1a: Venusaur|Sludge Bomb|p2a: Slowking
|-damage|p2a: Slowking|262\/393
|-status|p2a: Slowking|psn
|
|-damage|p2a: Slowking|213\/393 psn|[from] psn
|upkeep
|turn|114
|choice|move gigadrain|move psyshock
|
|move|p1a: Venusaur|Giga Drain|p2a: Slowking
|-supereffective|p2a: Slowking
|-damage|p2a: Slowking|0 fnt
|-heal|p1a: Venusaur|195\/364|[from] drain|[of] p2a: Slowking
|faint|p2a: Slowking
|
|upkeep
|choice||switch 6
|
|switch|p2a: Flygon|Flygon, F|59\/311 psn
|turn|115
|c|+Kushalos|yo snaga
|c|+Kushalos|this song
|c|+Kushalos|is p dope
|c|☆snagaa|sup
|c|+Kushalos|https:\/\/www.youtube.com\/watch?v=pT68FS3YbQ4
|c|☆snagaa|I thought you were talking about me
|c|☆snagaa|I was like
|c|☆snagaa|uhhh
|choice|switch 4|move roost
|
|switch|p1a: Slowking|Slowking, M|303\/394 tox
|move|p2a: Flygon|Roost|p2a: Flygon
|-heal|p2a: Flygon|215\/311 psn
|
|-damage|p2a: Flygon|177\/311 psn|[from] psn
|-damage|p1a: Slowking|279\/394 tox|[from] psn
|upkeep
|turn|116
|choice|move psychic|move uturn
|
|move|p2a: Flygon|U-turn|p1a: Slowking
|-supereffective|p1a: Slowking
|-damage|p1a: Slowking|161\/394 tox
|choice||switch 2
|
|switch|p2a: Audino|Audino-Mega, M|253\/410 psn
|move|p1a: Slowking|Psychic|p2a: Audino
|-damage|p2a: Audino|175\/410 psn
|
|-damage|p2a: Audino|124\/410 psn|[from] psn
|-damage|p1a: Slowking|113\/394 tox|[from] psn
|upkeep
|turn|117
|choice|switch 4|move healbell
|
|switch|p1a: Venusaur|Venusaur, F|195\/364
|move|p2a: Audino|Heal Bell|p2a: Audino
|-activate|p2a: Audino|move: Heal Bell
|-curestatus|p2a: Audino|psn|[msg]
|-curestatus|p2: Flygon|psn|[msg]
|
|upkeep
|turn|118
|choice|move sludgebomb|move protect
|
|move|p2a: Audino|Protect|p2a: Audino
|-singleturn|p2a: Audino|Protect
|move|p1a: Venusaur|Sludge Bomb|p2a: Audino
|-activate|p2a: Audino|move: Protect
|
|upkeep
|turn|119
|choice|move sludgebomb|switch 2
|
|switch|p2a: Flygon|Flygon, F|177\/311
|move|p1a: Venusaur|Sludge Bomb|p2a: Flygon
|-resisted|p2a: Flygon
|-damage|p2a: Flygon|108\/311
|-status|p2a: Flygon|psn
|
|-damage|p2a: Flygon|70\/311 psn|[from] psn
|upkeep
|turn|120
|choice|move knockoff|move uturn
|
|move|p2a: Flygon|U-turn|p1a: Venusaur
|-damage|p1a: Venusaur|136\/364
|choice||switch 2
|
|switch|p2a: Audino|Audino-Mega, M|124\/410
|move|p1a: Venusaur|Knock Off|p2a: Audino
|-resisted|p2a: Audino
|-damage|p2a: Audino|112\/410
|
|upkeep
|turn|121
|choice|move knockoff|move protect
|
|move|p2a: Audino|Protect|p2a: Audino
|-singleturn|p2a: Audino|Protect
|move|p1a: Venusaur|Knock Off|p2a: Audino
|-activate|p2a: Audino|move: Protect
|
|upkeep
|turn|122
|c|+Kushalos|just get
|c|+Kushalos|double tect
|choice|move sludgebomb|move protect
|
|move|p2a: Audino|Protect|p2a: Audino
|-singleturn|p2a: Audino|Protect
|move|p1a: Venusaur|Sludge Bomb|p2a: Audino
|-activate|p2a: Audino|move: Protect
|
|upkeep
|turn|123
|c|☆snagaa|,
|c|+Kushalos|LOOOL
|c|☆snagaa|man
|choice|switch 4|move wish
|
|switch|p1a: Slowking|Slowking, M|244\/394 tox
|move|p2a: Audino|Wish|p2a: Audino
|
|-damage|p1a: Slowking|220\/394 tox|[from] psn
|upkeep
|turn|124
|choice|switch 2|move healbell
|
|switch|p1a: Registeel|Registeel|364\/364 slp
|move|p2a: Audino|Heal Bell|p2a: Audino
|-activate|p2a: Audino|move: Heal Bell
|-curestatus|p2: Flygon|psn|[msg]
|
|-heal|p2a: Audino|317\/410|[from] move: Wish|[wisher] Audino
|upkeep
|turn|125
|choice|switch 2|switch 2
|
|switch|p2a: Flygon|Flygon, F|70\/311
|switch|p1a: Slowking|Slowking, M|351\/394 tox
|
|-damage|p1a: Slowking|327\/394 tox|[from] psn
|upkeep
|turn|126
|J|Sand Castleツ
|c|☆snagaa|too bad it doesn't heal me
|choice|move scald|move uturn
|
|move|p2a: Flygon|U-turn|p1a: Slowking
|-supereffective|p1a: Slowking
|-damage|p1a: Slowking|219\/394 tox
|choice||switch 2
|
|switch|p2a: Audino|Audino-Mega, M|317\/410
|move|p1a: Slowking|Scald|p2a: Audino
|-damage|p2a: Audino|245\/410
|-status|p2a: Audino|brn
|
|-damage|p2a: Audino|194\/410 brn|[from] brn
|-damage|p1a: Slowking|171\/394 tox|[from] psn
|upkeep
|turn|127
|choice|move nastyplot|move wish
|
|move|p2a: Audino|Wish|p2a: Audino
|move|p1a: Slowking|Nasty Plot|p1a: Slowking
|-boost|p1a: Slowking|spa|2
|
|-damage|p2a: Audino|143\/410 brn|[from] brn
|-damage|p1a: Slowking|99\/394 tox|[from] psn
|upkeep
|turn|128
|choice|switch 2|move protect
|
|switch|p1a: Registeel|Registeel|364\/364 slp
|move|p2a: Audino|Protect|p2a: Audino
|-fail|p2a: Audino
|
|-heal|p2a: Audino|348\/410 brn|[from] move: Wish|[wisher] Audino
|-damage|p2a: Audino|297\/410 brn|[from] brn
|upkeep
|turn|129
|choice|move ironhead|move healbell
|
|move|p2a: Audino|Heal Bell|p2a: Audino
|-activate|p2a: Audino|move: Heal Bell
|-curestatus|p2a: Audino|brn|[msg]
|cant|p1a: Registeel|slp
|
|upkeep
|turn|130
|choice|switch 2|switch 2
|
|switch|p2a: Flygon|Flygon, F|70\/311
|switch|p1a: Slowking|Slowking, M|230\/394 tox
|
|-damage|p1a: Slowking|206\/394 tox|[from] psn
|upkeep
|turn|131
|c|+ChillShadow|?
|c|+ChillShadow|didnt it wake up this turn
|c|☆snagaa|idk
|choice|move scald|move roost
|
|move|p2a: Flygon|Roost|p2a: Flygon
|-heal|p2a: Flygon|226\/311
|move|p1a: Slowking|Scald|p2a: Flygon
|-damage|p2a: Flygon|117\/311
|
|-damage|p1a: Slowking|158\/394 tox|[from] psn
|upkeep
|turn|132
|c|☆koldkappuccino|he switched out so it isnt considered as a turn
|c|+ChillShadow|i didnt watch the game
|choice|move scald|move roost
|
|move|p2a: Flygon|Roost|p2a: Flygon
|-heal|p2a: Flygon|273\/311
|move|p1a: Slowking|Scald|p2a: Flygon
|-damage|p2a: Flygon|158\/311
|-status|p2a: Flygon|brn
|
|-damage|p2a: Flygon|120\/311 brn|[from] brn
|-damage|p1a: Slowking|86\/394 tox|[from] psn
|upkeep
|turn|133
|choice|switch 2|move roost
|
|switch|p1a: Registeel|Registeel|364\/364 slp
|move|p2a: Flygon|Roost|p2a: Flygon
|-heal|p2a: Flygon|276\/311 brn
|
|-damage|p2a: Flygon|238\/311 brn|[from] brn
|upkeep
|turn|134
|c|+ChillShadow|but lol at u both thinking 0 atk flygon can take on registeel
|choice|move curse|move uturn
|
|move|p2a: Flygon|U-turn|p1a: Registeel
|-resisted|p1a: Registeel
|-damage|p1a: Registeel|353\/364 slp
|c|☆snagaa|it can
|choice||switch 2
|
|switch|p2a: Audino|Audino-Mega, M|297\/410
|cant|p1a: Registeel|slp
|
|upkeep
|turn|135
|c|☆snagaa|it did 48
|c|☆snagaa|38
|c|☆snagaa|at +2
|c|☆snagaa|1
|choice|move curse|move healbell
|
|move|p2a: Audino|Heal Bell|p2a: Audino
|-activate|p2a: Audino|move: Heal Bell
|-curestatus|p2: Flygon|brn|[msg]
|-curestatus|p1a: Registeel|slp|[msg]
|move|p1a: Registeel|Curse|p1a: Registeel
|-unboost|p1a: Registeel|spe|1
|-boost|p1a: Registeel|atk|1
|-boost|p1a: Registeel|def|1
|
|upkeep
|turn|136
|choice|move curse|switch 2
|
|switch|p2a: Flygon|Flygon, F|238\/311
|move|p1a: Registeel|Curse|p1a: Registeel
|-unboost|p1a: Registeel|spe|1
|-boost|p1a: Registeel|atk|1
|-boost|p1a: Registeel|def|1
|
|upkeep
|turn|137
|choice|move ironhead|move earthquake
|
|move|p2a: Flygon|Earthquake|p1a: Registeel
|-supereffective|p1a: Registeel
|-damage|p1a: Registeel|255\/364
|move|p1a: Registeel|Iron Head|p2a: Flygon
|-damage|p2a: Flygon|61\/311
|
|upkeep
|turn|138
|choice|move ironhead|move earthquake
|
|move|p2a: Flygon|Earthquake|p1a: Registeel
|-supereffective|p1a: Registeel
|-crit|p1a: Registeel
|-damage|p1a: Registeel|0 fnt
|faint|p1a: Registeel
|
|upkeep
|c|☆snagaa|dsafjaos
|c|+ChillShadow|lol
|c|☆snagaa|fjaosf
|c|☆snagaa|afjas
|c|☆snagaa|dfjas
|c|☆snagaa|pja
|c|☆snagaa|osdfj
|c|☆snagaa|oaf
|c|☆snagaa|bro
|c|☆koldkappuccino|lol!am sry
|choice|switch 2|
|
|switch|p1a: Slowking|Slowking, M|217\/394 tox
|turn|139
|choice|move nastyplot|move roost
|
|move|p2a: Flygon|Roost|p2a: Flygon
|-heal|p2a: Flygon|217\/311
|move|p1a: Slowking|Nasty Plot|p1a: Slowking
|-boost|p1a: Slowking|spa|2
|
|-damage|p1a: Slowking|193\/394 tox|[from] psn
|upkeep
|turn|140
|choice|move psychic|move uturn
|
|move|p2a: Flygon|U-turn|p1a: Slowking
|-supereffective|p1a: Slowking
|-damage|p1a: Slowking|79\/394 tox
|choice||switch 2
|
|switch|p2a: Audino|Audino-Mega, M|297\/410
|move|p1a: Slowking|Psychic|p2a: Audino
|-damage|p2a: Audino|123\/410
|
|-damage|p1a: Slowking|31\/394 tox|[from] psn
|upkeep
|turn|141
|choice|switch 4|move wish
|
|switch|p1a: Venusaur|Venusaur, F|136\/364
|move|p2a: Audino|Wish|p2a: Audino
|
|upkeep
|turn|142
|choice|switch 4|move dazzlinggleam
|
|switch|p1a: Slowking|Slowking, M|162\/394 tox
|move|p2a: Audino|Dazzling Gleam|p1a: Slowking
|-damage|p1a: Slowking|95\/394 tox
|
|-heal|p2a: Audino|328\/410|[from] move: Wish|[wisher] Audino
|-damage|p1a: Slowking|71\/394 tox|[from] psn
|upkeep
|turn|143
|choice|switch 4|move dazzlinggleam
|
|switch|p1a: Venusaur|Venusaur, F|136\/364
|move|p2a: Audino|Dazzling Gleam|p1a: Venusaur
|-resisted|p1a: Venusaur
|-damage|p1a: Venusaur|98\/364
|
|upkeep
|turn|144
|choice|switch 4|switch 2
|
|switch|p1a: Slowking|Slowking, M|202\/394 tox
|switch|p2a: Flygon|Flygon, F|217\/311
|
|-damage|p1a: Slowking|178\/394 tox|[from] psn
|upkeep
|turn|145
|choice|switch 4|move earthquake
|
|switch|p1a: Venusaur|Venusaur, F|98\/364
|move|p2a: Flygon|Earthquake|p1a: Venusaur
|-damage|p1a: Venusaur|0 fnt
|faint|p1a: Venusaur
|
|upkeep
|choice|switch 4|
|
|switch|p1a: Slowking|Slowking, M|309\/394 tox
|turn|146
|choice|move nastyplot|move uturn
|
|move|p2a: Flygon|U-turn|p1a: Slowking
|-supereffective|p1a: Slowking
|-damage|p1a: Slowking|195\/394 tox
|choice||switch 2
|
|switch|p2a: Audino|Audino-Mega, M|328\/410
|move|p1a: Slowking|Nasty Plot|p1a: Slowking
|-boost|p1a: Slowking|spa|2
|
|-damage|p1a: Slowking|171\/394 tox|[from] psn
|upkeep
|turn|147
|c|☆snagaa|I'm not playing g3 rn
|c|☆snagaa|that was bs
|-message|snagaa forfeited.
|
|win|koldkappuccino</script>
</div>
<div class="battle-log battle-log-inline"><div class="inner"><div class="battle-options"></div><div class="inner"><div class="chat message-error">Battle timer is ON: inactive players will automatically lose when time's up.</div><div class=""><small>Format:</small> <br><strong>RU</strong></div><div class=""><small><em>Sleep Clause Mod:</em> Limit one foe put to sleep</small></div><div class=""><small><em>Species Clause:</em> Limit one of each Pokémon</small></div><div class=""><small><em>OHKO Clause:</em> OHKO moves are banned</small></div><div class=""><small><em>Moody Clause:</em> Moody is banned</small></div><div class=""><small><em>Evasion Moves Clause:</em> Evasion moves are banned</small></div><div class=""><small><em>Endless Battle Clause:</em> Forcing endless battles is banned</small></div><div class=""><small><em>HP Percentage Mod:</em> HP is shown in percentages</small></div><div class=""><small><em>Swagger Clause:</em> Swagger is banned</small></div><div class=""><small><em>Baton Pass Clause:</em> Limit one Baton Passer, can't pass Spe and other stats simultaneously</small></div><div class="chat battle-history"><strong>snagaa's team:</strong> <em style="color:#445566;display:block;">Slowking / Scrafty / Registeel / Camerupt / Venusaur / Granbull</em></div><div class="chat battle-history"><strong>koldkappuccino's team:</strong> <em style="color:#445566;display:block;">Registeel / Virizion / Slowking / Drapion / Audino / Flygon</em></div><div class="chat chatmessage-snagaa"><strong style="color:hsl(343,43%,47.900680738271376%)"><small>☆</small><span class="username" data-name="snagaa">snagaa</span>:</strong> <em>hf</em></div><div class="chat chatmessage-koldkappuccino"><strong style="color:hsl(136,88%,34.86008565237191%)"><small>☆</small><span class="username" data-name="koldkappuccino">koldkappuccino</span>:</strong> <em>same</em></div><div class="spacer battle-history"><br></div><div class="battle-history">Battle started between snagaa and koldkappuccino!<br></div><div class="spacer battle-history"><br></div><div class="battle-history">Go! <strong>Camerupt</strong>!<br></div><div class="spacer battle-history"><br></div><div class="battle-history">koldkappuccino sent out <strong>Slowking</strong>!<br></div><div class="spacer battle-history"><br></div><h2 class="battle-history">Turn 1</h2><div class="spacer battle-history"><br></div><div class="battle-history">Camerupt, come back!<br></div><div class="battle-history">Go! <strong>Registeel</strong>!<br></div><div class="spacer battle-history"><br></div><div class="battle-history">The opposing Slowking used <strong>Scald</strong>!<br></div><div class="battle-history"><small>(Registeel lost <abbr title="−54/364">14.8%</abbr> of its health!)</small><br></div><div class="spacer battle-history"><br></div><div class="battle-history"><small>Registeel restored a little HP using its Leftovers!</small><br></div><div class="spacer battle-history"><br></div><h2 class="battle-history">Turn 2</h2><div class="spacer battle-history"><br></div><div class="battle-history">Registeel, come back!<br></div><div class="battle-history">Go! <strong>Venusaur</strong>!<br></div><div class="spacer battle-history"><br></div><div class="battle-history">koldkappuccino withdrew Slowking!<br></div><div class="battle-history">koldkappuccino sent out <strong>Flygon</strong>!<br></div><div class="spacer battle-history"><br></div><h2 class="battle-history">Turn 3</h2><div class="spacer battle-history"><br></div><div class="battle-history">The opposing Flygon used <strong>U-turn</strong>!<br></div><div class="battle-history"><small>(Venusaur lost <abbr title="−57/364">15.7%</abbr> of its health!)</small><br></div><div class="spacer battle-history"><br></div><div class="battle-history">The opposing Flygon went back to koldkappuccino!<br></div><div class="battle-history">koldkappuccino sent out <strong>Virizion</strong>!<br></div><div class="spacer battle-history"><br></div><div class="battle-history">Venusaur used <strong>Knock Off</strong>!<br></div><div class="battle-history"><small>It's not very effective...</small><br></div><div class="battle-history"><small>(The opposing Virizion lost <abbr title="−37/323">11.5%</abbr> of its health!)</small><br></div><div class="battle-history"><small>[The opposing Virizion's Justified]</small><br></div><div class="battle-history"><small>The opposing Virizion's Attack rose!</small><br></div><div class="battle-history"><small>Venusaur knocked off the opposing Virizion's Lum Berry!</small><br></div><div class="spacer battle-history"><br></div><div class="battle-history"><small>Venusaur restored a little HP using its Black Sludge!</small><br></div><div class="spacer battle-history"><br></div><h2 class="battle-history">Turn 4</h2><div class="spacer battle-history"><br></div><div class="battle-history">Venusaur, come back!<br></div><div class="battle-history">Go! <strong>Granbull</strong>!<br></div><div class="battle-history"><small>[Granbull's Intimidate]</small><br></div><div class="battle-history"><small>The opposing Virizion's Attack fell!</small><br></div><div class="spacer battle-history"><br></div><div class="battle-history">The opposing Virizion used <strong>Zen Headbutt</strong>!<br></div><div class="battle-history"><small>(Granbull lost <abbr title="−57/384">14.8%</abbr> of its health!)</small><br></div><div class="spacer battle-history"><br></div><div class="battle-history"><small>Granbull restored a little HP using its Leftovers!</small><br></div><div class="spacer battle-history"><br></div><h2 class="battle-history">Turn 5</h2><div class="spacer battle-history"><br></div><div class="battle-history">koldkappuccino withdrew Virizion!<br></div><div class="battle-history">koldkappuccino sent out <strong>Registeel</strong>!<br></div><div class="spacer battle-history"><br></div><div class="battle-history">Granbull used <strong>Super Fang</strong>!<br></div><div class="battle-history"><small>(The opposing Registeel lost <abbr title="−182/364">50%</abbr> of its health!)</small><br></div><div class="spacer battle-history"><br></div><div class="battle-history"><small>The opposing Registeel restored a little HP using its Leftovers!</small><br></div><div class="battle-history"><small>Granbull restored a little HP using its Leftovers!</small><br></div><div class="spacer battle-history"><br></div><h2 class="battle-history">Turn 6</h2><div class="spacer battle-history"><br></div><div class="battle-history">The opposing Registeel used <strong>Toxic</strong>!<br></div><div class="battle-history"><small>Granbull was badly poisoned!</small><br></div><div class="spacer battle-history"><br></div><div class="battle-history">Granbull used <strong>Fire Punch</strong>!<br></div><div class="battle-history"><small>It's super effective!</small><br></div><div class="battle-history"><small>(The opposing Registeel lost <abbr title="−100/364">27.5%</abbr> of its health!)</small><br></div><div class="spacer battle-history"><br></div><div class="battle-history"><small>The opposing Registeel restored a little HP using its Leftovers!</small><br></div><div class="battle-history"><small>Granbull restored a little HP using its Leftovers!</small><br></div><div class="battle-history"><small>Granbull was hurt by poison!</small><br></div><div class="spacer battle-history"><br></div><h2 class="battle-history">Turn 7</h2><div class="spacer battle-history"><br></div><div class="battle-history">The opposing Registeel used <strong>Stealth Rock</strong>!<br></div><div class="battle-history"><small>Pointed stones float in the air around your team!</small><br></div><div class="spacer battle-history"><br></div><div class="battle-history">Granbull used <strong>Heal Bell</strong>!<br></div><div class="battle-history"><small>A bell chimed!</small><br></div><div class="battle-history"><small>Granbull was cured of its poisoning.</small><br></div><div class="spacer battle-history"><br></div><div class="battle-history"><small>The opposing Registeel restored a little HP using its Leftovers!</small><br></div><div class="battle-history"><small>Granbull restored a little HP using its Leftovers!</small><br></div><div class="spacer battle-history"><br></div><h2 class="battle-history">Turn 8</h2><div class="spacer battle-history"><br></div><div class="battle-history">koldkappuccino withdrew Registeel!<br></div><div class="battle-history">koldkappuccino sent out <strong>Slowking</strong>!<br></div><div class="spacer battle-history"><br></div><div class="battle-history">Granbull, come back!<br></div><div class="battle-history">Go! <strong>Scrafty</strong>!<br></div><div class="battle-history"><small>Pointed stones dug into Scrafty!</small><br></div><div class="spacer battle-history"><br></div><div class="battle-history"><small>Scrafty restored a little HP using its Leftovers!</small><br></div><div class="spacer battle-history"><br></div><h2 class="battle-history">Turn 9</h2><div class="spacer battle-history"><br></div><div class="battle-history">koldkappuccino withdrew Slowking!<br></div><div class="battle-history">koldkappuccino sent out <strong>Virizion</strong>!<br></div><div class="spacer battle-history"><br></div><div class="battle-history">Scrafty used <strong>Knock Off</strong>!<br></div><div class="battle-history"><small>It's not very effective...</small><br></div><div class="battle-history"><small>(The opposing Virizion lost <abbr title="−54/323">16.7%</abbr> of its health!)</small><br></div><div class="battle-history"><small>[The opposing Virizion's Justified]</small><br></div><div class="battle-history"><small>The opposing Virizion's Attack rose!</small><br></div><div class="spacer battle-history"><br></div><h2 class="battle-history">Turn 10</h2><div class="spacer battle-history"><br></div><div class="battle-history">The opposing Virizion used <strong>Leaf Blade</strong>!<br></div><div class="battle-history"><small>(Scrafty lost <abbr title="−151/271">55.7%</abbr> of its health!)</small><br></div><div class="spacer battle-history"><br></div><div class="battle-history">Scrafty used <strong>Dragon Dance</strong>!<br></div><div class="battle-history"><small>Scrafty's Attack rose!</small><br></div><div class="battle-history"><small>Scrafty's Speed rose!</small><br></div><div class="spacer battle-history"><br></div><div class="battle-history"><small>Scrafty restored a little HP using its Leftovers!</small><br></div><div class="spacer battle-history"><br></div><h2 class="battle-history">Turn 11</h2><div class="spacer battle-history"><br></div><div class="battle-history">Scrafty used <strong>High Jump Kick</strong>!<br></div><div class="battle-history"><small>(The opposing Virizion lost <abbr title="−232/323">71.8%</abbr> of its health!)</small><br></div><div class="spacer battle-history"><br></div><div class="battle-history">The opposing Virizion fainted!<br></div><div class="spacer battle-history"><br></div><div class="battle-history"><small>Scrafty restored a little HP using its Leftovers!</small><br></div><div class="chat chatmessage-koldkappuccino"><strong style="color:hsl(136,88%,34.86008565237191%)"><small>☆</small><span class="username" data-name="koldkappuccino">koldkappuccino</span>:</strong> <em>i just failed to do +1 to the damage calculator and choked</em></div><div class="spacer battle-history"><br></div><div class="battle-history">koldkappuccino sent out <strong>Audino</strong>!<br></div><div class="spacer battle-history"><br></div><h2 class="battle-history">Turn 12</h2><div class="spacer battle-history"><br></div><div class="battle-history">Scrafty, come back!<br></div><div class="battle-history">Go! <strong>Registeel</strong>!<br></div><div class="battle-history"><small>Pointed stones dug into Registeel!</small><br></div><div class="spacer battle-history"><br></div><div class="battle-history"><small>The opposing Audino's Audinite is reacting to koldkappuccino's Mega Bracelet!</small><br>The opposing Audino has Mega Evolved into Mega Audino!<br></div><div class="spacer battle-history"><br></div><div class="battle-history">The opposing Audino used <strong>Dazzling Gleam</strong>!<br></div><div class="battle-history"><small>It's not very effective...</small><br></div><div class="battle-history"><small>(Registeel lost <abbr title="−20/364">5.5%</abbr> of its health!)</small><br></div><div class="spacer battle-history"><br></div><div class="battle-history"><small>Registeel restored a little HP using its Leftovers!</small><br></div><div class="spacer battle-history"><br></div><h2 class="battle-history">Turn 13</h2><div class="spacer battle-history"><br></div><div class="battle-history">koldkappuccino withdrew Audino!<br></div><div class="battle-history">koldkappuccino sent out <strong>Drapion</strong>!<br></div><div class="spacer battle-history"><br></div><div class="battle-history">Registeel used <strong>Toxic</strong>!<br></div><div class="battle-history"><small>It doesn't affect the opposing Drapion...</small><br></div><div class="spacer battle-history"><br></div><div class="battle-history"><small>Registeel restored a little HP using its Leftovers!</small><br></div><div class="spacer battle-history"><br></div><h2 class="battle-history">Turn 14</h2><div class="spacer battle-history"><br></div><div class="battle-history">The opposing Drapion used <strong>Knock Off</strong>!<br></div><div class="battle-history"><small>(Registeel lost <abbr title="−94/364">25.8%</abbr> of its health!)</small><br></div><div class="battle-history"><small>The opposing Drapion knocked off Registeel's Leftovers!</small><br></div><div class="spacer battle-history"><br></div><div class="battle-history">Registeel used <strong>Curse</strong>!<br></div><div class="battle-history"><small>Registeel's Speed fell!</small><br></div><div class="battle-history"><small>Registeel's Attack rose!</small><br></div><div class="battle-history"><small>Registeel's Defense rose!</small><br></div><div class="spacer battle-history"><br></div><h2 class="battle-history">Turn 15</h2><div class="chat chatmessage-kushalos"><strong style="color:hsl(241,86%,63.275220778172695%)"><small>+</small><span class="username" data-name="Kushalos">Kushalos</span>:</strong> <em>thats a snagaawrap</em></div><div class="chat chatmessage-kushalos"><strong style="color:hsl(241,86%,63.275220778172695%)"><small>+</small><span class="username" data-name="Kushalos">Kushalos</span>:</strong> <em>right there</em></div><div class="spacer battle-history"><br></div><div class="battle-history">koldkappuccino withdrew Drapion!<br></div><div class="battle-history">koldkappuccino sent out <strong>Registeel</strong>!<br></div><div class="spacer battle-history"><br></div><div class="battle-history">Registeel used <strong>Curse</strong>!<br></div><div class="battle-history"><small>Registeel's Speed fell!</small><br></div><div class="battle-history"><small>Registeel's Attack rose!</small><br></div><div class="battle-history"><small>Registeel's Defense rose!</small><br></div><div class="spacer battle-history"><br></div><div class="battle-history"><small>The opposing Registeel restored a little HP using its Leftovers!</small><br></div><div class="spacer battle-history"><br></div><h2 class="battle-history">Turn 16</h2><div class="spacer battle-history"><br></div><div class="battle-history">The opposing Registeel used <strong>Seismic Toss</strong>!<br></div><div class="battle-history"><small>(Registeel lost <abbr title="−100/364">27.5%</abbr> of its health!)</small><br></div><div class="spacer battle-history"><br></div><div class="battle-history">Registeel used <strong>Curse</strong>!<br></div><div class="battle-history"><small>Registeel's Speed fell!</small><br></div><div class="battle-history"><small>Registeel's Attack rose!</small><br></div><div class="battle-history"><small>Registeel's Defense rose!</small><br></div><div class="spacer battle-history"><br></div><div class="battle-history"><small>The opposing Registeel restored a little HP using its Leftovers!</small><br></div><div class="spacer battle-history"><br></div><h2 class="battle-history">Turn 17</h2><div class="spacer battle-history"><br></div><div class="battle-history">The opposing Registeel used <strong>Seismic Toss</strong>!<br></div><div class="battle-history"><small>(Registeel lost <abbr title="−100/364">27.5%</abbr> of its health!)</small><br></div><div class="spacer battle-history"><br></div><div class="battle-history">Registeel used <strong>Rest</strong>!<br></div><div class="battle-history"><small>Registeel fell asleep!</small><br></div><div class="battle-history"><small>Registeel slept and became healthy!</small><br></div><div class="spacer battle-history"><br></div><div class="battle-history"><small>The opposing Registeel restored a little HP using its Leftovers!</small><br></div><div class="spacer battle-history"><br></div><h2 class="battle-history">Turn 18</h2><div class="spacer battle-history"><br></div><div class="battle-history">Registeel, come back!<br></div><div class="battle-history">Go! <strong>Venusaur</strong>!<br></div><div class="battle-history"><small>Pointed stones dug into Venusaur!</small><br></div><div class="spacer battle-history"><br></div><div class="battle-history">The opposing Registeel used <strong>Seismic Toss</strong>!<br></div><div class="battle-history"><small>(Venusaur lost <abbr title="−100/364">27.5%</abbr> of its health!)</small><br></div><div class="spacer battle-history"><br></div><div class="battle-history"><small>Venusaur restored a little HP using its Black Sludge!</small><br></div><div class="battle-history"><small>The opposing Registeel restored a little HP using its Leftovers!</small><br></div><div class="spacer battle-history"><br></div><h2 class="battle-history">Turn 19</h2><div class="spacer battle-history"><br></div><div class="battle-history">Venusaur used <strong>Knock Off</strong>!<br></div><div class="battle-history"><small>(The opposing Registeel lost <abbr title="−40/364">11.0%</abbr> of its health!)</small><br></div><div class="battle-history"><small>Venusaur knocked off the opposing Registeel's Leftovers!</small><br></div><div class="spacer battle-history"><br></div><div class="battle-history">The opposing Registeel used <strong>Seismic Toss</strong>!<br></div><div class="battle-history"><small>(Venusaur lost <abbr title="−100/364">27.5%</abbr> of its health!)</small><br></div><div class="spacer battle-history"><br></div><div class="battle-history"><small>Venusaur restored a little HP using its Black Sludge!</small><br></div><div class="spacer battle-history"><br></div><h2 class="battle-history">Turn 20</h2><div class="spacer battle-history"><br></div><div class="battle-history">Venusaur used <strong>Synthesis</strong>!<br></div><div class="battle-history"><small>Venusaur restored its HP.</small><br></div><div class="spacer battle-history"><br></div><div class="battle-history">The opposing Registeel used <strong>Seismic Toss</strong>!<br></div><div class="battle-history"><small>(Venusaur lost <abbr title="−100/364">27.5%</abbr> of its health!)</small><br></div><div class="spacer battle-history"><br></div><div class="battle-history"><small>Venusaur restored a little HP using its Black Sludge!</small><br></div><div class="spacer battle-history"><br></div><h2 class="battle-history">Turn 21</h2><div class="chat chatmessage-snagaa"><strong style="color:hsl(343,43%,47.900680738271376%)"><small>☆</small><span class="username" data-name="snagaa">snagaa</span>:</strong> <em>why isn't this leech</em></div><div class="chat chatmessage-snagaa"><strong style="color:hsl(343,43%,47.900680738271376%)"><small>☆</small><span class="username" data-name="snagaa">snagaa</span>:</strong> <em>cs is balls</em></div><div class="spacer battle-history"><br></div><div class="battle-history">koldkappuccino withdrew Registeel!<br></div><div class="battle-history">koldkappuccino sent out <strong>Drapion</strong>!<br></div><div class="spacer battle-history"><br></div><div class="battle-history">Venusaur used <strong>Giga Drain</strong>!<br></div><div class="battle-history"><small>It's not very effective...</small><br></div><div class="battle-history"><small>(The opposing Drapion lost <abbr title="−59/281">21.0%</abbr> of its health!)</small><br></div><div class="battle-history"><small>The opposing Drapion had its energy drained!</small><br></div><div class="spacer battle-history"><br></div><div class="battle-history"><small>Venusaur restored a little HP using its Black Sludge!</small><br></div><div class="spacer battle-history"><br></div><h2 class="battle-history">Turn 22</h2><div class="spacer battle-history"><br></div><div class="battle-history">The opposing Drapion used <strong>Earthquake</strong>!<br></div><div class="battle-history"><small>(Venusaur lost <abbr title="−84/364">23.1%</abbr> of its health!)</small><br></div><div class="spacer battle-history"><br></div><div class="battle-history">Venusaur used <strong>Synthesis</strong>!<br></div><div class="battle-history"><small>Venusaur restored its HP.</small><br></div><div class="spacer battle-history"><br></div><h2 class="battle-history">Turn 23</h2><div class="spacer battle-history"><br></div><div class="battle-history">koldkappuccino withdrew Drapion!<br></div><div class="battle-history">koldkappuccino sent out Audino (<strong>Audino-Mega</strong>)!<br></div><div class="spacer battle-history"><br></div><div class="battle-history">Venusaur, come back!<br></div><div class="battle-history">Go! <strong>Granbull</strong>!<br></div><div class="battle-history"><small>Pointed stones dug into Granbull!</small><br></div><div class="battle-history"><small>[Granbull's Intimidate]</small><br></div><div class="battle-history"><small>The opposing Audino's Attack fell!</small><br></div><div class="spacer battle-history"><br></div><div class="battle-history"><small>Granbull restored a little HP using its Leftovers!</small><br></div><div class="spacer battle-history"><br></div><h2 class="battle-history">Turn 24</h2><div class="spacer battle-history"><br></div><div class="battle-history">The opposing Audino used <strong>Wish</strong>!<br></div><div class="spacer battle-history"><br></div><div class="battle-history">Granbull used <strong>Heal Bell</strong>!<br></div><div class="battle-history"><small>A bell chimed!</small><br></div><div class="battle-history"><small>Registeel woke up!</small><br></div><div class="spacer battle-history"><br></div><div class="battle-history"><small>Granbull restored a little HP using its Leftovers!</small><br></div><div class="spacer battle-history"><br></div><h2 class="battle-history">Turn 25</h2><div class="spacer battle-history"><br></div><div class="battle-history">koldkappuccino withdrew Audino!<br></div><div class="battle-history">koldkappuccino sent out <strong>Slowking</strong>!<br></div><div class="spacer battle-history"><br></div><div class="battle-history">Granbull, come back!<br></div><div class="battle-history">Go! <strong>Registeel</strong>!<br></div><div class="battle-history"><small>Pointed stones dug into Registeel!</small><br></div><div class="spacer battle-history"><br></div><h2 class="battle-history">Turn 26</h2><div class="spacer battle-history"><br></div><div class="battle-history">koldkappuccino withdrew Slowking!<br></div><div class="battle-history">koldkappuccino sent out <strong>Drapion</strong>!<br></div><div class="spacer battle-history"><br></div><div class="battle-history">Registeel used <strong>Toxic</strong>!<br></div><div class="battle-history"><small>It doesn't affect the opposing Drapion...</small><br></div><div class="spacer battle-history"><br></div><h2 class="battle-history">Turn 27</h2><div class="spacer battle-history"><br></div><div class="battle-history">Registeel, come back!<br></div><div class="battle-history">Go! <strong>Granbull</strong>!<br></div><div class="battle-history"><small>Pointed stones dug into Granbull!</small><br></div><div class="battle-history"><small>[Granbull's Intimidate]</small><br></div><div class="battle-history"><small>The opposing Drapion's Attack fell!</small><br></div><div class="spacer battle-history"><br></div><div class="battle-history">The opposing Drapion used <strong>Earthquake</strong>!<br></div><div class="battle-history"><small>(Granbull lost <abbr title="−59/384">15.4%</abbr> of its health!)</small><br></div><div class="spacer battle-history"><br></div><div class="battle-history"><small>Granbull restored a little HP using its Leftovers!</small><br></div><div class="spacer battle-history"><br></div><h2 class="battle-history">Turn 28</h2><div class="spacer battle-history"><br></div><div class="battle-history">koldkappuccino withdrew Drapion!<br></div><div class="battle-history">koldkappuccino sent out Audino (<strong>Audino-Mega</strong>)!<br></div><div class="spacer battle-history"><br></div><div class="battle-history">Granbull used <strong>Super Fang</strong>!<br></div><div class="battle-history"><small>(The opposing Audino lost <abbr title="−205/410">50%</abbr> of its health!)</small><br></div><div class="spacer battle-history"><br></div><div class="battle-history"><small>Granbull restored a little HP using its Leftovers!</small><br></div><div class="spacer battle-history"><br></div><h2 class="battle-history">Turn 29</h2><div class="spacer battle-history"><br></div><div class="battle-history">Granbull, come back!<br></div><div class="battle-history">Go! <strong>Camerupt</strong>!<br></div><div class="battle-history"><small>Pointed stones dug into Camerupt!</small><br></div><div class="spacer battle-history"><br></div><div class="battle-history">The opposing Audino used <strong>Wish</strong>!<br></div><div class="spacer battle-history"><br></div><h2 class="battle-history">Turn 30</h2><div class="spacer battle-history"><br></div><div class="battle-history"><small>Camerupt's Cameruptite is reacting to snagaa's Mega Bracelet!</small><br>Camerupt has Mega Evolved into Mega Camerupt!<br></div><div class="spacer battle-history"><br></div><div class="battle-history">The opposing Audino used <strong>Protect</strong>!<br></div><div class="battle-history"><small>The opposing Audino protected itself!</small><br></div><div class="spacer battle-history"><br></div><div class="battle-history">Camerupt used <strong>Hidden Power</strong>!<br></div><div class="battle-history"><small>The opposing Audino protected itself!</small><br></div><div class="spacer battle-history"><br></div><div class="battle-history"><small>Audino's wish came true!</small><br></div><div class="spacer battle-history"><br></div><h2 class="battle-history">Turn 31</h2><div class="spacer battle-history"><br></div><div class="battle-history">koldkappuccino withdrew Audino!<br></div><div class="battle-history">koldkappuccino sent out <strong>Slowking</strong>!<br></div><div class="spacer battle-history"><br></div><div class="battle-history">Camerupt used <strong>Stealth Rock</strong>!<br></div><div class="battle-history"><small>Pointed stones float in the air around the opposing team!</small><br></div><div class="spacer battle-history"><br></div><h2 class="battle-history">Turn 32</h2><div class="spacer battle-history"><br></div><div class="battle-history">Camerupt, come back!<br></div><div class="battle-history">Go! <strong>Registeel</strong>!<br></div><div class="battle-history"><small>Pointed stones dug into Registeel!</small><br></div><div class="spacer battle-history"><br></div><div class="battle-history">The opposing Slowking used <strong>Calm Mind</strong>!<br></div><div class="battle-history"><small>The opposing Slowking's Special Attack rose!</small><br></div><div class="battle-history"><small>The opposing Slowking's Special Defense rose!</small><br></div><div class="spacer battle-history"><br></div><h2 class="battle-history">Turn 33</h2><div class="spacer battle-history"><br></div><div class="battle-history">koldkappuccino withdrew Slowking!<br></div><div class="battle-history">koldkappuccino sent out <strong>Registeel</strong>!<br></div><div class="battle-history"><small>Pointed stones dug into the opposing Registeel!</small><br></div><div class="spacer battle-history"><br></div><div class="battle-history">Registeel used <strong>Toxic</strong>!<br></div><div class="battle-history"><small>It doesn't affect the opposing Registeel...</small><br></div><div class="spacer battle-history"><br></div><h2 class="battle-history">Turn 34</h2><div class="spacer battle-history"><br></div><div class="battle-history">Registeel, come back!<br></div><div class="battle-history">Go! <strong>Venusaur</strong>!<br></div><div class="battle-history"><small>Pointed stones dug into Venusaur!</small><br></div><div class="spacer battle-history"><br></div><div class="battle-history">The opposing Registeel used <strong>Seismic Toss</strong>!<br></div><div class="battle-history"><small>(Venusaur lost <abbr title="−100/364">27.5%</abbr> of its health!)</small><br></div><div class="spacer battle-history"><br></div><div class="battle-history"><small>Venusaur restored a little HP using its Black Sludge!</small><br></div><div class="spacer battle-history"><br></div><h2 class="battle-history">Turn 35</h2><div class="spacer battle-history"><br></div><div class="battle-history">koldkappuccino withdrew Registeel!<br></div><div class="battle-history">koldkappuccino sent out Audino (<strong>Audino-Mega</strong>)!<br></div><div class="battle-history"><small>Pointed stones dug into the opposing Audino!</small><br></div><div class="spacer battle-history"><br></div><div class="battle-history">Venusaur used <strong>Giga Drain</strong>!<br></div><div class="battle-history"><small>(The opposing Audino lost <abbr title="−73/410">17.8%</abbr> of its health!)</small><br></div><div class="battle-history"><small>The opposing Audino had its energy drained!</small><br></div><div class="spacer battle-history"><br></div><div class="battle-history"><small>Venusaur restored a little HP using its Black Sludge!</small><br></div><div class="spacer battle-history"><br></div><h2 class="battle-history">Turn 36</h2><div class="spacer battle-history"><br></div><div class="battle-history">Venusaur used <strong>Sludge Bomb</strong>!<br></div><div class="battle-history"><small>It's super effective!</small><br></div><div class="battle-history"><small>(The opposing Audino lost <abbr title="−156/410">38.0%</abbr> of its health!)</small><br></div><div class="spacer battle-history"><br></div><div class="battle-history">The opposing Audino used <strong>Wish</strong>!<br></div><div class="spacer battle-history"><br></div><div class="battle-history"><small>Venusaur restored a little HP using its Black Sludge!</small><br></div><div class="spacer battle-history"><br></div><h2 class="battle-history">Turn 37</h2><div class="spacer battle-history"><br></div><div class="battle-history">Venusaur, come back!<br></div><div class="battle-history">Go! <strong>Registeel</strong>!<br></div><div class="battle-history"><small>Pointed stones dug into Registeel!</small><br></div><div class="spacer battle-history"><br></div><div class="battle-history">The opposing Audino used <strong>Protect</strong>!<br></div><div class="battle-history"><small>But it failed!</small><br></div><div class="spacer battle-history"><br></div><div class="battle-history"><small>Audino's wish came true!</small><br></div><div class="spacer battle-history"><br></div><h2 class="battle-history">Turn 38</h2><div class="spacer battle-history"><br></div><div class="battle-history">koldkappuccino withdrew Audino!<br></div><div class="battle-history">koldkappuccino sent out <strong>Flygon</strong>!<br></div><div class="battle-history"><small>Pointed stones dug into the opposing Flygon!</small><br></div><div class="spacer battle-history"><br></div><div class="battle-history">Registeel used <strong>Curse</strong>!<br></div><div class="battle-history"><small>Registeel's Speed fell!</small><br></div><div class="battle-history"><small>Registeel's Attack rose!</small><br></div><div class="battle-history"><small>Registeel's Defense rose!</small><br></div><div class="spacer battle-history"><br></div><div class="battle-history"><small>The opposing Flygon restored a little HP using its Leftovers!</small><br></div><div class="spacer battle-history"><br></div><h2 class="battle-history">Turn 39</h2><div class="spacer battle-history"><br></div><div class="battle-history">The opposing Flygon used <strong>Earthquake</strong>!<br></div><div class="battle-history"><small>It's super effective!</small><br></div><div class="battle-history"><small>(Registeel lost <abbr title="−138/364">37.9%</abbr> of its health!)</small><br></div><div class="spacer battle-history"><br></div><div class="battle-history">Registeel used <strong>Iron Head</strong>!<br></div><div class="battle-history"><small>(The opposing Flygon lost <abbr title="−138/311">44.4%</abbr> of its health!)</small><br></div><div class="spacer battle-history"><br></div><div class="battle-history"><small>The opposing Flygon restored a little HP using its Leftovers!</small><br></div><div class="spacer battle-history"><br></div><h2 class="battle-history">Turn 40</h2><div class="spacer battle-history"><br></div><div class="battle-history">The opposing Flygon used <strong>Earthquake</strong>!<br></div><div class="battle-history"><small>It's super effective!</small><br></div><div class="battle-history"><small>(Registeel lost <abbr title="−138/364">37.9%</abbr> of its health!)</small><br></div><div class="spacer battle-history"><br></div><div class="battle-history">Registeel used <strong>Rest</strong>!<br></div><div class="battle-history"><small>Registeel fell asleep!</small><br></div><div class="battle-history"><small>Registeel slept and became healthy!</small><br></div><div class="spacer battle-history"><br></div><div class="battle-history"><small>The opposing Flygon restored a little HP using its Leftovers!</small><br></div><div class="spacer battle-history"><br></div><h2 class="battle-history">Turn 41</h2><div class="spacer battle-history"><br></div><div class="battle-history">Registeel, come back!<br></div><div class="battle-history">Go! <strong>Granbull</strong>!<br></div><div class="battle-history"><small>Pointed stones dug into Granbull!</small><br></div><div class="battle-history"><small>[Granbull's Intimidate]</small><br></div><div class="battle-history"><small>The opposing Flygon's Attack fell!</small><br></div><div class="spacer battle-history"><br></div><div class="battle-history">The opposing Flygon used <strong>U-turn</strong>!<br></div><div class="battle-history"><small>It's not very effective...</small><br></div><div class="battle-history"><small>(Granbull lost <abbr title="−20/384">5.2%</abbr> of its health!)</small><br></div><div class="spacer battle-history"><br></div><div class="battle-history">The opposing Flygon went back to koldkappuccino!<br></div><div class="battle-history">koldkappuccino sent out <strong>Slowking</strong>!<br></div><div class="battle-history"><small>Pointed stones dug into the opposing Slowking!</small><br></div><div class="spacer battle-history"><br></div><div class="battle-history"><small>Granbull restored a little HP using its Leftovers!</small><br></div><div class="spacer battle-history"><br></div><h2 class="battle-history">Turn 42</h2><div class="spacer battle-history"><br></div><div class="battle-history">Granbull used <strong>Heal Bell</strong>!<br></div><div class="battle-history"><small>A bell chimed!</small><br></div><div class="battle-history"><small>Registeel woke up!</small><br></div><div class="spacer battle-history"><br></div><div class="battle-history">The opposing Slowking used <strong>Calm Mind</strong>!<br></div><div class="battle-history"><small>The opposing Slowking's Special Attack rose!</small><br></div><div class="battle-history"><small>The opposing Slowking's Special Defense rose!</small><br></div><div class="spacer battle-history"><br></div><div class="battle-history"><small>Granbull restored a little HP using its Leftovers!</small><br></div><div class="spacer battle-history"><br></div><h2 class="battle-history">Turn 43</h2><div class="spacer battle-history"><br></div><div class="battle-history">Granbull, come back!<br></div><div class="battle-history">Go! <strong>Registeel</strong>!<br></div><div class="battle-history"><small>Pointed stones dug into Registeel!</small><br></div><div class="spacer battle-history"><br></div><div class="battle-history">The opposing Slowking used <strong>Scald</strong>!<br></div><div class="battle-history"><small>(Registeel lost <abbr title="−70/364">19.2%</abbr> of its health!)</small><br></div><div class="spacer battle-history"><br></div><h2 class="battle-history">Turn 44</h2><div class="spacer battle-history"><br></div><div class="battle-history">koldkappuccino withdrew Slowking!<br></div><div class="battle-history">koldkappuccino sent out <strong>Registeel</strong>!<br></div><div class="battle-history"><small>Pointed stones dug into the opposing Registeel!</small><br></div><div class="spacer battle-history"><br></div><div class="battle-history">Registeel used <strong>Curse</strong>!<br></div><div class="battle-history"><small>Registeel's Speed fell!</small><br></div><div class="battle-history"><small>Registeel's Attack rose!</small><br></div><div class="battle-history"><small>Registeel's Defense rose!</small><br></div><div class="spacer battle-history"><br></div><h2 class="battle-history">Turn 45</h2><div class="spacer battle-history"><br></div><div class="battle-history">The opposing Registeel used <strong>Seismic Toss</strong>!<br></div><div class="battle-history"><small>(Registeel lost <abbr title="−100/364">27.5%</abbr> of its health!)</small><br></div><div class="spacer battle-history"><br></div><div class="battle-history">Registeel used <strong>Iron Head</strong>!<br></div><div class="battle-history"><small>It's not very effective...</small><br></div><div class="battle-history"><small>(The opposing Registeel lost <abbr title="−36/364">9.9%</abbr> of its health!)</small><br></div><div class="spacer battle-history"><br></div><h2 class="battle-history">Turn 46</h2><div class="spacer battle-history"><br></div><div class="battle-history">koldkappuccino withdrew Registeel!<br></div><div class="battle-history">koldkappuccino sent out <strong>Slowking</strong>!<br></div><div class="battle-history"><small>Pointed stones dug into the opposing Slowking!</small><br></div><div class="spacer battle-history"><br></div><div class="battle-history">Registeel used <strong>Rest</strong>!<br></div><div class="battle-history"><small>Registeel fell asleep!</small><br></div><div class="battle-history"><small>Registeel slept and became healthy!</small><br></div><div class="spacer battle-history"><br></div><h2 class="battle-history">Turn 47</h2><div class="spacer battle-history"><br></div><div class="battle-history">Registeel, come back!<br></div><div class="battle-history">Go! <strong>Scrafty</strong>!<br></div><div class="battle-history"><small>Pointed stones dug into Scrafty!</small><br></div><div class="spacer battle-history"><br></div><div class="battle-history">The opposing Slowking used <strong>Calm Mind</strong>!<br></div><div class="battle-history"><small>The opposing Slowking's Special Attack rose!</small><br></div><div class="battle-history"><small>The opposing Slowking's Special Defense rose!</small><br></div><div class="spacer battle-history"><br></div><div class="battle-history"><small>Scrafty restored a little HP using its Leftovers!</small><br></div><div class="spacer battle-history"><br></div><h2 class="battle-history">Turn 48</h2><div class="spacer battle-history"><br></div><div class="battle-history">Scrafty used <strong>Knock Off</strong>!<br></div><div class="battle-history"><small>It's super effective!</small><br></div><div class="battle-history"><small>The opposing Slowking ate its Colbur Berry!</small><br></div><div class="battle-history"><small>The Colbur Berry weakened the damage to the opposing Slowking!</small><br></div><div class="battle-history"><small>(The opposing Slowking lost <abbr title="−111/393">28.2%</abbr> of its health!)</small><br></div><div class="spacer battle-history"><br></div><div class="battle-history">The opposing Slowking used <strong>Scald</strong>!<br></div><div class="battle-history"><small>(Scrafty lost <abbr title="−130/271">48.0%</abbr> of its health!)</small><br></div><div class="spacer battle-history"><br></div><div class="battle-history"><small>Scrafty restored a little HP using its Leftovers!</small><br></div><div class="spacer battle-history"><br></div><h2 class="battle-history">Turn 49</h2><div class="spacer battle-history"><br></div><div class="battle-history">Scrafty used <strong>Knock Off</strong>!<br></div><div class="battle-history"><small>It's super effective!</small><br></div><div class="battle-history"><small>(The opposing Slowking lost <abbr title="−146/393">37.2%</abbr> of its health!)</small><br></div><div class="spacer battle-history"><br></div><div class="battle-history">The opposing Slowking used <strong>Slack Off</strong>!<br></div><div class="battle-history"><small>The opposing Slowking restored its HP.</small><br></div><div class="spacer battle-history"><br></div><div class="battle-history"><small>Scrafty restored a little HP using its Leftovers!</small><br></div><div class="spacer battle-history"><br></div><h2 class="battle-history">Turn 50</h2><div class="spacer battle-history"><br></div><div class="battle-history">Scrafty used <strong>Dragon Dance</strong>!<br></div><div class="battle-history"><small>Scrafty's Attack rose!</small><br></div><div class="battle-history"><small>Scrafty's Speed rose!</small><br></div><div class="spacer battle-history"><br></div><div class="battle-history">The opposing Slowking used <strong>Scald</strong>!<br></div><div class="battle-history"><small>(Scrafty lost <abbr title="−54/271">19.9%</abbr> of its health!)</small><br></div><div class="spacer battle-history"><br></div><div class="battle-history">Scrafty fainted!<br></div><div class="spacer battle-history"><br></div><div class="battle-history">Go! <strong>Granbull</strong>!<br></div><div class="battle-history"><small>Pointed stones dug into Granbull!</small><br></div><div class="battle-history"><small>[Granbull's Intimidate]</small><br></div><div class="battle-history"><small>The opposing Slowking's Attack fell!</small><br></div><div class="spacer battle-history"><br></div><h2 class="battle-history">Turn 51</h2><div class="spacer battle-history"><br></div><div class="battle-history">Granbull used <strong>Heal Bell</strong>!<br></div><div class="battle-history"><small>A bell chimed!</small><br></div><div class="battle-history"><small>Registeel woke up!</small><br></div><div class="spacer battle-history"><br></div><div class="battle-history">The opposing Slowking used <strong>Slack Off</strong>!<br></div><div class="battle-history"><small>The opposing Slowking restored its HP.</small><br></div><div class="spacer battle-history"><br></div><div class="battle-history"><small>Granbull restored a little HP using its Leftovers!</small><br></div><div class="spacer battle-history"><br></div><h2 class="battle-history">Turn 52</h2><div class="spacer battle-history"><br></div><div class="battle-history">Granbull, come back!<br></div><div class="battle-history">Go! <strong>Registeel</strong>!<br></div><div class="battle-history"><small>Pointed stones dug into Registeel!</small><br></div><div class="spacer battle-history"><br></div><div class="battle-history">The opposing Slowking used <strong>Scald</strong>!<br></div><div class="battle-history"><small>(Registeel lost <abbr title="−78/364">21.4%</abbr> of its health!)</small><br></div><div class="spacer battle-history"><br></div><h2 class="battle-history">Turn 53</h2><div class="spacer battle-history"><br></div><div class="battle-history">Registeel, come back!<br></div><div class="battle-history">Go! Camerupt (<strong>Camerupt-Mega</strong>)!<br></div><div class="battle-history"><small>Pointed stones dug into Camerupt!</small><br></div><div class="spacer battle-history"><br></div><div class="battle-history">The opposing Slowking used <strong>Scald</strong>!<br></div><div class="battle-history"><small>It's super effective!</small><br></div><div class="battle-history"><small>(Camerupt lost <abbr title="−259/343">75.5%</abbr> of its health!)</small><br></div><div class="spacer battle-history"><br></div><div class="battle-history">Camerupt fainted!<br></div><div class="spacer battle-history"><br></div><div class="battle-history">Go! <strong>Registeel</strong>!<br></div><div class="battle-history"><small>Pointed stones dug into Registeel!</small><br></div><div class="spacer battle-history"><br></div><h2 class="battle-history">Turn 54</h2><div class="spacer battle-history"><br></div><div class="battle-history">koldkappuccino withdrew Slowking!<br></div><div class="battle-history">koldkappuccino sent out <strong>Drapion</strong>!<br></div><div class="battle-history"><small>Pointed stones dug into the opposing Drapion!</small><br></div><div class="spacer battle-history"><br></div><div class="battle-history">Registeel used <strong>Toxic</strong>!<br></div><div class="battle-history"><small>It doesn't affect the opposing Drapion...</small><br></div><div class="spacer battle-history"><br></div><h2 class="battle-history">Turn 55</h2><div class="spacer battle-history"><br></div><div class="battle-history">Registeel, come back!<br></div><div class="battle-history">Go! <strong>Granbull</strong>!<br></div><div class="battle-history"><small>Pointed stones dug into Granbull!</small><br></div><div class="battle-history"><small>[Granbull's Intimidate]</small><br></div><div class="battle-history"><small>The opposing Drapion's Attack fell!</small><br></div><div class="spacer battle-history"><br></div><div class="battle-history">The opposing Drapion used <strong>Earthquake</strong>!<br></div><div class="battle-history"><small>A critical hit!</small><br></div><div class="battle-history"><small>(Granbull lost <abbr title="−144/384">37.5%</abbr> of its health!)</small><br></div><div class="spacer battle-history"><br></div><div class="battle-history"><small>Granbull restored a little HP using its Leftovers!</small><br></div><div class="spacer battle-history"><br></div><h2 class="battle-history">Turn 56</h2><div class="spacer battle-history"><br></div><div class="battle-history">koldkappuccino withdrew Drapion!<br></div><div class="battle-history">koldkappuccino sent out Audino (<strong>Audino-Mega</strong>)!<br></div><div class="battle-history"><small>Pointed stones dug into the opposing Audino!</small><br></div><div class="spacer battle-history"><br></div><div class="battle-history">Granbull used <strong>Play Rough</strong>!<br></div><div class="battle-history"><small>(The opposing Audino lost <abbr title="−82/410">20%</abbr> of its health!)</small><br></div><div class="battle-history"><small>The opposing Audino's Attack fell!</small><br></div><div class="spacer battle-history"><br></div><div class="battle-history"><small>Granbull restored a little HP using its Leftovers!</small><br></div><div class="spacer battle-history"><br></div><h2 class="battle-history">Turn 57</h2><div class="spacer battle-history"><br></div><div class="battle-history">Granbull, come back!<br></div><div class="battle-history">Go! <strong>Slowking</strong>!<br></div><div class="battle-history"><small>Pointed stones dug into Slowking!</small><br></div><div class="spacer battle-history"><br></div><div class="battle-history">The opposing Audino used <strong>Wish</strong>!<br></div><div class="spacer battle-history"><br></div><h2 class="battle-history">Turn 58</h2><div class="spacer battle-history"><br></div><div class="battle-history">koldkappuccino withdrew Audino!<br></div><div class="battle-history">koldkappuccino sent out <strong>Registeel</strong>!<br></div><div class="battle-history"><small>Pointed stones dug into the opposing Registeel!</small><br></div><div class="spacer battle-history"><br></div><div class="battle-history">Slowking used <strong>Nasty Plot</strong>!<br></div><div class="battle-history"><small>Slowking's Special Attack rose sharply!</small><br></div><div class="spacer battle-history"><br></div><div class="battle-history"><small>Audino's wish came true!</small><br></div><div class="spacer battle-history"><br></div><h2 class="battle-history">Turn 59</h2><div class="spacer battle-history"><br></div><div class="battle-history">The opposing Registeel used <strong>Toxic</strong>!<br></div><div class="battle-history"><small>Slowking was badly poisoned!</small><br></div><div class="spacer battle-history"><br></div><div class="battle-history">Slowking used <strong>Scald</strong>!<br></div><div class="battle-history"><small>(The opposing Registeel lost <abbr title="−99/364">27.2%</abbr> of its health!)</small><br></div><div class="spacer battle-history"><br></div><div class="battle-history"><small>Slowking was hurt by poison!</small><br></div><div class="spacer battle-history"><br></div><h2 class="battle-history">Turn 60</h2><div class="spacer battle-history"><br></div><div class="battle-history">koldkappuccino withdrew Registeel!<br></div><div class="battle-history">koldkappuccino sent out <strong>Slowking</strong>!<br></div><div class="battle-history"><small>Pointed stones dug into the opposing Slowking!</small><br></div><div class="spacer battle-history"><br></div><div class="battle-history">Slowking used <strong>Scald</strong>!<br></div><div class="battle-history"><small>It's not very effective...</small><br></div><div class="battle-history"><small>(The opposing Slowking lost <abbr title="−87/393">22.1%</abbr> of its health!)</small><br></div><div class="spacer battle-history"><br></div><div class="battle-history"><small>Slowking was hurt by poison!</small><br></div><div class="spacer battle-history"><br></div><h2 class="battle-history">Turn 61</h2><div class="spacer battle-history"><br></div><div class="battle-history">Slowking, come back!<br></div><div class="battle-history">Go! <strong>Granbull</strong>!<br></div><div class="battle-history"><small>Pointed stones dug into Granbull!</small><br></div><div class="battle-history"><small>[Granbull's Intimidate]</small><br></div><div class="battle-history"><small>The opposing Slowking's Attack fell!</small><br></div><div class="spacer battle-history"><br></div><div class="battle-history">The opposing Slowking used <strong>Slack Off</strong>!<br></div><div class="battle-history"><small>The opposing Slowking restored its HP.</small><br></div><div class="spacer battle-history"><br></div><div class="battle-history"><small>Granbull restored a little HP using its Leftovers!</small><br></div><div class="spacer battle-history"><br></div><h2 class="battle-history">Turn 62</h2><div class="spacer battle-history"><br></div><div class="battle-history">Granbull used <strong>Heal Bell</strong>!<br></div><div class="battle-history"><small>A bell chimed!</small><br></div><div class="battle-history"><small>Slowking was cured of its poisoning.</small><br></div><div class="spacer battle-history"><br></div><div class="battle-history">The opposing Slowking used <strong>Calm Mind</strong>!<br></div><div class="battle-history"><small>The opposing Slowking's Special Attack rose!</small><br></div><div class="battle-history"><small>The opposing Slowking's Special Defense rose!</small><br></div><div class="spacer battle-history"><br></div><div class="battle-history"><small>Granbull restored a little HP using its Leftovers!</small><br></div><div class="spacer battle-history"><br></div><h2 class="battle-history">Turn 63</h2><div class="spacer battle-history"><br></div><div class="battle-history">Granbull used <strong>Super Fang</strong>!<br></div><div class="battle-history"><small>(The opposing Slowking lost <abbr title="−196/393">49.9%</abbr> of its health!)</small><br></div><div class="spacer battle-history"><br></div><div class="battle-history">The opposing Slowking used <strong>Scald</strong>!<br></div><div class="battle-history"><small>(Granbull lost <abbr title="−137/384">35.7%</abbr> of its health!)</small><br></div><div class="spacer battle-history"><br></div><div class="battle-history">Granbull fainted!<br></div><div class="spacer battle-history"><br></div><div class="battle-history">Go! <strong>Registeel</strong>!<br></div><div class="battle-history"><small>Pointed stones dug into Registeel!</small><br></div><div class="spacer battle-history"><br></div><h2 class="battle-history">Turn 64</h2><div class="spacer battle-history"><br></div><div class="battle-history">koldkappuccino withdrew Slowking!<br></div><div class="battle-history">koldkappuccino sent out <strong>Drapion</strong>!<br></div><div class="battle-history"><small>Pointed stones dug into the opposing Drapion!</small><br></div><div class="spacer battle-history"><br></div><div class="battle-history">Registeel used <strong>Toxic</strong>!<br></div><div class="battle-history"><small>It doesn't affect the opposing Drapion...</small><br></div><div class="spacer battle-history"><br></div><h2 class="battle-history">Turn 65</h2><div class="spacer battle-history"><br></div><div class="battle-history">Registeel, come back!<br></div><div class="battle-history">Go! <strong>Venusaur</strong>!<br></div><div class="battle-history"><small>Pointed stones dug into Venusaur!</small><br></div><div class="spacer battle-history"><br></div><div class="battle-history">The opposing Drapion used <strong>Knock Off</strong>!<br></div><div class="battle-history"><small>(Venusaur lost <abbr title="−126/364">34.6%</abbr> of its health!)</small><br></div><div class="battle-history"><small>The opposing Drapion knocked off Venusaur's Black Sludge!</small><br></div><div class="spacer battle-history"><br></div><h2 class="battle-history">Turn 66</h2><div class="spacer battle-history"><br></div><div class="battle-history">koldkappuccino withdrew Drapion!<br></div><div class="battle-history">koldkappuccino sent out <strong>Flygon</strong>!<br></div><div class="battle-history"><small>Pointed stones dug into the opposing Flygon!</small><br></div><div class="spacer battle-history"><br></div><div class="battle-history">Venusaur used <strong>Synthesis</strong>!<br></div><div class="battle-history"><small>Venusaur restored its HP.</small><br></div><div class="spacer battle-history"><br></div><div class="battle-history"><small>The opposing Flygon restored a little HP using its Leftovers!</small><br></div><div class="spacer battle-history"><br></div><h2 class="battle-history">Turn 67</h2><div class="spacer battle-history"><br></div><div class="battle-history">The opposing Flygon used <strong>Roost</strong>!<br></div><div class="battle-history"><small>The opposing Flygon restored its HP.</small><br></div><div class="spacer battle-history"><br></div><div class="battle-history">Venusaur used <strong>Giga Drain</strong>!<br></div><div class="battle-history"><small>(The opposing Flygon lost <abbr title="−100/311">32.2%</abbr> of its health!)</small><br></div><div class="battle-history"><small>The opposing Flygon had its energy drained!</small><br></div><div class="spacer battle-history"><br></div><div class="battle-history"><small>The opposing Flygon restored a little HP using its Leftovers!</small><br></div><div class="spacer battle-history"><br></div><h2 class="battle-history">Turn 68</h2><div class="spacer battle-history"><br></div><div class="battle-history">The opposing Flygon used <strong>Earthquake</strong>!<br></div><div class="battle-history"><small>(Venusaur lost <abbr title="−120/364">33.0%</abbr> of its health!)</small><br></div><div class="spacer battle-history"><br></div><div class="battle-history">Venusaur used <strong>Knock Off</strong>!<br></div><div class="battle-history"><small>(The opposing Flygon lost <abbr title="−72/311">23.2%</abbr> of its health!)</small><br></div><div class="battle-history"><small>Venusaur knocked off the opposing Flygon's Leftovers!</small><br></div><div class="spacer battle-history"><br></div><h2 class="battle-history">Turn 69</h2><div class="spacer battle-history"><br></div><div class="battle-history">The opposing Flygon used <strong>Roost</strong>!<br></div><div class="battle-history"><small>The opposing Flygon restored its HP.</small><br></div><div class="spacer battle-history"><br></div><div class="battle-history">Venusaur used <strong>Giga Drain</strong>!<br></div><div class="battle-history"><small>(The opposing Flygon lost <abbr title="−105/311">33.8%</abbr> of its health!)</small><br></div><div class="battle-history"><small>The opposing Flygon had its energy drained!</small><br></div><div class="spacer battle-history"><br></div><h2 class="battle-history">Turn 70</h2><div class="spacer battle-history"><br></div><div class="battle-history">The opposing Flygon used <strong>U-turn</strong>!<br></div><div class="battle-history"><small>(Venusaur lost <abbr title="−59/364">16.2%</abbr> of its health!)</small><br></div><div class="spacer battle-history"><br></div><div class="battle-history">The opposing Flygon went back to koldkappuccino!<br></div><div class="battle-history">koldkappuccino sent out <strong>Registeel</strong>!<br></div><div class="battle-history"><small>Pointed stones dug into the opposing Registeel!</small><br></div><div class="spacer battle-history"><br></div><div class="battle-history">Venusaur used <strong>Giga Drain</strong>!<br></div><div class="battle-history"><small>It's not very effective...</small><br></div><div class="battle-history"><small>(The opposing Registeel lost <abbr title="−27/364">7.4%</abbr> of its health!)</small><br></div><div class="battle-history"><small>The opposing Registeel had its energy drained!</small><br></div><div class="spacer battle-history"><br></div><h2 class="battle-history">Turn 71</h2><div class="spacer battle-history"><br></div><div class="battle-history">Venusaur used <strong>Knock Off</strong>!<br></div><div class="battle-history"><small>(The opposing Registeel lost <abbr title="−27/364">7.4%</abbr> of its health!)</small><br></div><div class="spacer battle-history"><br></div><div class="battle-history">The opposing Registeel used <strong>Seismic Toss</strong>!<br></div><div class="battle-history"><small>(Venusaur lost <abbr title="−100/364">27.5%</abbr> of its health!)</small><br></div><div class="spacer battle-history"><br></div><h2 class="battle-history">Turn 72</h2><div class="spacer battle-history"><br></div><div class="battle-history">Venusaur used <strong>Synthesis</strong>!<br></div><div class="battle-history"><small>Venusaur restored its HP.</small><br></div><div class="spacer battle-history"><br></div><div class="battle-history">The opposing Registeel used <strong>Seismic Toss</strong>!<br></div><div class="battle-history"><small>(Venusaur lost <abbr title="−100/364">27.5%</abbr> of its health!)</small><br></div><div class="spacer battle-history"><br></div><h2 class="battle-history">Turn 73</h2><div class="spacer battle-history"><br></div><div class="battle-history">Venusaur used <strong>Giga Drain</strong>!<br></div><div class="battle-history"><small>It's not very effective...</small><br></div><div class="battle-history"><small>A critical hit!</small><br></div><div class="battle-history"><small>(The opposing Registeel lost <abbr title="−34/364">9.3%</abbr> of its health!)</small><br></div><div class="battle-history"><small>The opposing Registeel had its energy drained!</small><br></div><div class="spacer battle-history"><br></div><div class="battle-history">The opposing Registeel used <strong>Seismic Toss</strong>!<br></div><div class="battle-history"><small>(Venusaur lost <abbr title="−100/364">27.5%</abbr> of its health!)</small><br></div><div class="spacer battle-history"><br></div><h2 class="battle-history">Turn 74</h2><div class="spacer battle-history"><br></div><div class="battle-history">Venusaur used <strong>Giga Drain</strong>!<br></div><div class="battle-history"><small>It's not very effective...</small><br></div><div class="battle-history"><small>(The opposing Registeel lost <abbr title="−25/364">6.9%</abbr> of its health!)</small><br></div><div class="battle-history"><small>The opposing Registeel had its energy drained!</small><br></div><div class="spacer battle-history"><br></div><div class="battle-history">The opposing Registeel used <strong>Seismic Toss</strong>!<br></div><div class="battle-history"><small>(Venusaur lost <abbr title="−100/364">27.5%</abbr> of its health!)</small><br></div><div class="spacer battle-history"><br></div><h2 class="battle-history">Turn 75</h2><div class="spacer battle-history"><br></div><div class="battle-history">Venusaur used <strong>Synthesis</strong>!<br></div><div class="battle-history"><small>Venusaur restored its HP.</small><br></div><div class="spacer battle-history"><br></div><div class="battle-history">The opposing Registeel used <strong>Seismic Toss</strong>!<br></div><div class="battle-history"><small>(Venusaur lost <abbr title="−100/364">27.5%</abbr> of its health!)</small><br></div><div class="spacer battle-history"><br></div><h2 class="battle-history">Turn 76</h2><div class="spacer battle-history"><br></div><div class="battle-history">koldkappuccino withdrew Registeel!<br></div><div class="battle-history">koldkappuccino sent out <strong>Drapion</strong>!<br></div><div class="battle-history"><small>Pointed stones dug into the opposing Drapion!</small><br></div><div class="spacer battle-history"><br></div><div class="battle-history">Venusaur used <strong>Synthesis</strong>!<br></div><div class="battle-history"><small>Venusaur restored its HP.</small><br></div><div class="spacer battle-history"><br></div><h2 class="battle-history">Turn 77</h2><div class="spacer battle-history"><br></div><div class="battle-history">The opposing Drapion used <strong>Poison Jab</strong>!<br></div><div class="battle-history"><small>(Venusaur lost <abbr title="−100/364">27.5%</abbr> of its health!)</small><br></div><div class="spacer battle-history"><br></div><div class="battle-history">Venusaur used <strong>Synthesis</strong>!<br></div><div class="battle-history"><small>Venusaur restored its HP.</small><br></div><div class="spacer battle-history"><br></div><h2 class="battle-history">Turn 78</h2><div class="spacer battle-history"><br></div><div class="battle-history">The opposing Drapion used <strong>Poison Jab</strong>!<br></div><div class="battle-history"><small>(Venusaur lost <abbr title="−99/364">27.2%</abbr> of its health!)</small><br></div><div class="spacer battle-history"><br></div><div class="battle-history">Venusaur used <strong>Giga Drain</strong>!<br></div><div class="battle-history"><small>It's not very effective...</small><br></div><div class="battle-history"><small>(The opposing Drapion lost <abbr title="−56/281">19.9%</abbr> of its health!)</small><br></div><div class="battle-history"><small>The opposing Drapion had its energy drained!</small><br></div><div class="spacer battle-history"><br></div><h2 class="battle-history">Turn 79</h2><div class="spacer battle-history"><br></div><div class="battle-history">The opposing Drapion used <strong>Poison Jab</strong>!<br></div><div class="battle-history"><small>(Venusaur lost <abbr title="−94/364">25.8%</abbr> of its health!)</small><br></div><div class="spacer battle-history"><br></div><div class="battle-history">Venusaur used <strong>Giga Drain</strong>!<br></div><div class="battle-history"><small>It's not very effective...</small><br></div><div class="battle-history"><small>(The opposing Drapion lost <abbr title="−58/281">20.6%</abbr> of its health!)</small><br></div><div class="battle-history"><small>The opposing Drapion had its energy drained!</small><br></div><div class="spacer battle-history"><br></div><h2 class="battle-history">Turn 80</h2><div class="spacer battle-history"><br></div><div class="battle-history">The opposing Drapion used <strong>Poison Jab</strong>!<br></div><div class="battle-history"><small>(Venusaur lost <abbr title="−99/364">27.2%</abbr> of its health!)</small><br></div><div class="spacer battle-history"><br></div><div class="battle-history">Venusaur used <strong>Synthesis</strong>!<br></div><div class="battle-history"><small>Venusaur restored its HP.</small><br></div><div class="spacer battle-history"><br></div><h2 class="battle-history">Turn 81</h2><div class="spacer battle-history"><br></div><div class="battle-history">The opposing Drapion used <strong>Poison Jab</strong>!<br></div><div class="battle-history"><small>(Venusaur lost <abbr title="−105/364">28.8%</abbr> of its health!)</small><br></div><div class="spacer battle-history"><br></div><div class="battle-history">Venusaur used <strong>Giga Drain</strong>!<br></div><div class="battle-history"><small>It's not very effective...</small><br></div><div class="battle-history"><small>(The opposing Drapion lost <abbr title="−3/281">1.1%</abbr> of its health!)</small><br></div><div class="battle-history"><small>The opposing Drapion had its energy drained!</small><br></div><div class="spacer battle-history"><br></div><div class="battle-history">The opposing Drapion fainted!<br></div><div class="spacer battle-history"><br></div><div class="battle-history">koldkappuccino sent out <strong>Flygon</strong>!<br></div><div class="battle-history"><small>Pointed stones dug into the opposing Flygon!</small><br></div><div class="spacer battle-history"><br></div><h2 class="battle-history">Turn 82</h2><div class="spacer battle-history"><br></div><div class="battle-history">The opposing Flygon used <strong>Defog</strong>!<br></div><div class="battle-history"><small>Venusaur's evasiveness fell!</small><br></div><div class="battle-history"><small>The pointed stones disappeared from around your team!</small><br></div><div class="battle-history"><small>The pointed stones disappeared from around the opposing team!</small><br></div><div class="spacer battle-history"><br></div><div class="battle-history">Venusaur used <strong>Giga Drain</strong>!<br></div><div class="battle-history"><small>(The opposing Flygon lost <abbr title="−108/311">34.7%</abbr> of its health!)</small><br></div><div class="battle-history"><small>The opposing Flygon had its energy drained!</small><br></div><div class="spacer battle-history"><br></div><h2 class="battle-history">Turn 83</h2><div class="spacer battle-history"><br></div><div class="battle-history">The opposing Flygon used <strong>Roost</strong>!<br></div><div class="battle-history"><small>The opposing Flygon restored its HP.</small><br></div><div class="spacer battle-history"><br></div><div class="battle-history">Venusaur used <strong>Sludge Bomb</strong>!<br></div><div class="battle-history"><small>It's not very effective...</small><br></div><div class="battle-history"><small>(The opposing Flygon lost <abbr title="−59/311">19.0%</abbr> of its health!)</small><br></div><div class="battle-history"><small>The opposing Flygon was poisoned!</small><br></div><div class="spacer battle-history"><br></div><div class="battle-history"><small>The opposing Flygon was hurt by poison!</small><br></div><div class="spacer battle-history"><br></div><h2 class="battle-history">Turn 84</h2><div class="spacer battle-history"><br></div><div class="battle-history">The opposing Flygon used <strong>U-turn</strong>!<br></div><div class="battle-history"><small>(Venusaur lost <abbr title="−59/364">16.2%</abbr> of its health!)</small><br></div><div class="spacer battle-history"><br></div><div class="battle-history">The opposing Flygon went back to koldkappuccino!<br></div><div class="battle-history">koldkappuccino sent out <strong>Registeel</strong>!<br></div><div class="spacer battle-history"><br></div><div class="battle-history">Venusaur used <strong>Giga Drain</strong>!<br></div><div class="battle-history"><small>It's not very effective...</small><br></div><div class="battle-history"><small>(The opposing Registeel lost <abbr title="−22/364">6.0%</abbr> of its health!)</small><br></div><div class="battle-history"><small>The opposing Registeel had its energy drained!</small><br></div><div class="spacer battle-history"><br></div><h2 class="battle-history">Turn 85</h2><div class="spacer battle-history"><br></div><div class="battle-history">Venusaur, come back!<br></div><div class="battle-history">Go! <strong>Slowking</strong>!<br></div><div class="spacer battle-history"><br></div><div class="battle-history">The opposing Registeel used <strong>Seismic Toss</strong>!<br></div><div class="battle-history"><small>(Slowking lost <abbr title="−100/394">25.4%</abbr> of its health!)</small><br></div><div class="spacer battle-history"><br></div><h2 class="battle-history">Turn 86</h2><div class="spacer battle-history"><br></div><div class="battle-history">The opposing Registeel used <strong>Toxic</strong>!<br></div><div class="battle-history"><small>Slowking was badly poisoned!</small><br></div><div class="spacer battle-history"><br></div><div class="battle-history">Slowking used <strong>Scald</strong>!<br></div><div class="battle-history"><small>(The opposing Registeel lost <abbr title="−43/364">11.8%</abbr> of its health!)</small><br></div><div class="spacer battle-history"><br></div><div class="battle-history">The opposing Registeel fainted!<br></div><div class="spacer battle-history"><br></div><div class="battle-history"><small>Slowking was hurt by poison!</small><br></div><div class="spacer battle-history"><br></div><div class="battle-history">koldkappuccino sent out Audino (<strong>Audino-Mega</strong>)!<br></div><div class="spacer battle-history"><br></div><h2 class="battle-history">Turn 87</h2><div class="spacer battle-history"><br></div><div class="battle-history">Slowking, come back!<br></div><div class="battle-history">Go! <strong>Registeel</strong>!<br></div><div class="spacer battle-history"><br></div><div class="battle-history">The opposing Audino used <strong>Wish</strong>!<br></div><div class="spacer battle-history"><br></div><h2 class="battle-history">Turn 88</h2><div class="spacer battle-history"><br></div><div class="battle-history">The opposing Audino used <strong>Heal Bell</strong>!<br></div><div class="battle-history"><small>A bell chimed!</small><br></div><div class="battle-history"><small>The opposing Flygon was cured of its poisoning.</small><br></div><div class="spacer battle-history"><br></div><div class="battle-history">Registeel used <strong>Toxic</strong>!<br></div><div class="battle-history"><small>The opposing Audino was badly poisoned!</small><br></div><div class="spacer battle-history"><br></div><div class="battle-history"><small>Audino's wish came true!</small><br></div><div class="battle-history"><small>The opposing Audino was hurt by poison!</small><br></div><div class="spacer battle-history"><br></div><h2 class="battle-history">Turn 89</h2><div class="spacer battle-history"><br></div><div class="battle-history">The opposing Audino used <strong>Heal Bell</strong>!<br></div><div class="battle-history"><small>A bell chimed!</small><br></div><div class="battle-history"><small>The opposing Audino was cured of its poisoning.</small><br></div><div class="spacer battle-history"><br></div><div class="battle-history">Registeel used <strong>Curse</strong>!<br></div><div class="battle-history"><small>Registeel's Speed fell!</small><br></div><div class="battle-history"><small>Registeel's Attack rose!</small><br></div><div class="battle-history"><small>Registeel's Defense rose!</small><br></div><div class="spacer battle-history"><br></div><h2 class="battle-history">Turn 90</h2><div class="spacer battle-history"><br></div><div class="battle-history">koldkappuccino withdrew Audino!<br></div><div class="battle-history">koldkappuccino sent out <strong>Slowking</strong>!<br></div><div class="spacer battle-history"><br></div><div class="battle-history">Registeel used <strong>Toxic</strong>!<br></div><div class="battle-history"><small>The opposing Slowking was badly poisoned!</small><br></div><div class="spacer battle-history"><br></div><div class="battle-history"><small>The opposing Slowking was hurt by poison!</small><br></div><div class="spacer battle-history"><br></div><h2 class="battle-history">Turn 91</h2><div class="chat chatmessage-kushalos"><strong style="color:hsl(241,86%,63.275220778172695%)"><small>+</small><span class="username" data-name="Kushalos">Kushalos</span>:</strong> <em>was there a stroke</em></div><div class="chat chatmessage-kushalos"><strong style="color:hsl(241,86%,63.275220778172695%)"><small>+</small><span class="username" data-name="Kushalos">Kushalos</span>:</strong> <em>i just came back</em></div><div class="chat chatmessage-snagaa"><strong style="color:hsl(343,43%,47.900680738271376%)"><small>☆</small><span class="username" data-name="snagaa">snagaa</span>:</strong> <em>I'm pretty sure</em></div><div class="chat chatmessage-snagaa"><strong style="color:hsl(343,43%,47.900680738271376%)"><small>☆</small><span class="username" data-name="snagaa">snagaa</span>:</strong> <em>there was</em></div><div class="chat chatmessage-snagaa"><strong style="color:hsl(343,43%,47.900680738271376%)"><small>☆</small><span class="username" data-name="snagaa">snagaa</span>:</strong> <em>I'm about to have my own here</em></div><div class="chat chatmessage-snagaa"><strong style="color:hsl(343,43%,47.900680738271376%)"><small>☆</small><span class="username" data-name="snagaa">snagaa</span>:</strong> <em>hmm</em></div><div class="chat chatmessage-kushalos"><strong style="color:hsl(241,86%,63.275220778172695%)"><small>+</small><span class="username" data-name="Kushalos">Kushalos</span>:</strong> <em>regi just wins</em></div><div class="chat chatmessage-kushalos"><strong style="color:hsl(241,86%,63.275220778172695%)"><small>+</small><span class="username" data-name="Kushalos">Kushalos</span>:</strong> <em>doesnt it</em></div><div class="chat chatmessage-snagaa"><strong style="color:hsl(343,43%,47.900680738271376%)"><small>☆</small><span class="username" data-name="snagaa">snagaa</span>:</strong> <em>prolly</em></div><div class="chat chatmessage-snagaa"><strong style="color:hsl(343,43%,47.900680738271376%)"><small>☆</small><span class="username" data-name="snagaa">snagaa</span>:</strong> <em>unless he crits</em></div><div class="spacer battle-history"><br></div><div class="battle-history">The opposing Slowking used <strong>Scald</strong>!<br></div><div class="battle-history"><small>(Registeel lost <abbr title="−48/364">13.2%</abbr> of its health!)</small><br></div><div class="battle-history"><small>Registeel was burned!</small><br></div><div class="spacer battle-history"><br></div><div class="battle-history">Registeel used <strong>Iron Head</strong>!<br></div><div class="battle-history"><small>It's not very effective...</small><br></div><div class="battle-history"><small>(The opposing Slowking lost <abbr title="−23/393">5.9%</abbr> of its health!)</small><br></div><div class="spacer battle-history"><br></div><div class="battle-history"><small>The opposing Slowking was hurt by poison!</small><br></div><div class="battle-history"><small>Registeel was hurt by its burn!</small><br></div><div class="spacer battle-history"><br></div><h2 class="battle-history">Turn 92</h2><div class="chat chatmessage-kushalos"><strong style="color:hsl(241,86%,63.275220778172695%)"><small>+</small><span class="username" data-name="Kushalos">Kushalos</span>:</strong> <em>why didnt you</em></div><div class="chat chatmessage-kushalos"><strong style="color:hsl(241,86%,63.275220778172695%)"><small>+</small><span class="username" data-name="Kushalos">Kushalos</span>:</strong> <em>curse</em></div><div class="chat chatmessage-kushalos"><strong style="color:hsl(241,86%,63.275220778172695%)"><small>+</small><span class="username" data-name="Kushalos">Kushalos</span>:</strong> <em>wtf</em></div><div class="chat chatmessage-snagaa"><strong style="color:hsl(343,43%,47.900680738271376%)"><small>☆</small><span class="username" data-name="snagaa">snagaa</span>:</strong> <em>don't need it breh</em></div><div class="spacer battle-history"><br></div><div class="battle-history">koldkappuccino withdrew Slowking!<br></div><div class="battle-history">koldkappuccino sent out <strong>Flygon</strong>!<br></div><div class="spacer battle-history"><br></div><div class="battle-history">Registeel used <strong>Iron Head</strong>!<br></div><div class="battle-history"><small>(The opposing Flygon lost <abbr title="−72/311">23.2%</abbr> of its health!)</small><br></div><div class="spacer battle-history"><br></div><div class="battle-history"><small>Registeel was hurt by its burn!</small><br></div><div class="spacer battle-history"><br></div><h2 class="battle-history">Turn 93</h2><div class="chat chatmessage-snagaa"><strong style="color:hsl(343,43%,47.900680738271376%)"><small>☆</small><span class="username" data-name="snagaa">snagaa</span>:</strong> <em>fuck</em></div><div class="chat chatmessage-snagaa"><strong style="color:hsl(343,43%,47.900680738271376%)"><small>☆</small><span class="username" data-name="snagaa">snagaa</span>:</strong> <em>im burned</em></div><div class="chat chatmessage-snagaa"><strong style="color:hsl(343,43%,47.900680738271376%)"><small>☆</small><span class="username" data-name="snagaa">snagaa</span>:</strong> <em>didn't see that</em></div><div class="chat chatmessage-kushalos"><strong style="color:hsl(241,86%,63.275220778172695%)"><small>+</small><span class="username" data-name="Kushalos">Kushalos</span>:</strong> <em>,</em></div><div class="spacer battle-history"><br></div><div class="battle-history">Registeel, come back!<br></div><div class="battle-history">Go! <strong>Slowking</strong>!<br></div><div class="spacer battle-history"><br></div><div class="battle-history">The opposing Flygon used <strong>Earthquake</strong>!<br></div><div class="battle-history"><small>(Slowking lost <abbr title="−124/394">31.5%</abbr> of its health!)</small><br></div><div class="spacer battle-history"><br></div><div class="battle-history"><small>Slowking was hurt by poison!</small><br></div><div class="spacer battle-history"><br></div><h2 class="battle-history">Turn 94</h2><div class="chat chatmessage-snagaa"><strong style="color:hsl(343,43%,47.900680738271376%)"><small>☆</small><span class="username" data-name="snagaa">snagaa</span>:</strong> <em>l0l</em></div><div class="spacer battle-history"><br></div><div class="battle-history">The opposing Flygon used <strong>Roost</strong>!<br></div><div class="battle-history"><small>The opposing Flygon restored its HP.</small><br></div><div class="spacer battle-history"><br></div><div class="battle-history">Slowking used <strong>Scald</strong>!<br></div><div class="battle-history"><small>(The opposing Flygon lost <abbr title="−111/311">35.7%</abbr> of its health!)</small><br></div><div class="battle-history"><small>The opposing Flygon was burned!</small><br></div><div class="spacer battle-history"><br></div><div class="battle-history"><small>The opposing Flygon was hurt by its burn!</small><br></div><div class="battle-history"><small>Slowking was hurt by poison!</small><br></div><div class="spacer battle-history"><br></div><h2 class="battle-history">Turn 95</h2><div class="spacer battle-history"><br></div><div class="battle-history">The opposing Flygon used <strong>U-turn</strong>!<br></div><div class="battle-history"><small>It's super effective!</small><br></div><div class="battle-history"><small>(Slowking lost <abbr title="−61/394">15.5%</abbr> of its health!)</small><br></div><div class="chat chatmessage-kushalos"><strong style="color:hsl(241,86%,63.275220778172695%)"><small>+</small><span class="username" data-name="Kushalos">Kushalos</span>:</strong> <em>bailed out</em></div><div class="spacer battle-history"><br></div><div class="battle-history">The opposing Flygon went back to koldkappuccino!<br></div><div class="battle-history">koldkappuccino sent out Audino (<strong>Audino-Mega</strong>)!<br></div><div class="spacer battle-history"><br></div><div class="battle-history">Slowking used <strong>Trick Room</strong>!<br></div><div class="battle-history"><small>Slowking twisted the dimensions!</small><br></div><div class="spacer battle-history"><br></div><div class="battle-history"><small>Slowking was hurt by poison!</small><br></div><div class="spacer battle-history"><br></div><h2 class="battle-history">Turn 96</h2><div class="chat chatmessage-snagaa"><strong style="color:hsl(343,43%,47.900680738271376%)"><small>☆</small><span class="username" data-name="snagaa">snagaa</span>:</strong> <em>like always</em></div><div class="chat chatmessage-kushalos"><strong style="color:hsl(241,86%,63.275220778172695%)"><small>+</small><span class="username" data-name="Kushalos">Kushalos</span>:</strong> <em>oh</em></div><div class="chat chatmessage-kushalos"><strong style="color:hsl(241,86%,63.275220778172695%)"><small>+</small><span class="username" data-name="Kushalos">Kushalos</span>:</strong> <em>hes</em></div><div class="spacer battle-history"><br></div><div class="battle-history">Slowking, come back!<br></div><div class="battle-history">Go! <strong>Registeel</strong>!<br></div><div class="spacer battle-history"><br></div><div class="battle-history">The opposing Audino used <strong>Heal Bell</strong>!<br></div><div class="battle-history"><small>A bell chimed!</small><br></div><div class="battle-history"><small>The opposing Flygon's burn was healed.</small><br></div><div class="battle-history"><small>The opposing Slowking was cured of its poisoning.</small><br></div><div class="spacer battle-history"><br></div><div class="battle-history"><small>Registeel was hurt by its burn!</small><br></div><div class="spacer battle-history"><br></div><h2 class="battle-history">Turn 97</h2><div class="chat chatmessage-kushalos"><strong style="color:hsl(241,86%,63.275220778172695%)"><small>+</small><span class="username" data-name="Kushalos">Kushalos</span>:</strong> <em>cleric audinlo</em></div><div class="chat chatmessage-snagaa"><strong style="color:hsl(343,43%,47.900680738271376%)"><small>☆</small><span class="username" data-name="snagaa">snagaa</span>:</strong> <em>ya</em></div><div class="chat chatmessage-snagaa"><strong style="color:hsl(343,43%,47.900680738271376%)"><small>☆</small><span class="username" data-name="snagaa">snagaa</span>:</strong> <em>he should win</em></div><div class="spacer battle-history"><br></div><div class="battle-history">koldkappuccino withdrew Audino!<br></div><div class="battle-history">koldkappuccino sent out <strong>Flygon</strong>!<br></div><div class="spacer battle-history"><br></div><div class="battle-history">Registeel used <strong>Rest</strong>!<br></div><div class="battle-history"><small>Registeel fell asleep!</small><br></div><div class="battle-history"><small>Registeel slept and became healthy!</small><br></div><div class="spacer battle-history"><br></div><h2 class="battle-history">Turn 98</h2><div class="chat chatmessage-kushalos"><strong style="color:hsl(241,86%,63.275220778172695%)"><small>+</small><span class="username" data-name="Kushalos">Kushalos</span>:</strong> <em>you got</em></div><div class="chat chatmessage-kushalos"><strong style="color:hsl(241,86%,63.275220778172695%)"><small>+</small><span class="username" data-name="Kushalos">Kushalos</span>:</strong> <em>a venu</em></div><div class="chat chatmessage-snagaa"><strong style="color:hsl(343,43%,47.900680738271376%)"><small>☆</small><span class="username" data-name="snagaa">snagaa</span>:</strong> <em>wanna see me get bailed again</em></div><div class="spacer battle-history"><br></div><div class="battle-history">Registeel, come back!<br></div><div class="battle-history">Go! <strong>Slowking</strong>!<br></div><div class="spacer battle-history"><br></div><div class="battle-history">The opposing Flygon used <strong>Roost</strong>!<br></div><div class="battle-history"><small>The opposing Flygon restored its HP.</small><br></div><div class="spacer battle-history"><br></div><div class="battle-history"><small>Slowking was hurt by poison!</small><br></div><div class="spacer battle-history"><br></div><h2 class="battle-history">Turn 99</h2><div class="spacer battle-history"><br></div><div class="battle-history">Slowking, come back!<br></div><div class="battle-history">Go! <strong>Venusaur</strong>!<br></div><div class="spacer battle-history"><br></div><div class="battle-history">The opposing Flygon used <strong>U-turn</strong>!<br></div><div class="battle-history"><small>(Venusaur lost <abbr title="−58/364">15.9%</abbr> of its health!)</small><br></div><div class="chat chatmessage-snagaa"><strong style="color:hsl(343,43%,47.900680738271376%)"><small>☆</small><span class="username" data-name="snagaa">snagaa</span>:</strong> <em>,</em></div><div class="chat chatmessage-snagaa"><strong style="color:hsl(343,43%,47.900680738271376%)"><small>☆</small><span class="username" data-name="snagaa">snagaa</span>:</strong> <em>whomst</em></div><div class="chat chatmessage-snagaa"><strong style="color:hsl(343,43%,47.900680738271376%)"><small>☆</small><span class="username" data-name="snagaa">snagaa</span>:</strong> <em>I guess it doesn't matter</em></div><div class="chat chatmessage-snagaa"><strong style="color:hsl(343,43%,47.900680738271376%)"><small>☆</small><span class="username" data-name="snagaa">snagaa</span>:</strong> <em>but</em></div><div class="chat chatmessage-kushalos"><strong style="color:hsl(241,86%,63.275220778172695%)"><small>+</small><span class="username" data-name="Kushalos">Kushalos</span>:</strong> <em>oh</em></div><div class="spacer battle-history"><br></div><div class="battle-history">The opposing Flygon went back to koldkappuccino!<br></div><div class="battle-history">koldkappuccino sent out Audino (<strong>Audino-Mega</strong>)!<br></div><div class="spacer battle-history"><br></div><div class="battle-history"><small>The twisted dimensions returned to normal!</small><br></div><div class="spacer battle-history"><br></div><h2 class="battle-history">Turn 100</h2><div class="chat chatmessage-kushalos"><strong style="color:hsl(241,86%,63.275220778172695%)"><small>+</small><span class="username" data-name="Kushalos">Kushalos</span>:</strong> <em>ur out</em></div><div class="chat chatmessage-kushalos"><strong style="color:hsl(241,86%,63.275220778172695%)"><small>+</small><span class="username" data-name="Kushalos">Kushalos</span>:</strong> <em>of synth</em></div><div class="chat chatmessage-kushalos"><strong style="color:hsl(241,86%,63.275220778172695%)"><small>+</small><span class="username" data-name="Kushalos">Kushalos</span>:</strong> <em>rofl</em></div><div class="chat chatmessage-snagaa"><strong style="color:hsl(343,43%,47.900680738271376%)"><small>☆</small><span class="username" data-name="snagaa">snagaa</span>:</strong> <em>yea</em></div><div class="spacer battle-history"><br></div><div class="battle-history">Venusaur used <strong>Sludge Bomb</strong>!<br></div><div class="battle-history"><small>It's super effective!</small><br></div><div class="battle-history"><small>(The opposing Audino lost <abbr title="−158/410">38.5%</abbr> of its health!)</small><br></div><div class="battle-history"><small>The opposing Audino was poisoned!</small><br></div><div class="spacer battle-history"><br></div><div class="battle-history">The opposing Audino used <strong>Wish</strong>!<br></div><div class="spacer battle-history"><br></div><div class="battle-history"><small>The opposing Audino was hurt by poison!</small><br></div><div class="spacer battle-history"><br></div><h2 class="battle-history">Turn 101</h2><div class="chat chatmessage-snagaa"><strong style="color:hsl(343,43%,47.900680738271376%)"><small>☆</small><span class="username" data-name="snagaa">snagaa</span>:</strong> <em>idg why he u turned</em></div><div class="spacer battle-history"><br></div><div class="battle-history">Venusaur used <strong>Giga Drain</strong>!<br></div><div class="battle-history"><small>(The opposing Audino lost <abbr title="−75/410">18.3%</abbr> of its health!)</small><br></div><div class="battle-history"><small>The opposing Audino had its energy drained!</small><br></div><div class="spacer battle-history"><br></div><div class="battle-history">The opposing Audino used <strong>Heal Bell</strong>!<br></div><div class="battle-history"><small>A bell chimed!</small><br></div><div class="battle-history"><small>The opposing Audino was cured of its poisoning.</small><br></div><div class="spacer battle-history"><br></div><div class="battle-history"><small>Audino's wish came true!</small><br></div><div class="spacer battle-history"><br></div><h2 class="battle-history">Turn 102</h2><div class="spacer battle-history"><br></div><div class="battle-history">Venusaur used <strong>Sludge Bomb</strong>!<br></div><div class="battle-history"><small>It's super effective!</small><br></div><div class="battle-history"><small>(The opposing Audino lost <abbr title="−170/410">41.5%</abbr> of its health!)</small><br></div><div class="spacer battle-history"><br></div><div class="battle-history">The opposing Audino used <strong>Wish</strong>!<br></div><div class="spacer battle-history"><br></div><h2 class="battle-history">Turn 103</h2><div class="chat chatmessage-kushalos"><strong style="color:hsl(241,86%,63.275220778172695%)"><small>+</small><span class="username" data-name="Kushalos">Kushalos</span>:</strong> <em>so goud</em></div><div class="spacer battle-history"><br></div><div class="battle-history">The opposing Audino used <strong>Protect</strong>!<br></div><div class="battle-history"><small>The opposing Audino protected itself!</small><br></div><div class="spacer battle-history"><br></div><div class="battle-history">Venusaur used <strong>Sludge Bomb</strong>!<br></div><div class="battle-history"><small>The opposing Audino protected itself!</small><br></div><div class="spacer battle-history"><br></div><div class="battle-history"><small>Audino's wish came true!</small><br></div><div class="spacer battle-history"><br></div><h2 class="battle-history">Turn 104</h2><div class="chat chatmessage-snagaa"><strong style="color:hsl(343,43%,47.900680738271376%)"><small>☆</small><span class="username" data-name="snagaa">snagaa</span>:</strong> <em>give me a poison here</em></div><div class="spacer battle-history"><br></div><div class="battle-history">Venusaur used <strong>Sludge Bomb</strong>!<br></div><div class="battle-history"><small>It's super effective!</small><br></div><div class="battle-history"><small>(The opposing Audino lost <abbr title="−174/410">42.4%</abbr> of its health!)</small><br></div><div class="spacer battle-history"><br></div><div class="battle-history">The opposing Audino used <strong>Wish</strong>!<br></div><div class="spacer battle-history"><br></div><h2 class="battle-history">Turn 105</h2><div class="spacer battle-history"><br></div><div class="battle-history">The opposing Audino used <strong>Protect</strong>!<br></div><div class="battle-history"><small>The opposing Audino protected itself!</small><br></div><div class="spacer battle-history"><br></div><div class="battle-history">Venusaur used <strong>Sludge Bomb</strong>!<br></div><div class="battle-history"><small>The opposing Audino protected itself!</small><br></div><div class="spacer battle-history"><br></div><div class="battle-history"><small>Audino's wish came true!</small><br></div><div class="spacer battle-history"><br></div><h2 class="battle-history">Turn 106</h2><div class="spacer battle-history"><br></div><div class="battle-history">Venusaur used <strong>Sludge Bomb</strong>!<br></div><div class="battle-history"><small>It's super effective!</small><br></div><div class="battle-history"><small>(The opposing Audino lost <abbr title="−164/410">40%</abbr> of its health!)</small><br></div><div class="battle-history"><small>The opposing Audino was poisoned!</small><br></div><div class="spacer battle-history"><br></div><div class="battle-history">The opposing Audino used <strong>Wish</strong>!<br></div><div class="spacer battle-history"><br></div><div class="battle-history"><small>The opposing Audino was hurt by poison!</small><br></div><div class="spacer battle-history"><br></div><h2 class="battle-history">Turn 107</h2><div class="spacer battle-history"><br></div><div class="battle-history">The opposing Audino used <strong>Protect</strong>!<br></div><div class="battle-history"><small>The opposing Audino protected itself!</small><br></div><div class="spacer battle-history"><br></div><div class="battle-history">Venusaur used <strong>Giga Drain</strong>!<br></div><div class="battle-history"><small>The opposing Audino protected itself!</small><br></div><div class="spacer battle-history"><br></div><div class="battle-history"><small>Audino's wish came true!</small><br></div><div class="battle-history"><small>The opposing Audino was hurt by poison!</small><br></div><div class="spacer battle-history"><br></div><h2 class="battle-history">Turn 108</h2><div class="chat chatmessage-snagaa"><strong style="color:hsl(343,43%,47.900680738271376%)"><small>☆</small><span class="username" data-name="snagaa">snagaa</span>:</strong> <em>misclick</em></div><div class="chat chatmessage-snagaa"><strong style="color:hsl(343,43%,47.900680738271376%)"><small>☆</small><span class="username" data-name="snagaa">snagaa</span>:</strong> <em>f</em></div><div class="spacer battle-history"><br></div><div class="battle-history">Venusaur used <strong>Sludge Bomb</strong>!<br></div><div class="battle-history"><small>It's super effective!</small><br></div><div class="battle-history"><small>(The opposing Audino lost <abbr title="−158/410">38.5%</abbr> of its health!)</small><br></div><div class="spacer battle-history"><br></div><div class="battle-history">The opposing Audino used <strong>Wish</strong>!<br></div><div class="spacer battle-history"><br></div><div class="battle-history"><small>The opposing Audino was hurt by poison!</small><br></div><div class="spacer battle-history"><br></div><h2 class="battle-history">Turn 109</h2><div class="spacer battle-history"><br></div><div class="battle-history">The opposing Audino used <strong>Protect</strong>!<br></div><div class="battle-history"><small>The opposing Audino protected itself!</small><br></div><div class="spacer battle-history"><br></div><div class="battle-history">Venusaur used <strong>Sludge Bomb</strong>!<br></div><div class="battle-history"><small>The opposing Audino protected itself!</small><br></div><div class="spacer battle-history"><br></div><div class="battle-history"><small>Audino's wish came true!</small><br></div><div class="battle-history"><small>The opposing Audino was hurt by poison!</small><br></div><div class="spacer battle-history"><br></div><h2 class="battle-history">Turn 110</h2><div class="spacer battle-history"><br></div><div class="battle-history">koldkappuccino withdrew Audino!<br></div><div class="battle-history">koldkappuccino sent out <strong>Flygon</strong>!<br></div><div class="spacer battle-history"><br></div><div class="battle-history">Venusaur used <strong>Sludge Bomb</strong>!<br></div><div class="battle-history"><small>It's not very effective...</small><br></div><div class="battle-history"><small>(The opposing Flygon lost <abbr title="−63/311">20.3%</abbr> of its health!)</small><br></div><div class="spacer battle-history"><br></div><h2 class="battle-history">Turn 111</h2><div class="spacer battle-history"><br></div><div class="battle-history">The opposing Flygon used <strong>Earthquake</strong>!<br></div><div class="battle-history"><small>(Venusaur lost <abbr title="−123/364">33.8%</abbr> of its health!)</small><br></div><div class="spacer battle-history"><br></div><div class="battle-history">Venusaur used <strong>Giga Drain</strong>!<br></div><div class="battle-history"><small>(The opposing Flygon lost <abbr title="−157/311">50.5%</abbr> of its health!)</small><br></div><div class="battle-history"><small>The opposing Flygon had its energy drained!</small><br></div><div class="spacer battle-history"><br></div><h2 class="battle-history">Turn 112</h2><div class="chat chatmessage-snagaa"><strong style="color:hsl(343,43%,47.900680738271376%)"><small>☆</small><span class="username" data-name="snagaa">snagaa</span>:</strong> <em>fk</em></div><div class="chat chatmessage-kushalos"><strong style="color:hsl(241,86%,63.275220778172695%)"><small>+</small><span class="username" data-name="Kushalos">Kushalos</span>:</strong> <em>so many strokes</em></div><div class="spacer battle-history"><br></div><div class="battle-history">The opposing Flygon used <strong>Roost</strong>!<br></div><div class="battle-history"><small>The opposing Flygon restored its HP.</small><br></div><div class="spacer battle-history"><br></div><div class="battle-history">Venusaur used <strong>Sludge Bomb</strong>!<br></div><div class="battle-history"><small>It's not very effective...</small><br></div><div class="battle-history"><small>(The opposing Flygon lost <abbr title="−68/311">21.9%</abbr> of its health!)</small><br></div><div class="battle-history"><small>The opposing Flygon was poisoned!</small><br></div><div class="spacer battle-history"><br></div><div class="battle-history"><small>The opposing Flygon was hurt by poison!</small><br></div><div class="spacer battle-history"><br></div><h2 class="battle-history">Turn 113</h2><div class="spacer battle-history"><br></div><div class="battle-history">The opposing Flygon used <strong>U-turn</strong>!<br></div><div class="battle-history"><small>(Venusaur lost <abbr title="−62/364">17.0%</abbr> of its health!)</small><br></div><div class="spacer battle-history"><br></div><div class="battle-history">The opposing Flygon went back to koldkappuccino!<br></div><div class="battle-history">koldkappuccino sent out <strong>Slowking</strong>!<br></div><div class="spacer battle-history"><br></div><div class="battle-history">Venusaur used <strong>Sludge Bomb</strong>!<br></div><div class="battle-history"><small>(The opposing Slowking lost <abbr title="−102/393">26.0%</abbr> of its health!)</small><br></div><div class="battle-history"><small>The opposing Slowking was poisoned!</small><br></div><div class="spacer battle-history"><br></div><div class="battle-history"><small>The opposing Slowking was hurt by poison!</small><br></div><div class="spacer battle-history"><br></div><h2 class="battle-history">Turn 114</h2><div class="spacer battle-history"><br></div><div class="battle-history">Venusaur used <strong>Giga Drain</strong>!<br></div><div class="battle-history"><small>It's super effective!</small><br></div><div class="battle-history"><small>(The opposing Slowking lost <abbr title="−213/393">54.2%</abbr> of its health!)</small><br></div><div class="battle-history"><small>The opposing Slowking had its energy drained!</small><br></div><div class="spacer battle-history"><br></div><div class="battle-history">The opposing Slowking fainted!<br></div><div class="spacer battle-history"><br></div><div class="battle-history">koldkappuccino sent out <strong>Flygon</strong>!<br></div><div class="spacer battle-history"><br></div><h2 class="battle-history">Turn 115</h2><div class="chat chatmessage-kushalos"><strong style="color:hsl(241,86%,63.275220778172695%)"><small>+</small><span class="username" data-name="Kushalos">Kushalos</span>:</strong> <em>yo snaga</em></div><div class="chat chatmessage-kushalos"><strong style="color:hsl(241,86%,63.275220778172695%)"><small>+</small><span class="username" data-name="Kushalos">Kushalos</span>:</strong> <em>this song</em></div><div class="chat chatmessage-kushalos"><strong style="color:hsl(241,86%,63.275220778172695%)"><small>+</small><span class="username" data-name="Kushalos">Kushalos</span>:</strong> <em>is p dope</em></div><div class="chat chatmessage-snagaa"><strong style="color:hsl(343,43%,47.900680738271376%)"><small>☆</small><span class="username" data-name="snagaa">snagaa</span>:</strong> <em>sup</em></div><div class="chat chatmessage-kushalos"><strong style="color:hsl(241,86%,63.275220778172695%)"><small>+</small><span class="username" data-name="Kushalos">Kushalos</span>:</strong> <em><a href="https://www.youtube.com/watch?v=pT68FS3YbQ4" rel="noopener" target="_blank">https://www.youtube.com/watch?v=pT68FS3YbQ4</a></em></div><div class="chat chatmessage-snagaa"><strong style="color:hsl(343,43%,47.900680738271376%)"><small>☆</small><span class="username" data-name="snagaa">snagaa</span>:</strong> <em>I thought you were talking about me</em></div><div class="chat chatmessage-snagaa"><strong style="color:hsl(343,43%,47.900680738271376%)"><small>☆</small><span class="username" data-name="snagaa">snagaa</span>:</strong> <em>I was like</em></div><div class="chat chatmessage-snagaa"><strong style="color:hsl(343,43%,47.900680738271376%)"><small>☆</small><span class="username" data-name="snagaa">snagaa</span>:</strong> <em>uhhh</em></div><div class="spacer battle-history"><br></div><div class="battle-history">Venusaur, come back!<br></div><div class="battle-history">Go! <strong>Slowking</strong>!<br></div><div class="spacer battle-history"><br></div><div class="battle-history">The opposing Flygon used <strong>Roost</strong>!<br></div><div class="battle-history"><small>The opposing Flygon restored its HP.</small><br></div><div class="spacer battle-history"><br></div><div class="battle-history"><small>The opposing Flygon was hurt by poison!</small><br></div><div class="battle-history"><small>Slowking was hurt by poison!</small><br></div><div class="spacer battle-history"><br></div><h2 class="battle-history">Turn 116</h2><div class="spacer battle-history"><br></div><div class="battle-history">The opposing Flygon used <strong>U-turn</strong>!<br></div><div class="battle-history"><small>It's super effective!</small><br></div><div class="battle-history"><small>(Slowking lost <abbr title="−118/394">29.9%</abbr> of its health!)</small><br></div><div class="spacer battle-history"><br></div><div class="battle-history">The opposing Flygon went back to koldkappuccino!<br></div><div class="battle-history">koldkappuccino sent out Audino (<strong>Audino-Mega</strong>)!<br></div><div class="spacer battle-history"><br></div><div class="battle-history">Slowking used <strong>Psychic</strong>!<br></div><div class="battle-history"><small>(The opposing Audino lost <abbr title="−78/410">19.0%</abbr> of its health!)</small><br></div><div class="spacer battle-history"><br></div><div class="battle-history"><small>The opposing Audino was hurt by poison!</small><br></div><div class="battle-history"><small>Slowking was hurt by poison!</small><br></div><div class="spacer battle-history"><br></div><h2 class="battle-history">Turn 117</h2><div class="spacer battle-history"><br></div><div class="battle-history">Slowking, come back!<br></div><div class="battle-history">Go! <strong>Venusaur</strong>!<br></div><div class="spacer battle-history"><br></div><div class="battle-history">The opposing Audino used <strong>Heal Bell</strong>!<br></div><div class="battle-history"><small>A bell chimed!</small><br></div><div class="battle-history"><small>The opposing Audino was cured of its poisoning.</small><br></div><div class="battle-history"><small>The opposing Flygon was cured of its poisoning.</small><br></div><div class="spacer battle-history"><br></div><h2 class="battle-history">Turn 118</h2><div class="spacer battle-history"><br></div><div class="battle-history">The opposing Audino used <strong>Protect</strong>!<br></div><div class="battle-history"><small>The opposing Audino protected itself!</small><br></div><div class="spacer battle-history"><br></div><div class="battle-history">Venusaur used <strong>Sludge Bomb</strong>!<br></div><div class="battle-history"><small>The opposing Audino protected itself!</small><br></div><div class="spacer battle-history"><br></div><h2 class="battle-history">Turn 119</h2><div class="spacer battle-history"><br></div><div class="battle-history">koldkappuccino withdrew Audino!<br></div><div class="battle-history">koldkappuccino sent out <strong>Flygon</strong>!<br></div><div class="spacer battle-history"><br></div><div class="battle-history">Venusaur used <strong>Sludge Bomb</strong>!<br></div><div class="battle-history"><small>It's not very effective...</small><br></div><div class="battle-history"><small>(The opposing Flygon lost <abbr title="−69/311">22.2%</abbr> of its health!)</small><br></div><div class="battle-history"><small>The opposing Flygon was poisoned!</small><br></div><div class="spacer battle-history"><br></div><div class="battle-history"><small>The opposing Flygon was hurt by poison!</small><br></div><div class="spacer battle-history"><br></div><h2 class="battle-history">Turn 120</h2><div class="spacer battle-history"><br></div><div class="battle-history">The opposing Flygon used <strong>U-turn</strong>!<br></div><div class="battle-history"><small>(Venusaur lost <abbr title="−59/364">16.2%</abbr> of its health!)</small><br></div><div class="spacer battle-history"><br></div><div class="battle-history">The opposing Flygon went back to koldkappuccino!<br></div><div class="battle-history">koldkappuccino sent out Audino (<strong>Audino-Mega</strong>)!<br></div><div class="spacer battle-history"><br></div><div class="battle-history">Venusaur used <strong>Knock Off</strong>!<br></div><div class="battle-history"><small>It's not very effective...</small><br></div><div class="battle-history"><small>(The opposing Audino lost <abbr title="−12/410">2.9%</abbr> of its health!)</small><br></div><div class="spacer battle-history"><br></div><h2 class="battle-history">Turn 121</h2><div class="spacer battle-history"><br></div><div class="battle-history">The opposing Audino used <strong>Protect</strong>!<br></div><div class="battle-history"><small>The opposing Audino protected itself!</small><br></div><div class="spacer battle-history"><br></div><div class="battle-history">Venusaur used <strong>Knock Off</strong>!<br></div><div class="battle-history"><small>The opposing Audino protected itself!</small><br></div><div class="spacer battle-history"><br></div><h2 class="battle-history">Turn 122</h2><div class="chat chatmessage-kushalos"><strong style="color:hsl(241,86%,63.275220778172695%)"><small>+</small><span class="username" data-name="Kushalos">Kushalos</span>:</strong> <em>just get</em></div><div class="chat chatmessage-kushalos"><strong style="color:hsl(241,86%,63.275220778172695%)"><small>+</small><span class="username" data-name="Kushalos">Kushalos</span>:</strong> <em>double tect</em></div><div class="spacer battle-history"><br></div><div class="battle-history">The opposing Audino used <strong>Protect</strong>!<br></div><div class="battle-history"><small>The opposing Audino protected itself!</small><br></div><div class="spacer battle-history"><br></div><div class="battle-history">Venusaur used <strong>Sludge Bomb</strong>!<br></div><div class="battle-history"><small>The opposing Audino protected itself!</small><br></div><div class="spacer battle-history"><br></div><h2 class="battle-history">Turn 123</h2><div class="chat chatmessage-snagaa"><strong style="color:hsl(343,43%,47.900680738271376%)"><small>☆</small><span class="username" data-name="snagaa">snagaa</span>:</strong> <em>,</em></div><div class="chat chatmessage-kushalos"><strong style="color:hsl(241,86%,63.275220778172695%)"><small>+</small><span class="username" data-name="Kushalos">Kushalos</span>:</strong> <em>LOOOL</em></div><div class="chat chatmessage-snagaa"><strong style="color:hsl(343,43%,47.900680738271376%)"><small>☆</small><span class="username" data-name="snagaa">snagaa</span>:</strong> <em>man</em></div><div class="spacer battle-history"><br></div><div class="battle-history">Venusaur, come back!<br></div><div class="battle-history">Go! <strong>Slowking</strong>!<br></div><div class="spacer battle-history"><br></div><div class="battle-history">The opposing Audino used <strong>Wish</strong>!<br></div><div class="spacer battle-history"><br></div><div class="battle-history"><small>Slowking was hurt by poison!</small><br></div><div class="spacer battle-history"><br></div><h2 class="battle-history">Turn 124</h2><div class="spacer battle-history"><br></div><div class="battle-history">Slowking, come back!<br></div><div class="battle-history">Go! <strong>Registeel</strong>!<br></div><div class="spacer battle-history"><br></div><div class="battle-history">The opposing Audino used <strong>Heal Bell</strong>!<br></div><div class="battle-history"><small>A bell chimed!</small><br></div><div class="battle-history"><small>The opposing Flygon was cured of its poisoning.</small><br></div><div class="spacer battle-history"><br></div><div class="battle-history"><small>Audino's wish came true!</small><br></div><div class="spacer battle-history"><br></div><h2 class="battle-history">Turn 125</h2><div class="spacer battle-history"><br></div><div class="battle-history">koldkappuccino withdrew Audino!<br></div><div class="battle-history">koldkappuccino sent out <strong>Flygon</strong>!<br></div><div class="spacer battle-history"><br></div><div class="battle-history">Registeel, come back!<br></div><div class="battle-history">Go! <strong>Slowking</strong>!<br></div><div class="spacer battle-history"><br></div><div class="battle-history"><small>Slowking was hurt by poison!</small><br></div><div class="spacer battle-history"><br></div><h2 class="battle-history">Turn 126</h2><div class="chat chatmessage-snagaa"><strong style="color:hsl(343,43%,47.900680738271376%)"><small>☆</small><span class="username" data-name="snagaa">snagaa</span>:</strong> <em>too bad it doesn't heal me</em></div><div class="spacer battle-history"><br></div><div class="battle-history">The opposing Flygon used <strong>U-turn</strong>!<br></div><div class="battle-history"><small>It's super effective!</small><br></div><div class="battle-history"><small>(Slowking lost <abbr title="−108/394">27.4%</abbr> of its health!)</small><br></div><div class="spacer battle-history"><br></div><div class="battle-history">The opposing Flygon went back to koldkappuccino!<br></div><div class="battle-history">koldkappuccino sent out Audino (<strong>Audino-Mega</strong>)!<br></div><div class="spacer battle-history"><br></div><div class="battle-history">Slowking used <strong>Scald</strong>!<br></div><div class="battle-history"><small>(The opposing Audino lost <abbr title="−72/410">17.6%</abbr> of its health!)</small><br></div><div class="battle-history"><small>The opposing Audino was burned!</small><br></div><div class="spacer battle-history"><br></div><div class="battle-history"><small>The opposing Audino was hurt by its burn!</small><br></div><div class="battle-history"><small>Slowking was hurt by poison!</small><br></div><div class="spacer battle-history"><br></div><h2 class="battle-history">Turn 127</h2><div class="spacer battle-history"><br></div><div class="battle-history">The opposing Audino used <strong>Wish</strong>!<br></div><div class="spacer battle-history"><br></div><div class="battle-history">Slowking used <strong>Nasty Plot</strong>!<br></div><div class="battle-history"><small>Slowking's Special Attack rose sharply!</small><br></div><div class="spacer battle-history"><br></div><div class="battle-history"><small>The opposing Audino was hurt by its burn!</small><br></div><div class="battle-history"><small>Slowking was hurt by poison!</small><br></div><div class="spacer battle-history"><br></div><h2 class="battle-history">Turn 128</h2><div class="spacer battle-history"><br></div><div class="battle-history">Slowking, come back!<br></div><div class="battle-history">Go! <strong>Registeel</strong>!<br></div><div class="spacer battle-history"><br></div><div class="battle-history">The opposing Audino used <strong>Protect</strong>!<br></div><div class="battle-history"><small>But it failed!</small><br></div><div class="spacer battle-history"><br></div><div class="battle-history"><small>Audino's wish came true!</small><br></div><div class="battle-history"><small>The opposing Audino was hurt by its burn!</small><br></div><div class="spacer battle-history"><br></div><h2 class="battle-history">Turn 129</h2><div class="spacer battle-history"><br></div><div class="battle-history">The opposing Audino used <strong>Heal Bell</strong>!<br></div><div class="battle-history"><small>A bell chimed!</small><br></div><div class="battle-history"><small>The opposing Audino's burn was healed.</small><br></div><div class="spacer battle-history"><br></div><div class="battle-history">Registeel is fast asleep.<br></div><div class="spacer battle-history"><br></div><h2 class="battle-history">Turn 130</h2><div class="spacer battle-history"><br></div><div class="battle-history">koldkappuccino withdrew Audino!<br></div><div class="battle-history">koldkappuccino sent out <strong>Flygon</strong>!<br></div><div class="spacer battle-history"><br></div><div class="battle-history">Registeel, come back!<br></div><div class="battle-history">Go! <strong>Slowking</strong>!<br></div><div class="spacer battle-history"><br></div><div class="battle-history"><small>Slowking was hurt by poison!</small><br></div><div class="spacer battle-history"><br></div><h2 class="battle-history">Turn 131</h2><div class="chat chatmessage-chillshadow"><strong style="color:hsl(116,47%,43%)"><small>+</small><span class="username" data-name="ChillShadow">ChillShadow</span>:</strong> <em>?</em></div><div class="chat chatmessage-chillshadow"><strong style="color:hsl(116,47%,43%)"><small>+</small><span class="username" data-name="ChillShadow">ChillShadow</span>:</strong> <em>didnt it wake up this turn</em></div><div class="chat chatmessage-snagaa"><strong style="color:hsl(343,43%,47.900680738271376%)"><small>☆</small><span class="username" data-name="snagaa">snagaa</span>:</strong> <em>idk</em></div><div class="spacer battle-history"><br></div><div class="battle-history">The opposing Flygon used <strong>Roost</strong>!<br></div><div class="battle-history"><small>The opposing Flygon restored its HP.</small><br></div><div class="spacer battle-history"><br></div><div class="battle-history">Slowking used <strong>Scald</strong>!<br></div><div class="battle-history"><small>(The opposing Flygon lost <abbr title="−109/311">35.0%</abbr> of its health!)</small><br></div><div class="spacer battle-history"><br></div><div class="battle-history"><small>Slowking was hurt by poison!</small><br></div><div class="spacer battle-history"><br></div><h2 class="battle-history">Turn 132</h2><div class="chat chatmessage-koldkappuccino"><strong style="color:hsl(136,88%,34.86008565237191%)"><small>☆</small><span class="username" data-name="koldkappuccino">koldkappuccino</span>:</strong> <em>he switched out so it isnt considered as a turn</em></div><div class="chat chatmessage-chillshadow"><strong style="color:hsl(116,47%,43%)"><small>+</small><span class="username" data-name="ChillShadow">ChillShadow</span>:</strong> <em>i didnt watch the game</em></div><div class="spacer battle-history"><br></div><div class="battle-history">The opposing Flygon used <strong>Roost</strong>!<br></div><div class="battle-history"><small>The opposing Flygon restored its HP.</small><br></div><div class="spacer battle-history"><br></div><div class="battle-history">Slowking used <strong>Scald</strong>!<br></div><div class="battle-history"><small>(The opposing Flygon lost <abbr title="−115/311">37.0%</abbr> of its health!)</small><br></div><div class="battle-history"><small>The opposing Flygon was burned!</small><br></div><div class="spacer battle-history"><br></div><div class="battle-history"><small>The opposing Flygon was hurt by its burn!</small><br></div><div class="battle-history"><small>Slowking was hurt by poison!</small><br></div><div class="spacer battle-history"><br></div><h2 class="battle-history">Turn 133</h2><div class="spacer battle-history"><br></div><div class="battle-history">Slowking, come back!<br></div><div class="battle-history">Go! <strong>Registeel</strong>!<br></div><div class="spacer battle-history"><br></div><div class="battle-history">The opposing Flygon used <strong>Roost</strong>!<br></div><div class="battle-history"><small>The opposing Flygon restored its HP.</small><br></div><div class="spacer battle-history"><br></div><div class="battle-history"><small>The opposing Flygon was hurt by its burn!</small><br></div><div class="spacer battle-history"><br></div><h2 class="battle-history">Turn 134</h2><div class="chat chatmessage-chillshadow"><strong style="color:hsl(116,47%,43%)"><small>+</small><span class="username" data-name="ChillShadow">ChillShadow</span>:</strong> <em>but lol at u both thinking 0 atk flygon can take on registeel</em></div><div class="spacer battle-history"><br></div><div class="battle-history">The opposing Flygon used <strong>U-turn</strong>!<br></div><div class="battle-history"><small>It's not very effective...</small><br></div><div class="battle-history"><small>(Registeel lost <abbr title="−11/364">3.0%</abbr> of its health!)</small><br></div><div class="chat chatmessage-snagaa"><strong style="color:hsl(343,43%,47.900680738271376%)"><small>☆</small><span class="username" data-name="snagaa">snagaa</span>:</strong> <em>it can</em></div><div class="spacer battle-history"><br></div><div class="battle-history">The opposing Flygon went back to koldkappuccino!<br></div><div class="battle-history">koldkappuccino sent out Audino (<strong>Audino-Mega</strong>)!<br></div><div class="spacer battle-history"><br></div><div class="battle-history">Registeel is fast asleep.<br></div><div class="spacer battle-history"><br></div><h2 class="battle-history">Turn 135</h2><div class="chat chatmessage-snagaa"><strong style="color:hsl(343,43%,47.900680738271376%)"><small>☆</small><span class="username" data-name="snagaa">snagaa</span>:</strong> <em>it did 48</em></div><div class="chat chatmessage-snagaa"><strong style="color:hsl(343,43%,47.900680738271376%)"><small>☆</small><span class="username" data-name="snagaa">snagaa</span>:</strong> <em>38</em></div><div class="chat chatmessage-snagaa"><strong style="color:hsl(343,43%,47.900680738271376%)"><small>☆</small><span class="username" data-name="snagaa">snagaa</span>:</strong> <em>at +2</em></div><div class="chat chatmessage-snagaa"><strong style="color:hsl(343,43%,47.900680738271376%)"><small>☆</small><span class="username" data-name="snagaa">snagaa</span>:</strong> <em>1</em></div><div class="spacer battle-history"><br></div><div class="battle-history">The opposing Audino used <strong>Heal Bell</strong>!<br></div><div class="battle-history"><small>A bell chimed!</small><br></div><div class="battle-history"><small>The opposing Flygon's burn was healed.</small><br></div><div class="battle-history"><small>Registeel woke up!</small><br></div><div class="spacer battle-history"><br></div><div class="battle-history">Registeel used <strong>Curse</strong>!<br></div><div class="battle-history"><small>Registeel's Speed fell!</small><br></div><div class="battle-history"><small>Registeel's Attack rose!</small><br></div><div class="battle-history"><small>Registeel's Defense rose!</small><br></div><div class="spacer battle-history"><br></div><h2 class="battle-history">Turn 136</h2><div class="spacer battle-history"><br></div><div class="battle-history">koldkappuccino withdrew Audino!<br></div><div class="battle-history">koldkappuccino sent out <strong>Flygon</strong>!<br></div><div class="spacer battle-history"><br></div><div class="battle-history">Registeel used <strong>Curse</strong>!<br></div><div class="battle-history"><small>Registeel's Speed fell!</small><br></div><div class="battle-history"><small>Registeel's Attack rose!</small><br></div><div class="battle-history"><small>Registeel's Defense rose!</small><br></div><div class="spacer battle-history"><br></div><h2 class="battle-history">Turn 137</h2><div class="spacer battle-history"><br></div><div class="battle-history">The opposing Flygon used <strong>Earthquake</strong>!<br></div><div class="battle-history"><small>It's super effective!</small><br></div><div class="battle-history"><small>(Registeel lost <abbr title="−98/364">26.9%</abbr> of its health!)</small><br></div><div class="spacer battle-history"><br></div><div class="battle-history">Registeel used <strong>Iron Head</strong>!<br></div><div class="battle-history"><small>(The opposing Flygon lost <abbr title="−177/311">56.9%</abbr> of its health!)</small><br></div><div class="spacer battle-history"><br></div><h2 class="battle-history">Turn 138</h2><div class="spacer battle-history"><br></div><div class="battle-history">The opposing Flygon used <strong>Earthquake</strong>!<br></div><div class="battle-history"><small>It's super effective!</small><br></div><div class="battle-history"><small>A critical hit!</small><br></div><div class="battle-history"><small>(Registeel lost <abbr title="−255/364">70.1%</abbr> of its health!)</small><br></div><div class="spacer battle-history"><br></div><div class="battle-history">Registeel fainted!<br></div><div class="chat chatmessage-snagaa"><strong style="color:hsl(343,43%,47.900680738271376%)"><small>☆</small><span class="username" data-name="snagaa">snagaa</span>:</strong> <em>dsafjaos</em></div><div class="chat chatmessage-chillshadow"><strong style="color:hsl(116,47%,43%)"><small>+</small><span class="username" data-name="ChillShadow">ChillShadow</span>:</strong> <em>lol</em></div><div class="chat chatmessage-snagaa"><strong style="color:hsl(343,43%,47.900680738271376%)"><small>☆</small><span class="username" data-name="snagaa">snagaa</span>:</strong> <em>fjaosf</em></div><div class="chat chatmessage-snagaa"><strong style="color:hsl(343,43%,47.900680738271376%)"><small>☆</small><span class="username" data-name="snagaa">snagaa</span>:</strong> <em>afjas</em></div><div class="chat chatmessage-snagaa"><strong style="color:hsl(343,43%,47.900680738271376%)"><small>☆</small><span class="username" data-name="snagaa">snagaa</span>:</strong> <em>dfjas</em></div><div class="chat chatmessage-snagaa"><strong style="color:hsl(343,43%,47.900680738271376%)"><small>☆</small><span class="username" data-name="snagaa">snagaa</span>:</strong> <em>pja</em></div><div class="chat chatmessage-snagaa"><strong style="color:hsl(343,43%,47.900680738271376%)"><small>☆</small><span class="username" data-name="snagaa">snagaa</span>:</strong> <em>osdfj</em></div><div class="chat chatmessage-snagaa"><strong style="color:hsl(343,43%,47.900680738271376%)"><small>☆</small><span class="username" data-name="snagaa">snagaa</span>:</strong> <em>oaf</em></div><div class="chat chatmessage-snagaa"><strong style="color:hsl(343,43%,47.900680738271376%)"><small>☆</small><span class="username" data-name="snagaa">snagaa</span>:</strong> <em>bro</em></div><div class="chat chatmessage-koldkappuccino"><strong style="color:hsl(136,88%,34.86008565237191%)"><small>☆</small><span class="username" data-name="koldkappuccino">koldkappuccino</span>:</strong> <em>lol!am sry</em></div><div class="spacer battle-history"><br></div><div class="battle-history">Go! <strong>Slowking</strong>!<br></div><div class="spacer battle-history"><br></div><h2 class="battle-history">Turn 139</h2><div class="spacer battle-history"><br></div><div class="battle-history">The opposing Flygon used <strong>Roost</strong>!<br></div><div class="battle-history"><small>The opposing Flygon restored its HP.</small><br></div><div class="spacer battle-history"><br></div><div class="battle-history">Slowking used <strong>Nasty Plot</strong>!<br></div><div class="battle-history"><small>Slowking's Special Attack rose sharply!</small><br></div><div class="spacer battle-history"><br></div><div class="battle-history"><small>Slowking was hurt by poison!</small><br></div><div class="spacer battle-history"><br></div><h2 class="battle-history">Turn 140</h2><div class="spacer battle-history"><br></div><div class="battle-history">The opposing Flygon used <strong>U-turn</strong>!<br></div><div class="battle-history"><small>It's super effective!</small><br></div><div class="battle-history"><small>(Slowking lost <abbr title="−114/394">28.9%</abbr> of its health!)</small><br></div><div class="spacer battle-history"><br></div><div class="battle-history">The opposing Flygon went back to koldkappuccino!<br></div><div class="battle-history">koldkappuccino sent out Audino (<strong>Audino-Mega</strong>)!<br></div><div class="spacer battle-history"><br></div><div class="battle-history">Slowking used <strong>Psychic</strong>!<br></div><div class="battle-history"><small>(The opposing Audino lost <abbr title="−174/410">42.4%</abbr> of its health!)</small><br></div><div class="spacer battle-history"><br></div><div class="battle-history"><small>Slowking was hurt by poison!</small><br></div><div class="spacer battle-history"><br></div><h2 class="battle-history">Turn 141</h2><div class="spacer battle-history"><br></div><div class="battle-history">Slowking, come back!<br></div><div class="battle-history">Go! <strong>Venusaur</strong>!<br></div><div class="spacer battle-history"><br></div><div class="battle-history">The opposing Audino used <strong>Wish</strong>!<br></div><div class="spacer battle-history"><br></div><h2 class="battle-history">Turn 142</h2><div class="spacer battle-history"><br></div><div class="battle-history">Venusaur, come back!<br></div><div class="battle-history">Go! <strong>Slowking</strong>!<br></div><div class="spacer battle-history"><br></div><div class="battle-history">The opposing Audino used <strong>Dazzling Gleam</strong>!<br></div><div class="battle-history"><small>(Slowking lost <abbr title="−67/394">17.0%</abbr> of its health!)</small><br></div><div class="spacer battle-history"><br></div><div class="battle-history"><small>Audino's wish came true!</small><br></div><div class="battle-history"><small>Slowking was hurt by poison!</small><br></div><div class="spacer battle-history"><br></div><h2 class="battle-history">Turn 143</h2><div class="spacer battle-history"><br></div><div class="battle-history">Slowking, come back!<br></div><div class="battle-history">Go! <strong>Venusaur</strong>!<br></div><div class="spacer battle-history"><br></div><div class="battle-history">The opposing Audino used <strong>Dazzling Gleam</strong>!<br></div><div class="battle-history"><small>It's not very effective...</small><br></div><div class="battle-history"><small>(Venusaur lost <abbr title="−38/364">10.4%</abbr> of its health!)</small><br></div><div class="spacer battle-history"><br></div><h2 class="battle-history">Turn 144</h2><div class="spacer battle-history"><br></div><div class="battle-history">Venusaur, come back!<br></div><div class="battle-history">Go! <strong>Slowking</strong>!<br></div><div class="spacer battle-history"><br></div><div class="battle-history">koldkappuccino withdrew Audino!<br></div><div class="battle-history">koldkappuccino sent out <strong>Flygon</strong>!<br></div><div class="spacer battle-history"><br></div><div class="battle-history"><small>Slowking was hurt by poison!</small><br></div><div class="spacer battle-history"><br></div><h2 class="battle-history">Turn 145</h2><div class="spacer battle-history"><br></div><div class="battle-history">Slowking, come back!<br></div><div class="battle-history">Go! <strong>Venusaur</strong>!<br></div><div class="spacer battle-history"><br></div><div class="battle-history">The opposing Flygon used <strong>Earthquake</strong>!<br></div><div class="battle-history"><small>(Venusaur lost <abbr title="−98/364">26.9%</abbr> of its health!)</small><br></div><div class="spacer battle-history"><br></div><div class="battle-history">Venusaur fainted!<br></div><div class="spacer battle-history"><br></div><div class="battle-history">Go! <strong>Slowking</strong>!<br></div><div class="spacer battle-history"><br></div><h2 class="battle-history">Turn 146</h2><div class="spacer battle-history"><br></div><div class="battle-history">The opposing Flygon used <strong>U-turn</strong>!<br></div><div class="battle-history"><small>It's super effective!</small><br></div><div class="battle-history"><small>(Slowking lost <abbr title="−114/394">28.9%</abbr> of its health!)</small><br></div><div class="spacer battle-history"><br></div><div class="battle-history">The opposing Flygon went back to koldkappuccino!<br></div><div class="battle-history">koldkappuccino sent out Audino (<strong>Audino-Mega</strong>)!<br></div><div class="spacer battle-history"><br></div><div class="battle-history">Slowking used <strong>Nasty Plot</strong>!<br></div><div class="battle-history"><small>Slowking's Special Attack rose sharply!</small><br></div><div class="spacer battle-history"><br></div><div class="battle-history"><small>Slowking was hurt by poison!</small><br></div><div class="spacer battle-history"><br></div><h2 class="battle-history">Turn 147</h2><div class="chat chatmessage-snagaa"><strong style="color:hsl(343,43%,47.900680738271376%)"><small>☆</small><span class="username" data-name="snagaa">snagaa</span>:</strong> <em>I'm not playing g3 rn</em></div><div class="chat chatmessage-snagaa"><strong style="color:hsl(343,43%,47.900680738271376%)"><small>☆</small><span class="username" data-name="snagaa">snagaa</span>:</strong> <em>that was bs</em></div><div class="spacer battle-history"><br></div><div class="battle-history"><small>snagaa forfeited.</small><br></div><div class="spacer battle-history"><br></div><div class="battle-history"><strong>koldkappuccino</strong> won the battle!<br></div></div><div class="inner-preempt"></div></div></div>
</div>
<script>
let daily = Math.floor(Date.now()/1000/60/60/24);document.write('<script src="https://play.pokemonshowdown.com/js/replay-embed.js?version'+daily+'"></'+'script>');
</script>
