<!DOCTYPE html>
<meta charset="utf-8" />
<!-- version 1 -->
<title>RU replay: Alain98 vs. i seen da blud</title>
<style>
html,body {font-family:Verdana, sans-serif;font-size:10pt;margin:0;padding:0;}body{padding:12px 0;} .battle-log {font-family:Verdana, sans-serif;font-size:10pt;} .battle-log-inline {border:1px solid #AAAAAA;background:#EEF2F5;color:black;max-width:640px;margin:0 auto 80px;padding-bottom:5px;} .battle-log .inner {padding:4px 8px 0px 8px;} .battle-log .inner-preempt {padding:0 8px 4px 8px;} .battle-log .inner-after {margin-top:0.5em;} .battle-log h2 {margin:0.5em -8px;padding:4px 8px;border:1px solid #AAAAAA;background:#E0E7EA;border-left:0;border-right:0;font-family:Verdana, sans-serif;font-size:13pt;} .battle-log .chat {vertical-align:middle;padding:3px 0 3px 0;font-size:8pt;} .battle-log .chat strong {color:#40576A;} .battle-log .chat em {padding:1px 4px 1px 3px;color:#000000;font-style:normal;} .chat.mine {background:rgba(0,0,0,0.05);margin-left:-8px;margin-right:-8px;padding-left:8px;padding-right:8px;} .spoiler {color:#BBBBBB;background:#BBBBBB;padding:0px 3px;} .spoiler:hover, .spoiler:active, .spoiler-shown {color:#000000;background:#E2E2E2;padding:0px 3px;} .spoiler a {color:#BBBBBB;} .spoiler:hover a, .spoiler:active a, .spoiler-shown a {color:#2288CC;} .chat code, .chat .spoiler:hover code, .chat .spoiler:active code, .chat .spoiler-shown code {border:1px solid #C0C0C0;background:#EEEEEE;color:black;padding:0 2px;} .chat .spoiler code {border:1px solid #CCCCCC;background:#CCCCCC;color:#CCCCCC;} .battle-log .rated {padding:3px 4px;} .battle-log .rated strong {color:white;background:#89A;padding:1px 4px;border-radius:4px;} .spacer {margin-top:0.5em;} .message-announce {background:#6688AA;color:white;padding:1px 4px 2px;} .message-announce a, .broadcast-green a, .broadcast-blue a, .broadcast-red a {color:#DDEEFF;} .broadcast-green {background-color:#559955;color:white;padding:2px 4px;} .broadcast-blue {background-color:#6688AA;color:white;padding:2px 4px;} .infobox {border:1px solid #6688AA;padding:2px 4px;} .infobox-limited {max-height:200px;overflow:auto;overflow-x:hidden;} .broadcast-red {background-color:#AA5544;color:white;padding:2px 4px;} .message-learn-canlearn {font-weight:bold;color:#228822;text-decoration:underline;} .message-learn-cannotlearn {font-weight:bold;color:#CC2222;text-decoration:underline;} .message-effect-weak {font-weight:bold;color:#CC2222;} .message-effect-resist {font-weight:bold;color:#6688AA;} .message-effect-immune {font-weight:bold;color:#666666;} .message-learn-list {margin-top:0;margin-bottom:0;} .message-throttle-notice, .message-error {color:#992222;} .message-overflow, .chat small.message-overflow {font-size:0pt;} .message-overflow::before {font-size:9pt;content:'...';} .subtle {color:#3A4A66;}
</style>
<div class="wrapper replay-wrapper" style="max-width:1180px;margin:0 auto">
<input type="hidden" name="replayid" value="ru-498806216" />
<div class="battle"></div><div class="battle-log"></div><div class="replay-controls"></div><div class="replay-controls-2"></div>
<h1 style="font-weight:normal;text-align:center"><strong>RU</strong><br /><a href="http://pokemonshowdown.com/users/alain98" class="subtle" target="_blank">Alain98</a> vs. <a href="http://pokemonshowdown.com/users/iseendablud" class="subtle" target="_blank">i seen da blud</a></h1>
<script type="text/plain" class="battle-log-data">|j|Alain98
|j|i seen da blud
|player|p1|Alain98|10
|player|p2|i seen da blud|25
|gametype|singles
|gen|6
|tier|RU
|rated
|seed|4927,9280,28196,21932
|rule|Sleep Clause Mod: Limit one foe put to sleep
|rule|Species Clause: Limit one of each Pokémon
|rule|OHKO Clause: OHKO moves are banned
|rule|Moody Clause: Moody is banned
|rule|Evasion Moves Clause: Evasion moves are banned
|rule|Endless Battle Clause: Forcing endless battles is banned
|rule|HP Percentage Mod: HP is shown in percentages
|clearpoke
|poke|p1|Jolteon, M|item
|poke|p1|Hitmonlee, M|item
|poke|p1|Venusaur, M|item
|poke|p1|Camerupt, F|item
|poke|p1|Togetic, M|item
|poke|p1|Gastrodon, M|item
|poke|p2|Jolteon, F|item
|poke|p2|Registeel|item
|poke|p2|Glalie, M|item
|poke|p2|Venusaur, F|item
|poke|p2|Scrafty, M|item
|poke|p2|Emboar, F|item
|rule|Swagger Clause: Swagger is banned
|rule|Baton Pass Clause: Limit one Baton Passer, can't pass Spe and other stats simultaneously
|teampreview
|choice|team 4, team 2, team 3, team 1, team 5, team 6|team 2, team 1, team 3, team 4, team 5, team 6
|
|start
|switch|p1a: CHAMALOW|Camerupt, F|343\/343
|switch|p2a: Registeel|Registeel|364\/364
|turn|1
|choice|move earthpower mega|move stealthrock
|
|detailschange|p1a: CHAMALOW|Camerupt-Mega, F
|-mega|p1a: CHAMALOW|Camerupt|Cameruptite
|move|p2a: Registeel|Stealth Rock|p1a: CHAMALOW
|-sidestart|p1: Alain98|move: Stealth Rock
|move|p1a: CHAMALOW|Earth Power|p2a: Registeel
|-supereffective|p2a: Registeel
|-damage|p2a: Registeel|98\/364
|
|-heal|p2a: Registeel|120\/364|[from] item: Leftovers
|upkeep
|turn|2
|choice|move earthpower|move seismictoss
|
|move|p2a: Registeel|Seismic Toss|p1a: CHAMALOW
|-damage|p1a: CHAMALOW|243\/343
|move|p1a: CHAMALOW|Earth Power|p2a: Registeel
|-supereffective|p2a: Registeel
|-damage|p2a: Registeel|0 fnt
|faint|p2a: Registeel
|
|upkeep
|choice||switch 4
|
|switch|p2a: Venusaur|Venusaur, F|364\/364
|turn|3
|choice|switch 3|move sleeppowder
|
|switch|p1a: BIZZAR|Venusaur, M|301\/301
|-damage|p1a: BIZZAR|264\/301|[from] Stealth Rock
|move|p2a: Venusaur|Sleep Powder|p1a: BIZZAR
|-immune|p1a: BIZZAR|[msg]
|
|-heal|p1a: BIZZAR|282\/301|[from] item: Leftovers
|upkeep
|turn|4
|choice|switch 2|move sludgebomb
|
|switch|p1a: COUD PIED|Hitmonlee, M|242\/242
|-damage|p1a: COUD PIED|227\/242|[from] Stealth Rock
|move|p2a: Venusaur|Sludge Bomb|p1a: COUD PIED
|-damage|p1a: COUD PIED|136\/242
|
|upkeep
|turn|5
|choice|move fakeout|move sludgebomb
|
|move|p1a: COUD PIED|Fake Out|p2a: Venusaur
|-enditem|p1a: COUD PIED|Normal Gem|[from] gem|[move] Fake Out
|-damage|p2a: Venusaur|300\/364
|cant|p2a: Venusaur|flinch
|
|-heal|p2a: Venusaur|322\/364|[from] item: Black Sludge
|upkeep
|turn|6
|choice|move knockoff|move gigadrain
|
|move|p1a: COUD PIED|Knock Off|p2a: Venusaur
|-damage|p2a: Venusaur|198\/364
|-enditem|p2a: Venusaur|Black Sludge|[from] move: Knock Off|[of] p1a: COUD PIED
|move|p2a: Venusaur|Giga Drain|p1a: COUD PIED
|-damage|p1a: COUD PIED|48\/242
|-heal|p2a: Venusaur|242\/364|[from] drain|[of] p1a: COUD PIED
|
|upkeep
|turn|7
|choice|switch 2|move sludgebomb
|
|switch|p1a: BIZZAR|Venusaur, M|282\/301
|-damage|p1a: BIZZAR|245\/301|[from] Stealth Rock
|move|p2a: Venusaur|Sludge Bomb|p1a: BIZZAR
|-damage|p1a: BIZZAR|169\/301
|
|-heal|p1a: BIZZAR|187\/301|[from] item: Leftovers
|upkeep
|turn|8
|choice|move gigadrain|move sludgebomb
|
|move|p1a: BIZZAR|Giga Drain|p2a: Venusaur
|-resisted|p2a: Venusaur
|-damage|p2a: Venusaur|226\/364
|-heal|p1a: BIZZAR|195\/301|[from] drain|[of] p2a: Venusaur
|move|p2a: Venusaur|Sludge Bomb|p1a: BIZZAR
|-damage|p1a: BIZZAR|122\/301
|
|-heal|p1a: BIZZAR|140\/301|[from] item: Leftovers
|upkeep
|turn|9
|choice|switch 6|move sludgebomb
|
|switch|p1a: Gastrodon|Gastrodon, M|426\/426
|-damage|p1a: Gastrodon|400\/426|[from] Stealth Rock
|move|p2a: Venusaur|Sludge Bomb|p1a: Gastrodon
|-resisted|p1a: Gastrodon
|-damage|p1a: Gastrodon|358\/426
|
|-heal|p1a: Gastrodon|384\/426|[from] item: Leftovers
|upkeep
|turn|10
|choice|move earthquake|move sleeppowder
|
|move|p2a: Venusaur|Sleep Powder|p1a: Gastrodon
|-status|p1a: Gastrodon|slp
|cant|p1a: Gastrodon|slp
|
|-heal|p1a: Gastrodon|410\/426 slp|[from] item: Leftovers
|upkeep
|turn|11
|choice|move earthquake|move gigadrain
|
|move|p2a: Venusaur|Giga Drain|p1a: Gastrodon
|-supereffective|p1a: Gastrodon
|-damage|p1a: Gastrodon|110\/426 slp
|-heal|p2a: Venusaur|364\/364|[from] drain|[of] p1a: Gastrodon
|cant|p1a: Gastrodon|slp
|
|-heal|p1a: Gastrodon|136\/426 slp|[from] item: Leftovers
|upkeep
|turn|12
|choice|move earthquake|move sludgebomb
|
|move|p2a: Venusaur|Sludge Bomb|p1a: Gastrodon
|-resisted|p1a: Gastrodon
|-damage|p1a: Gastrodon|90\/426 slp
|-curestatus|p1a: Gastrodon|slp|[msg]
|move|p1a: Gastrodon|Earthquake|p2a: Venusaur
|-damage|p2a: Venusaur|252\/364
|
|-heal|p1a: Gastrodon|116\/426|[from] item: Leftovers
|upkeep
|turn|13
|choice|move recover|move gigadrain
|
|move|p2a: Venusaur|Giga Drain|p1a: Gastrodon
|-supereffective|p1a: Gastrodon
|-damage|p1a: Gastrodon|0 fnt
|-heal|p2a: Venusaur|310\/364|[from] drain|[of] p1a: Gastrodon
|faint|p1a: Gastrodon
|
|upkeep
|choice|switch 3|
|
|switch|p1a: CHAMALOW|Camerupt-Mega, F|243\/343
|-damage|p1a: CHAMALOW|201\/343|[from] Stealth Rock
|turn|14
|choice|move earthpower|move sleeppowder
|
|move|p2a: Venusaur|Sleep Powder|p1a: CHAMALOW
|-status|p1a: CHAMALOW|slp
|cant|p1a: CHAMALOW|slp
|
|upkeep
|turn|15
|choice|move earthpower|switch 3
|
|switch|p2a: Glalie|Glalie, M|301\/301
|cant|p1a: CHAMALOW|slp
|
|upkeep
|turn|16
|choice|move overheat|move return mega
|
|detailschange|p2a: Glalie|Glalie-Mega, M
|-mega|p2a: Glalie|Glalie|Glalitite
|move|p2a: Glalie|Return|p1a: CHAMALOW
|-damage|p1a: CHAMALOW|0 fnt
|faint|p1a: CHAMALOW
|
|upkeep
|choice|switch 2|
|
|switch|p1a: COUD PIED|Hitmonlee, M|48\/242
|-damage|p1a: COUD PIED|33\/242|[from] Stealth Rock
|turn|17
|choice|move machpunch|move return
|
|move|p1a: COUD PIED|Mach Punch|p2a: Glalie
|-supereffective|p2a: Glalie
|-damage|p2a: Glalie|137\/301
|move|p2a: Glalie|Return|p1a: COUD PIED
|-damage|p1a: COUD PIED|0 fnt
|faint|p1a: COUD PIED
|
|upkeep
|-message|Alain98 forfeited.
|l|Alain98
|
|win|i seen da blud
|player|p1
|player|p2</script>
</div>
<div class="battle-log battle-log-inline"><div class="inner"><div class="battle-options"></div><div class="inner"><div class="chat"><small>Alain98 joined.</small></div><div class="chat"><small>i seen da blud joined.</small></div><div class=""><small>Format:</small> <br><strong>RU</strong></div><div class="rated"><strong>Rated battle</strong></div><div class=""><small><em>Sleep Clause Mod:</em> Limit one foe put to sleep</small></div><div class=""><small><em>Species Clause:</em> Limit one of each Pokémon</small></div><div class=""><small><em>OHKO Clause:</em> OHKO moves are banned</small></div><div class=""><small><em>Moody Clause:</em> Moody is banned</small></div><div class=""><small><em>Evasion Moves Clause:</em> Evasion moves are banned</small></div><div class=""><small><em>Endless Battle Clause:</em> Forcing endless battles is banned</small></div><div class=""><small><em>HP Percentage Mod:</em> HP is shown in percentages</small></div><div class=""><small><em>Swagger Clause:</em> Swagger is banned</small></div><div class=""><small><em>Baton Pass Clause:</em> Limit one Baton Passer, can't pass Spe and other stats simultaneously</small></div><div class="chat battle-history"><strong>Alain98's team:</strong> <em style="color:#445566;display:block;">Jolteon / Hitmonlee / Venusaur / Camerupt / Togetic / Gastrodon</em></div><div class="chat battle-history"><strong>i seen da blud's team:</strong> <em style="color:#445566;display:block;">Jolteon / Registeel / Glalie / Venusaur / Scrafty / Emboar</em></div><div class="spacer battle-history"><br></div><div class="battle-history">Battle started between Alain98 and i seen da blud!<br></div><div class="spacer battle-history"><br></div><div class="battle-history">Go! CHAMALOW (<strong>Camerupt</strong>)!<br></div><div class="spacer battle-history"><br></div><div class="battle-history">i seen da blud sent out <strong>Registeel</strong>!<br></div><div class="spacer battle-history"><br></div><h2 class="battle-history">Turn 1</h2><div class="spacer battle-history"><br></div><div class="battle-history"><small>CHAMALOW's Cameruptite is reacting to Alain98's Mega Bracelet!</small><br>CHAMALOW has Mega Evolved into Mega Camerupt!<br></div><div class="spacer battle-history"><br></div><div class="battle-history">The opposing Registeel used <strong>Stealth Rock</strong>!<br></div><div class="battle-history"><small>Pointed stones float in the air around your team!</small><br></div><div class="spacer battle-history"><br></div><div class="battle-history">CHAMALOW used <strong>Earth Power</strong>!<br></div><div class="battle-history"><small>It's super effective!</small><br></div><div class="battle-history"><small>(The opposing Registeel lost <abbr title="−266/364">73.1%</abbr> of its health!)</small><br></div><div class="spacer battle-history"><br></div><div class="battle-history"><small>The opposing Registeel restored a little HP using its Leftovers!</small><br></div><div class="spacer battle-history"><br></div><h2 class="battle-history">Turn 2</h2><div class="spacer battle-history"><br></div><div class="battle-history">The opposing Registeel used <strong>Seismic Toss</strong>!<br></div><div class="battle-history"><small>(CHAMALOW lost <abbr title="−100/343">29.2%</abbr> of its health!)</small><br></div><div class="spacer battle-history"><br></div><div class="battle-history">CHAMALOW used <strong>Earth Power</strong>!<br></div><div class="battle-history"><small>It's super effective!</small><br></div><div class="battle-history"><small>(The opposing Registeel lost <abbr title="−120/364">33.0%</abbr> of its health!)</small><br></div><div class="spacer battle-history"><br></div><div class="battle-history">The opposing Registeel fainted!<br></div><div class="spacer battle-history"><br></div><div class="battle-history">i seen da blud sent out <strong>Venusaur</strong>!<br></div><div class="spacer battle-history"><br></div><h2 class="battle-history">Turn 3</h2><div class="spacer battle-history"><br></div><div class="battle-history">CHAMALOW, come back!<br></div><div class="battle-history">Go! BIZZAR (<strong>Venusaur</strong>)!<br></div><div class="battle-history"><small>Pointed stones dug into BIZZAR!</small><br></div><div class="spacer battle-history"><br></div><div class="battle-history">The opposing Venusaur used <strong>Sleep Powder</strong>!<br></div><div class="battle-history"><small>It doesn't affect BIZZAR...</small><br></div><div class="spacer battle-history"><br></div><div class="battle-history"><small>BIZZAR restored a little HP using its Leftovers!</small><br></div><div class="spacer battle-history"><br></div><h2 class="battle-history">Turn 4</h2><div class="spacer battle-history"><br></div><div class="battle-history">BIZZAR, come back!<br></div><div class="battle-history">Go! COUD PIED (<strong>Hitmonlee</strong>)!<br></div><div class="battle-history"><small>Pointed stones dug into COUD PIED!</small><br></div><div class="spacer battle-history"><br></div><div class="battle-history">The opposing Venusaur used <strong>Sludge Bomb</strong>!<br></div><div class="battle-history"><small>(COUD PIED lost <abbr title="−91/242">37.6%</abbr> of its health!)</small><br></div><div class="spacer battle-history"><br></div><h2 class="battle-history">Turn 5</h2><div class="spacer battle-history"><br></div><div class="battle-history">COUD PIED used <strong>Fake Out</strong>!<br></div><div class="battle-history"><small>The Normal Gem strengthened COUD PIED's power!</small><br></div><div class="battle-history"><small>(The opposing Venusaur lost <abbr title="−64/364">17.6%</abbr> of its health!)</small><br></div><div class="spacer battle-history"><br></div><div class="battle-history">The opposing Venusaur flinched and couldn't move!<br></div><div class="spacer battle-history"><br></div><div class="battle-history"><small>The opposing Venusaur restored a little HP using its Black Sludge!</small><br></div><div class="spacer battle-history"><br></div><h2 class="battle-history">Turn 6</h2><div class="spacer battle-history"><br></div><div class="battle-history">COUD PIED used <strong>Knock Off</strong>!<br></div><div class="battle-history"><small>(The opposing Venusaur lost <abbr title="−124/364">34.1%</abbr> of its health!)</small><br></div><div class="battle-history"><small>COUD PIED knocked off the opposing Venusaur's Black Sludge!</small><br></div><div class="spacer battle-history"><br></div><div class="battle-history">The opposing Venusaur used <strong>Giga Drain</strong>!<br></div><div class="battle-history"><small>(COUD PIED lost <abbr title="−88/242">36.4%</abbr> of its health!)</small><br></div><div class="battle-history"><small>COUD PIED had its energy drained!</small><br></div><div class="spacer battle-history"><br></div><h2 class="battle-history">Turn 7</h2><div class="spacer battle-history"><br></div><div class="battle-history">COUD PIED, come back!<br></div><div class="battle-history">Go! BIZZAR (<strong>Venusaur</strong>)!<br></div><div class="battle-history"><small>Pointed stones dug into BIZZAR!</small><br></div><div class="spacer battle-history"><br></div><div class="battle-history">The opposing Venusaur used <strong>Sludge Bomb</strong>!<br></div><div class="battle-history"><small>(BIZZAR lost <abbr title="−76/301">25.2%</abbr> of its health!)</small><br></div><div class="spacer battle-history"><br></div><div class="battle-history"><small>BIZZAR restored a little HP using its Leftovers!</small><br></div><div class="spacer battle-history"><br></div><h2 class="battle-history">Turn 8</h2><div class="spacer battle-history"><br></div><div class="battle-history">BIZZAR used <strong>Giga Drain</strong>!<br></div><div class="battle-history"><small>It's not very effective...</small><br></div><div class="battle-history"><small>(The opposing Venusaur lost <abbr title="−16/364">4.4%</abbr> of its health!)</small><br></div><div class="battle-history"><small>The opposing Venusaur had its energy drained!</small><br></div><div class="spacer battle-history"><br></div><div class="battle-history">The opposing Venusaur used <strong>Sludge Bomb</strong>!<br></div><div class="battle-history"><small>(BIZZAR lost <abbr title="−73/301">24.3%</abbr> of its health!)</small><br></div><div class="spacer battle-history"><br></div><div class="battle-history"><small>BIZZAR restored a little HP using its Leftovers!</small><br></div><div class="spacer battle-history"><br></div><h2 class="battle-history">Turn 9</h2><div class="spacer battle-history"><br></div><div class="battle-history">BIZZAR, come back!<br></div><div class="battle-history">Go! <strong>Gastrodon</strong>!<br></div><div class="battle-history"><small>Pointed stones dug into Gastrodon!</small><br></div><div class="spacer battle-history"><br></div><div class="battle-history">The opposing Venusaur used <strong>Sludge Bomb</strong>!<br></div><div class="battle-history"><small>It's not very effective...</small><br></div><div class="battle-history"><small>(Gastrodon lost <abbr title="−42/426">9.9%</abbr> of its health!)</small><br></div><div class="spacer battle-history"><br></div><div class="battle-history"><small>Gastrodon restored a little HP using its Leftovers!</small><br></div><div class="spacer battle-history"><br></div><h2 class="battle-history">Turn 10</h2><div class="spacer battle-history"><br></div><div class="battle-history">The opposing Venusaur used <strong>Sleep Powder</strong>!<br></div><div class="battle-history"><small>Gastrodon fell asleep!</small><br></div><div class="spacer battle-history"><br></div><div class="battle-history">Gastrodon is fast asleep.<br></div><div class="spacer battle-history"><br></div><div class="battle-history"><small>Gastrodon restored a little HP using its Leftovers!</small><br></div><div class="spacer battle-history"><br></div><h2 class="battle-history">Turn 11</h2><div class="spacer battle-history"><br></div><div class="battle-history">The opposing Venusaur used <strong>Giga Drain</strong>!<br></div><div class="battle-history"><small>It's super effective!</small><br></div><div class="battle-history"><small>(Gastrodon lost <abbr title="−300/426">70.4%</abbr> of its health!)</small><br></div><div class="battle-history"><small>Gastrodon had its energy drained!</small><br></div><div class="spacer battle-history"><br></div><div class="battle-history">Gastrodon is fast asleep.<br></div><div class="spacer battle-history"><br></div><div class="battle-history"><small>Gastrodon restored a little HP using its Leftovers!</small><br></div><div class="spacer battle-history"><br></div><h2 class="battle-history">Turn 12</h2><div class="spacer battle-history"><br></div><div class="battle-history">The opposing Venusaur used <strong>Sludge Bomb</strong>!<br></div><div class="battle-history"><small>It's not very effective...</small><br></div><div class="battle-history"><small>(Gastrodon lost <abbr title="−46/426">10.8%</abbr> of its health!)</small><br></div><div class="battle-history"><small>Gastrodon woke up!</small><br></div><div class="spacer battle-history"><br></div><div class="battle-history">Gastrodon used <strong>Earthquake</strong>!<br></div><div class="battle-history"><small>(The opposing Venusaur lost <abbr title="−112/364">30.8%</abbr> of its health!)</small><br></div><div class="spacer battle-history"><br></div><div class="battle-history"><small>Gastrodon restored a little HP using its Leftovers!</small><br></div><div class="spacer battle-history"><br></div><h2 class="battle-history">Turn 13</h2><div class="spacer battle-history"><br></div><div class="battle-history">The opposing Venusaur used <strong>Giga Drain</strong>!<br></div><div class="battle-history"><small>It's super effective!</small><br></div><div class="battle-history"><small>(Gastrodon lost <abbr title="−116/426">27.2%</abbr> of its health!)</small><br></div><div class="battle-history"><small>Gastrodon had its energy drained!</small><br></div><div class="spacer battle-history"><br></div><div class="battle-history">Gastrodon fainted!<br></div><div class="spacer battle-history"><br></div><div class="battle-history">Go! CHAMALOW (<strong>Camerupt-Mega</strong>)!<br></div><div class="battle-history"><small>Pointed stones dug into CHAMALOW!</small><br></div><div class="spacer battle-history"><br></div><h2 class="battle-history">Turn 14</h2><div class="spacer battle-history"><br></div><div class="battle-history">The opposing Venusaur used <strong>Sleep Powder</strong>!<br></div><div class="battle-history"><small>CHAMALOW fell asleep!</small><br></div><div class="spacer battle-history"><br></div><div class="battle-history">CHAMALOW is fast asleep.<br></div><div class="spacer battle-history"><br></div><h2 class="battle-history">Turn 15</h2><div class="spacer battle-history"><br></div><div class="battle-history">i seen da blud withdrew Venusaur!<br></div><div class="battle-history">i seen da blud sent out <strong>Glalie</strong>!<br></div><div class="spacer battle-history"><br></div><div class="battle-history">CHAMALOW is fast asleep.<br></div><div class="spacer battle-history"><br></div><h2 class="battle-history">Turn 16</h2><div class="spacer battle-history"><br></div><div class="battle-history"><small>The opposing Glalie's Glalitite is reacting to i seen da blud's Mega Bracelet!</small><br>The opposing Glalie has Mega Evolved into Mega Glalie!<br></div><div class="spacer battle-history"><br></div><div class="battle-history">The opposing Glalie used <strong>Return</strong>!<br></div><div class="battle-history"><small>(CHAMALOW lost <abbr title="−201/343">58.6%</abbr> of its health!)</small><br></div><div class="spacer battle-history"><br></div><div class="battle-history">CHAMALOW fainted!<br></div><div class="spacer battle-history"><br></div><div class="battle-history">Go! COUD PIED (<strong>Hitmonlee</strong>)!<br></div><div class="battle-history"><small>Pointed stones dug into COUD PIED!</small><br></div><div class="spacer battle-history"><br></div><h2 class="battle-history">Turn 17</h2><div class="spacer battle-history"><br></div><div class="battle-history">COUD PIED used <strong>Mach Punch</strong>!<br></div><div class="battle-history"><small>It's super effective!</small><br></div><div class="battle-history"><small>(The opposing Glalie lost <abbr title="−164/301">54.5%</abbr> of its health!)</small><br></div><div class="spacer battle-history"><br></div><div class="battle-history">The opposing Glalie used <strong>Return</strong>!<br></div><div class="battle-history"><small>(COUD PIED lost <abbr title="−33/242">13.6%</abbr> of its health!)</small><br></div><div class="spacer battle-history"><br></div><div class="battle-history">COUD PIED fainted!<br></div><div class="spacer battle-history"><br></div><div class="battle-history"><small>Alain98 forfeited.</small><br></div><div class="chat"><small>Alain98 left.</small></div><div class="spacer battle-history"><br></div><div class="battle-history"><strong>i seen da blud</strong> won the battle!<br></div></div><div class="inner-preempt"></div></div></div>
</div>
<script>
let daily = Math.floor(Date.now()/1000/60/60/24);document.write('<script src="https://play.pokemonshowdown.com/js/replay-embed.js?version'+daily+'"></'+'script>');
</script>
