<!DOCTYPE html>
<meta charset="utf-8" />
<!-- version 1 -->
<title>RU replay: Feliburn vs. Kushalos</title>
<style>
html,body {font-family:Verdana, sans-serif;font-size:10pt;margin:0;padding:0;}body{padding:12px 0;} .battle-log {font-family:Verdana, sans-serif;font-size:10pt;} .battle-log-inline {border:1px solid #AAAAAA;background:#EEF2F5;color:black;max-width:640px;margin:0 auto 80px;padding-bottom:5px;} .battle-log .inner {padding:4px 8px 0px 8px;} .battle-log .inner-preempt {padding:0 8px 4px 8px;} .battle-log .inner-after {margin-top:0.5em;} .battle-log h2 {margin:0.5em -8px;padding:4px 8px;border:1px solid #AAAAAA;background:#E0E7EA;border-left:0;border-right:0;font-family:Verdana, sans-serif;font-size:13pt;} .battle-log .chat {vertical-align:middle;padding:3px 0 3px 0;font-size:8pt;} .battle-log .chat strong {color:#40576A;} .battle-log .chat em {padding:1px 4px 1px 3px;color:#000000;font-style:normal;} .chat.mine {background:rgba(0,0,0,0.05);margin-left:-8px;margin-right:-8px;padding-left:8px;padding-right:8px;} .spoiler {color:#BBBBBB;background:#BBBBBB;padding:0px 3px;} .spoiler:hover, .spoiler:active, .spoiler-shown {color:#000000;background:#E2E2E2;padding:0px 3px;} .spoiler a {color:#BBBBBB;} .spoiler:hover a, .spoiler:active a, .spoiler-shown a {color:#2288CC;} .chat code, .chat .spoiler:hover code, .chat .spoiler:active code, .chat .spoiler-shown code {border:1px solid #C0C0C0;background:#EEEEEE;color:black;padding:0 2px;} .chat .spoiler code {border:1px solid #CCCCCC;background:#CCCCCC;color:#CCCCCC;} .battle-log .rated {padding:3px 4px;} .battle-log .rated strong {color:white;background:#89A;padding:1px 4px;border-radius:4px;} .spacer {margin-top:0.5em;} .message-announce {background:#6688AA;color:white;padding:1px 4px 2px;} .message-announce a, .broadcast-green a, .broadcast-blue a, .broadcast-red a {color:#DDEEFF;} .broadcast-green {background-color:#559955;color:white;padding:2px 4px;} .broadcast-blue {background-color:#6688AA;color:white;padding:2px 4px;} .infobox {border:1px solid #6688AA;padding:2px 4px;} .infobox-limited {max-height:200px;overflow:auto;overflow-x:hidden;} .broadcast-red {background-color:#AA5544;color:white;padding:2px 4px;} .message-learn-canlearn {font-weight:bold;color:#228822;text-decoration:underline;} .message-learn-cannotlearn {font-weight:bold;color:#CC2222;text-decoration:underline;} .message-effect-weak {font-weight:bold;color:#CC2222;} .message-effect-resist {font-weight:bold;color:#6688AA;} .message-effect-immune {font-weight:bold;color:#666666;} .message-learn-list {margin-top:0;margin-bottom:0;} .message-throttle-notice, .message-error {color:#992222;} .message-overflow, .chat small.message-overflow {font-size:0pt;} .message-overflow::before {font-size:9pt;content:'...';} .subtle {color:#3A4A66;}
</style>
<div class="wrapper replay-wrapper" style="max-width:1180px;margin:0 auto">
<input type="hidden" name="replayid" value="ru-489709750" />
<div class="battle"></div><div class="battle-log"></div><div class="replay-controls"></div><div class="replay-controls-2"></div>
<h1 style="font-weight:normal;text-align:center"><strong>RU</strong><br /><a href="http://pokemonshowdown.com/users/feliburn" class="subtle" target="_blank">Feliburn</a> vs. <a href="http://pokemonshowdown.com/users/kushalos" class="subtle" target="_blank">Kushalos</a></h1>
<script type="text/plain" class="battle-log-data">|j|Feliburn
|j|Kushalos
|player|p1|Feliburn|#feliburn
|player|p2|Kushalos|34
|gametype|singles
|gen|6
|tier|RU
|seed|42301,23560,32870,38470
|rule|Sleep Clause Mod: Limit one foe put to sleep
|rule|Species Clause: Limit one of each Pokémon
|rule|OHKO Clause: OHKO moves are banned
|rule|Moody Clause: Moody is banned
|rule|Evasion Moves Clause: Evasion moves are banned
|rule|Endless Battle Clause: Forcing endless battles is banned
|rule|HP Percentage Mod: HP is shown in percentages
|clearpoke
|poke|p1|Escavalier, M|item
|poke|p1|Uxie|item
|poke|p1|Virizion|item
|poke|p1|Lanturn, M|item
|poke|p1|Flygon, M|item
|poke|p1|Emboar, M|item
|poke|p2|Virizion|item
|poke|p2|Houndoom, M|item
|poke|p2|Slowking, M|item
|poke|p2|Audino, M|item
|poke|p2|Steelix, F|item
|poke|p2|Golbat, M|item
|rule|Swagger Clause: Swagger is banned
|rule|Baton Pass Clause: Limit one Baton Passer, can't pass Spe and other stats simultaneously
|teampreview
|c|★Feliburn|hf
|j|atomicllamas ☾
|c|★Kushalos|u2
|j|hairy toenail
|j|lighthouses
|j|hogg
|c|&atomicllamas ☾|nice bat
|j|TTFTW
|choice|team 5, team 2, team 3, team 4, team 1, team 6|team 6, team 2, team 3, team 4, team 5, team 1
|
|start
|switch|p1a: Flygon|Flygon, M|302\/302
|switch|p2a: Golbat|Golbat, M|353\/353
|turn|1
|c| TTFTW|FELIIII
|l|lighthouses
|j|lighthouses
|j|DrReuniclus3⚾
|choice|move uturn|move toxic
|
|move|p1a: Flygon|U-turn|p2a: Golbat
|-resisted|p2a: Golbat
|-damage|p2a: Golbat|338\/353
|choice|switch 4|
|
|switch|p1a: Lanturn|Lanturn, M|417\/417
|move|p2a: Golbat|Toxic|p1a: Lanturn
|-status|p1a: Lanturn|tox
|
|-damage|p1a: Lanturn|391\/417 tox|[from] psn
|turn|2
|j|slurmz
|j|GrilledClawitzer
|j|yogibears
|j|xastify
|c| slurmz|go feliburn
|j|Matame
|c| slurmz|and kushalos
|c| slurmz|u are both cute
|c| slurmz|;w;
|j|ChillShadow
|j|eifo
|c| Matame|;w;
|l|yogibears
|choice|move scald|move bravebird
|
|move|p2a: Golbat|Brave Bird|p1a: Lanturn
|-resisted|p1a: Lanturn
|-damage|p1a: Lanturn|324\/417 tox
|-damage|p2a: Golbat|316\/353|[from] recoil|[of] p1a: Lanturn
|move|p1a: Lanturn|Scald|p2a: Golbat
|-damage|p2a: Golbat|265\/353
|
|-heal|p1a: Lanturn|350\/417 tox|[from] item: Leftovers
|-damage|p1a: Lanturn|298\/417 tox|[from] psn
|turn|3
|c|&atomicllamas ☾|go atomicllamas
|j|EviGaro
|c| slurmz|go atomicllamas
|c| ChillShadow|go atomicllamas
|c|★Feliburn|why can't I ignore llamas..
|c|&atomicllamas ☾|cause I'm too powerful
|j|Chakra
|c| hairy toenail|go peli
|c| hairy toenail|feli*
|c| lighthouses|go feli
|c| lighthouses|yay communism
|choice|move healbell|move roost
|
|move|p2a: Golbat|Roost|p2a: Golbat
|-heal|p2a: Golbat|353\/353
|move|p1a: Lanturn|Heal Bell|p1a: Lanturn
|-activate|p1a: Lanturn|move: Heal Bell
|-curestatus|p1a: Lanturn|tox|[msg]
|
|-heal|p1a: Lanturn|324\/417|[from] item: Leftovers
|turn|4
|choice|move voltswitch|move toxic
|
|move|p2a: Golbat|Toxic|p1a: Lanturn
|-status|p1a: Lanturn|tox
|move|p1a: Lanturn|Volt Switch|p2a: Golbat
|-supereffective|p2a: Golbat
|-damage|p2a: Golbat|269\/353
|choice|switch 5|
|
|switch|p1a: Escavalier|Escavalier, M|303\/303
|
|turn|5
|choice|move knockoff|switch 5
|
|switch|p2a: Steelix|Steelix, F|354\/354
|move|p1a: Escavalier|Knock Off|p2a: Steelix
|-crit|p2a: Steelix
|-damage|p2a: Steelix|200\/354
|-enditem|p2a: Steelix|Leftovers|[from] move: Knock Off|[of] p1a: Escavalier
|
|turn|6
|c| xastify|why does golbat 6-0
|c|&atomicllamas ☾|golbat best bat
|choice|switch 4|move stealthrock
|
|switch|p1a: Flygon|Flygon, M|302\/302
|move|p2a: Steelix|Stealth Rock|p1a: Flygon
|-sidestart|p1: Feliburn|move: Stealth Rock
|
|turn|7
|j|obii ☁
|choice|move earthquake|switch 3
|
|switch|p2a: Slowking|Slowking, M|393\/393
|move|p1a: Flygon|Earthquake|p2a: Slowking
|-damage|p2a: Slowking|269\/393
|
|turn|8
|j|laxus
|j|trash
|c| ChillShadow|why does slowking 6-0 too
|c| trash|felibum ;w;
|j|geotal ★
|choice|move uturn|move scald
|
|move|p1a: Flygon|U-turn|p2a: Slowking
|-supereffective|p2a: Slowking
|-crit|p2a: Slowking
|-damage|p2a: Slowking|111\/393
|c|★Kushalos|can you stop
|c|★Kushalos|with the crits
|c| slurmz|nvr
|c| lighthouses|yea stop controlling the rng goodness
|j|yogibears
|c|&atomicllamas ☾|feliburn more like felicrit
|l|geotal ★
|l|Chakra
|l|DrReuniclus3⚾
|c|&atomicllamas ☾|Kushalos more like timerloss
|choice|switch 4|
|
|switch|p1a: Escavalier|Escavalier, M|303\/303
|-damage|p1a: Escavalier|266\/303|[from] Stealth Rock
|move|p2a: Slowking|Scald|p1a: Escavalier
|-damage|p1a: Escavalier|176\/303
|
|turn|9
|c| slurmz|haha owned
|c| slurmz|kevin is so funny
|j|Ryoma Nagare
|c|&atomicllamas ☾|:)
|j|DrReuniclus3⚾
|l|yogibears
|c| Ryoma Nagare|slurmz more like halfbreed
|j|yogibears
|choice|move knockoff|move scald
|
|move|p1a: Escavalier|Knock Off|p2a: Slowking
|-supereffective|p2a: Slowking
|-enditem|p2a: Slowking|Colbur Berry|[eat]
|-enditem|p2a: Slowking|Colbur Berry|[weaken]
|-damage|p2a: Slowking|0 fnt
|faint|p2a: Slowking
|
|c| lighthouses|slurmz more like slumrz
|c| Ryoma Nagare|no he's still
|c| yogibears|rekt
|c| Ryoma Nagare|a haflbreed...
|c| lighthouses|i would rather be a half breed
|l|yogibears
|c| lighthouses|than have 100% of my blood
|c| lighthouses|from your country.....
|choice||switch 6
|
|switch|p2a: Virizion|Virizion|323\/323
|turn|10
|c| Ryoma Nagare|hey at least we don't have tranny beaches
|c| Ryoma Nagare|huh
|c| lighthouses|jk i dont actually know where u guys are from
|choice|switch 2|move swordsdance
|
|switch|p1a: Uxie|Uxie|354\/354
|-damage|p1a: Uxie|310\/354|[from] Stealth Rock
|move|p2a: Virizion|Swords Dance|p2a: Virizion
|-boost|p2a: Virizion|atk|2
|
|-heal|p1a: Uxie|332\/354|[from] item: Leftovers
|turn|11
|c| slurmz|oml....
|c| slurmz|why is everyone being so savage
|c| slurmz|today
|c| Ryoma Nagare|and our food is actually good
|c| eifo|the voices are showing their true colors tonight and it ain't pretty
|c| slurmz|yeah peruvian food is
|c| slurmz|great
|c| Ryoma Nagare|Imean I never hide my colors, eifo
|c| lighthouses|huh
|l|laxus
|c| lighthouses|brazil has great food.
|choice|move uturn|move leafblade
|
|move|p2a: Virizion|Leaf Blade|p1a: Uxie
|-crit|p1a: Uxie
|-damage|p1a: Uxie|85\/354
|move|p1a: Uxie|U-turn|p2a: Virizion
|-damage|p2a: Virizion|271\/323
|j|yogibears
|choice|switch 6|
|
|switch|p1a: Emboar|Emboar, M|361\/361
|-damage|p1a: Emboar|316\/361|[from] Stealth Rock
|
|turn|12
|c| Ryoma Nagare|dude every dessert has like
|c| eifo|this is true
|c| lighthouses|can you stop
|c| lighthouses|with the crits
|c| Ryoma Nagare|condensed milk
|c| EviGaro|Why is Ryoma so mean
|c| slurmz|but not a good government!!!
|c| Ryoma Nagare|shut up
|c| Ryoma Nagare|EviGaro because I'm latino
|c| slurmz|or a good economy!!
|c| slurmz|br sucks
|c| lighthouses|everyone is mean
|c| lighthouses|on the internet
|c| slurmz|- its own people
|j|SolidSweeps
|c| lighthouses|because everyone is, by nature
|c| lighthouses|mean
|c| lighthouses|but they cant do that in real life
|c| lighthouses|due to the threat
|choice|move flareblitz|switch 2
|
|switch|p2a: Houndoom|Houndoom, M|291\/291
|move|p1a: Emboar|Flare Blitz|p2a: Houndoom
|-start|p2a: Houndoom|ability: Flash Fire
|
|turn|13
|c| EviGaro|Stop it Hobbes.
|c| lighthouses|of being beaten up
|c| lighthouses|heavily
|c| slurmz|kushalos more like kushaHEAT
|c| Ryoma Nagare|kushalos is my favorite ru player
|choice|switch 5|move fireblast
|
|switch|p1a: Lanturn|Lanturn, M|324\/417 tox
|-damage|p1a: Lanturn|272\/417 tox|[from] Stealth Rock
|move|p2a: Houndoom|Fire Blast|p1a: Lanturn
|-resisted|p1a: Lanturn
|-damage|p1a: Lanturn|129\/417 tox
|
|-heal|p1a: Lanturn|155\/417 tox|[from] item: Leftovers
|-damage|p1a: Lanturn|129\/417 tox|[from] psn
|turn|14
|c| Ryoma Nagare|switch-in?
|c| slurmz|remember when
|c| slurmz|flygon was at full
|c| slurmz|and was a free switch in
|c| slurmz|me too.
|c| ChillShadow|lanturn is useless anyway
|c| Ryoma Nagare|dw he can still dodge
|c| ChillShadow|it's literally just there for magnetons
|c| Ryoma Nagare|Felicrit could have just gone
|c| ChillShadow|and explouds if you run the good set
|c| Ryoma Nagare|for an alomomola
|c| SolidSweeps|ion deluge
|choice|move scald|move fireblast
|
|move|p2a: Houndoom|Fire Blast|p1a: Lanturn
|-resisted|p1a: Lanturn
|-crit|p1a: Lanturn
|-damage|p1a: Lanturn|0 fnt
|faint|p1a: Lanturn
|
|c| SolidSweeps|the real set
|choice|switch 4|
|
|switch|p1a: Flygon|Flygon, M|302\/302
|-damage|p1a: Flygon|284\/302|[from] Stealth Rock
|turn|15
|c| slurmz|tect obviously
|c| slurmz|laurens.
|c| Ryoma Nagare|haha good one SolidSweeps fren
|c| yogibears|hate sweeps
|c| lighthouses|Feliburn more like Famliburn
|choice|move earthquake|switch 5
|
|-end|p2a: Houndoom|ability: Flash Fire|[silent]
|switch|p2a: Golbat|Golbat, M|269\/353
|move|p1a: Flygon|Earthquake|p2a: Golbat
|-immune|p2a: Golbat|[msg]
|
|-heal|p1a: Flygon|302\/302|[from] item: Leftovers
|turn|16
|j|Tony
|l|yogibears
|choice|move defog|move bravebird
|
|move|p1a: Flygon|Defog|p2a: Golbat
|-unboost|p2a: Golbat|evasion|1
|-sideend|p1: Feliburn|Stealth Rock|[from] move: Defog|[of] p1a: Flygon
|move|p2a: Golbat|Brave Bird|p1a: Flygon
|-damage|p1a: Flygon|158\/302
|-damage|p2a: Golbat|221\/353|[from] recoil|[of] p1a: Flygon
|
|-heal|p1a: Flygon|176\/302|[from] item: Leftovers
|turn|17
|c| lighthouses|bat suxx
|c| SolidSweeps|when golbat beats the whole team
|c| ChillShadow|bat is gonna win though
|j|yogibears
|choice|move roost|move roost
|
|move|p1a: Flygon|Roost|p1a: Flygon
|-heal|p1a: Flygon|302\/302
|move|p2a: Golbat|Roost|p2a: Golbat
|-heal|p2a: Golbat|353\/353
|
|turn|18
|c| lighthouses|it doesnt win
|c| lighthouses|it just doesnt
|c| lighthouses|lose either.
|c| SolidSweeps|it beats uxie
|c|★Kushalos|lighthouses you use LO rotom so sshh
|c| lighthouses|D:
|c| lighthouses|lo rotom is goat
|c| SolidSweeps|it was probarly rotom-fan
|c| lighthouses|when it
|c| ChillShadow|rotom is dix
|c| lighthouses|HITS
|c| SolidSweeps|knowing lighthouses
|choice|move uturn|move bravebird
|
|move|p1a: Flygon|U-turn|p2a: Golbat
|-resisted|p2a: Golbat
|-damage|p2a: Golbat|338\/353
|choice|switch 6|
|
|switch|p1a: Uxie|Uxie|85\/354
|move|p2a: Golbat|Brave Bird|p1a: Uxie
|-damage|p1a: Uxie|0 fnt
|-damage|p2a: Golbat|310\/353|[from] recoil|[of] p1a: Uxie
|faint|p1a: Uxie
|
|c|★Kushalos|whats dyin
|c| lighthouses|it was mowtom
|choice|switch 2|
|
|switch|p1a: Escavalier|Escavalier, M|176\/303
|turn|19
|c| ChillShadow|oh i thought regular
|c| ChillShadow|phew.
|c| SolidSweeps|me too
|c| lighthouses|life orb rotom is a beast.
|c| SolidSweeps|yea its cool
|c| SolidSweeps|it never gets any use though
|l|xastify
|c| lighthouses|yea idk why
|c| slurmz|bc u are diogo
|c| slurmz|and u suck
|c| lighthouses|i think either magnet or life orb are better than
|c| lighthouses|choiced items
|c| slurmz|- spirit
|choice|move megahorn|switch 3
|
|switch|p2a: Steelix|Steelix, F|200\/354
|move|p1a: Escavalier|Megahorn|p2a: Steelix
|-resisted|p2a: Steelix
|-damage|p2a: Steelix|98\/354
|
|turn|20
|j|Bouff
|l|yogibears
|c| SolidSweeps|with magnet you can bluff scarf
|choice|switch 6|move stealthrock
|
|switch|p1a: Flygon|Flygon, M|302\/302
|move|p2a: Steelix|Stealth Rock|p1a: Flygon
|-sidestart|p1: Feliburn|move: Stealth Rock
|
|turn|21
|c| lighthouses|yea or specs
|choice|move defog|switch 3
|
|switch|p2a: Golbat|Golbat, M|310\/353
|move|p1a: Flygon|Defog|p2a: Golbat
|-unboost|p2a: Golbat|evasion|1
|-sideend|p1: Feliburn|Stealth Rock|[from] move: Defog|[of] p1a: Flygon
|
|turn|22
|j|Low Ladder Heroes
|c| lighthouses|but life orb just breaks everything w\/o the need of bluffing :p
|choice|move defog|move bravebird
|
|move|p1a: Flygon|Defog|p2a: Golbat
|-unboost|p2a: Golbat|evasion|1
|move|p2a: Golbat|Brave Bird|p1a: Flygon
|-damage|p1a: Flygon|157\/302
|-damage|p2a: Golbat|262\/353|[from] recoil|[of] p1a: Flygon
|
|-heal|p1a: Flygon|175\/302|[from] item: Leftovers
|turn|23
|j|yogibears
|c| SolidSweeps|bluffing is fun though
|choice|move uturn|move roost
|
|move|p1a: Flygon|U-turn|p2a: Golbat
|-resisted|p2a: Golbat
|-damage|p2a: Golbat|247\/353
|choice|switch 6|
|
|switch|p1a: Escavalier|Escavalier, M|176\/303
|move|p2a: Golbat|Roost|p2a: Golbat
|-heal|p2a: Golbat|353\/353
|
|turn|24
|c| SolidSweeps|this game is called pokermon after all
|c| lighthouses|lmao
|c| lighthouses|true
|l|Low Ladder Heroes
|choice|move ironhead|switch 3
|
|switch|p2a: Steelix|Steelix, F|98\/354
|move|p1a: Escavalier|Iron Head|p2a: Steelix
|-resisted|p2a: Steelix
|-damage|p2a: Steelix|37\/354
|
|turn|25
|choice|move ironhead|move stealthrock
|
|move|p1a: Escavalier|Iron Head|p2a: Steelix
|-resisted|p2a: Steelix
|-damage|p2a: Steelix|0 fnt
|faint|p2a: Steelix
|
|choice||switch 5
|
|switch|p2a: Houndoom|Houndoom, M|291\/291
|turn|26
|c| slurmz|feliburn = the best?
|c| lighthouses|did he just click his stab move
|c| lighthouses|omg.....
|c| ChillShadow|omg.....
|c| hairy toenail|how
|c| lighthouses|i bet kushs gonna fire blast too
|c|★Kushalos|time to trigger omfuga
|choice|switch 5|move pursuit
|
|-activate|p1a: Escavalier|move: Pursuit
|move|p2a: Houndoom|Pursuit|p1a: Escavalier|[from]Pursuit
|-damage|p1a: Escavalier|97\/303
|switch|p1a: Emboar|Emboar, M|316\/361
|
|turn|27
|c|&atomicllamas ☾|lol
|c| Ryoma Nagare|....
|c| slurmz|LOL the scarf doom
|c| slurmz|dmg
|c| Ryoma Nagare|jesus
|c| slurmz|man scarf doom is
|c| slurmz|asscheeks
|c| ChillShadow|kush
|l|trash
|c| lighthouses|whats wrong with
|c| lighthouses|asscheeks....
|c| ChillShadow|is the 4th move
|c| Ryoma Nagare|if they're
|c| ChillShadow|what i think it is
|c| Ryoma Nagare|a man's
|c| Ryoma Nagare|that's wrong
|c| slurmz|it is cs
|c| lighthouses|huh
|c| Ryoma Nagare|well for some people....
|j|Bughouse
|c| lighthouses|im very much fond of my own
|c| lighthouses|asscheeks
|c| Ryoma Nagare|*cough*
|c|+Bouff|yall ever shave ur asscheeks
|c| lighthouses|nah.
|c| slurmz|LOL
|c| Ryoma Nagare|isn't the hair in the crack
|c| slurmz|when did bouff get here.
|choice|move flareblitz|switch 4
|
|switch|p2a: Audino|Audino, M|410\/410
|move|p1a: Emboar|Flare Blitz|p2a: Audino
|-damage|p2a: Audino|217\/410
|-damage|p1a: Emboar|252\/361|[from] recoil|[of] p2a: Audino
|
|turn|28
|c| ChillShadow|like 2 mins ago
|j|Magatsu Izanagi
|c| Ryoma Nagare|I've never checked if the cheeks have hair tbh
|c| SolidSweeps|lighthouses ass cheeks are your country's specialty right
|c| lighthouses|i am too fearful
|c| hairy toenail|its a jungle down there tho
|c| Ryoma Nagare|also isn't it unhealthing anyway
|c| lighthouses|what if u have to like
|c| lighthouses|turn it
|c| lighthouses|into a habit
|c| lighthouses|like
|c| lighthouses|your ass starts growing
|c| lighthouses|a beard
|c|+Bughouse|you know what this game could use moerof?
|c| slurmz|LOL
|c| lighthouses|and u gotta shave every week
|c|+Bughouse|alomomola
|c| Ryoma Nagare|nah that's imposible
|c| Ryoma Nagare|Bughouse cancer
|l|yogibears
|j|galbia
|choice|switch 5|switch 4
|
|switch|p1a: Escavalier|Escavalier, M|97\/303
|switch|p2a: Houndoom|Houndoom, M|291\/291
|
|turn|29
|c| Ryoma Nagare|lighthouses it's like
|c| lighthouses|yes SolidSweeps
|c| lighthouses|they are.
|c| SolidSweeps|bughouse both teams have virizion
|c| Ryoma Nagare|do you ever shace
|c| slurmz|legit 0 way u need to shave
|c| slurmz|every week
|c| slurmz|OML kushaHEAT
|j|yogibears
|c| Ryoma Nagare|that sounds
|c| Ryoma Nagare|so unpleasing to say slurmz
|c| SolidSweeps|he is going for it again
|choice|switch 6|move overheat
|
|switch|p1a: Flygon|Flygon, M|175\/302
|move|p2a: Houndoom|Overheat|p1a: Flygon
|-resisted|p1a: Flygon
|-damage|p1a: Flygon|31\/302
|-unboost|p2a: Houndoom|spa|2
|
|-heal|p1a: Flygon|49\/302|[from] item: Leftovers
|turn|30
|choice|move roost|switch 3
|
|switch|p2a: Golbat|Golbat, M|353\/353
|move|p1a: Flygon|Roost|p1a: Flygon
|-heal|p1a: Flygon|200\/302
|
|-heal|p1a: Flygon|218\/302|[from] item: Leftovers
|turn|31
|c| Ryoma Nagare|why does
|j|Meloriver ヽ
|c| Ryoma Nagare|golbat wall half that team
|c| SolidSweeps|its a good mon
|c| SolidSweeps|thats why
|c| Ryoma Nagare|ik
|choice|move uturn|move toxic
|
|move|p1a: Flygon|U-turn|p2a: Golbat
|-resisted|p2a: Golbat
|-crit|p2a: Golbat
|-damage|p2a: Golbat|330\/353
|c| lighthouses|no...
|c| lighthouses|its bad.....
|c| SolidSweeps|the moment lanturn died
|choice|switch 6|
|
|switch|p1a: Escavalier|Escavalier, M|97\/303
|move|p2a: Golbat|Toxic|p1a: Escavalier
|-immune|p1a: Escavalier|[msg]
|
|turn|32
|c| SolidSweeps|golbat just won
|c|&atomicllamas ☾|(bat)
|c|+Bouff|just won is a social construct
|c| SolidSweeps|brave bird kills from here
|c| Ryoma Nagare|:ghost:
|choice|move knockoff|move bravebird
|
|move|p2a: Golbat|Brave Bird|p1a: Escavalier
|-damage|p1a: Escavalier|0 fnt
|-damage|p2a: Golbat|298\/353|[from] recoil|[of] p1a: Escavalier
|faint|p1a: Escavalier
|
|c|+Bouff|max defenses
|j|kasdbfkas
|choice|switch 5|
|
|switch|p1a: Emboar|Emboar, M|252\/361
|turn|33
|c| Ryoma Nagare|virizion if real
|c|&atomicllamas ☾|I feel like mega audino
|c| yogibears|solidsweeps can you stop ghosting ty
|c| SolidSweeps|wild charge does like 40%?
|c| SolidSweeps|idk
|c|&atomicllamas ☾|is the thng that actually wins
|c|★Kushalos|nah
|c|★Kushalos|im saccing that
|j|Real FV13 -✖-
|choice|move flareblitz|switch 4
|
|switch|p2a: Audino|Audino, M|353\/410
|move|p1a: Emboar|Flare Blitz|p2a: Audino
|-damage|p2a: Audino|140\/410
|-damage|p1a: Emboar|182\/361|[from] recoil|[of] p2a: Audino
|
|turn|34
|c| lighthouses|is it
|c| lighthouses|lit audino
|l|Real FV13 -✖-
|c| lighthouses|w healing wish
|c| Ryoma Nagare|jesus yamato...
|c|★Kushalos|im not
|l|yogibears
|c|★Kushalos|a very lit person
|c| lighthouses|dang
|c| Tony|kushalit :X
|j|TSR
|c| slurmz|youknow whats lit af
|c| slurmz|my clit
|c| lighthouses|lit audino would have
|c| lighthouses|6-0ed too
|c| lighthouses|fire blast escav surf emboar
|j|yogibears
|c| SolidSweeps|slurmz :\/
|c| lighthouses|5hko uxie
|choice|move flareblitz|switch 3
|
|switch|p2a: Houndoom|Houndoom, M|291\/291
|move|p1a: Emboar|Flare Blitz|p2a: Houndoom
|-start|p2a: Houndoom|ability: Flash Fire
|
|turn|35
|c| lighthouses|done game over
|c| Ryoma Nagare|slurmz asscracks aren't clits
|c|+Bouff|boar gets scald
|j|tapu mongo
|choice|switch 6|move overheat
|
|switch|p1a: Flygon|Flygon, M|218\/302
|move|p2a: Houndoom|Overheat|p1a: Flygon
|-resisted|p1a: Flygon
|-damage|p1a: Flygon|27\/302
|-unboost|p2a: Houndoom|spa|2
|
|-heal|p1a: Flygon|45\/302|[from] item: Leftovers
|turn|36
|c|&atomicllamas ☾|heat
|choice|move roost|switch 4
|
|-end|p2a: Houndoom|ability: Flash Fire|[silent]
|switch|p2a: Golbat|Golbat, M|298\/353
|move|p1a: Flygon|Roost|p1a: Flygon
|-heal|p1a: Flygon|196\/302
|
|-heal|p1a: Flygon|214\/302|[from] item: Leftovers
|turn|37
|c|&atomicllamas ☾|overheat
|c| SolidSweeps|neat
|c| SolidSweeps|again he spared him
|c| TTFTW|overneat
|l|yogibears
|choice|move roost|move bravebird
|
|move|p1a: Flygon|Roost|p1a: Flygon
|-heal|p1a: Flygon|302\/302
|move|p2a: Golbat|Brave Bird|p1a: Flygon
|-damage|p1a: Flygon|157\/302
|-damage|p2a: Golbat|250\/353|[from] recoil|[of] p1a: Flygon
|
|-heal|p1a: Flygon|175\/302|[from] item: Leftovers
|turn|38
|c| Tony|hue
|c|★Kushalos|no need
|c|★Kushalos|to risk
|choice|move roost|move roost
|
|move|p1a: Flygon|Roost|p1a: Flygon
|-heal|p1a: Flygon|302\/302
|move|p2a: Golbat|Roost|p2a: Golbat
|-heal|p2a: Golbat|353\/353
|
|turn|39
|c| TTFTW|hm
|c| TTFTW|why did that do 48
|c|★Kushalos|golbat
|c|★Kushalos|is kinda strong
|choice|move defog|move toxic
|
|move|p1a: Flygon|Defog|p2a: Golbat
|-unboost|p2a: Golbat|evasion|1
|move|p2a: Golbat|Toxic|p1a: Flygon
|-status|p1a: Flygon|tox
|
|-damage|p1a: Flygon|284\/302 tox|[from] psn
|turn|40
|c|&atomicllamas ☾|kush are you band bat
|c|&atomicllamas ☾|;)
|c| SolidSweeps|its nasty plot
|j|mylo xyloto
|choice|move defog|move bravebird
|
|move|p1a: Flygon|Defog|p2a: Golbat
|-unboost|p2a: Golbat|evasion|1
|move|p2a: Golbat|Brave Bird|p1a: Flygon
|-damage|p1a: Flygon|140\/302 tox
|-damage|p2a: Golbat|305\/353|[from] recoil|[of] p1a: Flygon
|
|-heal|p1a: Flygon|158\/302 tox|[from] item: Leftovers
|-damage|p1a: Flygon|122\/302 tox|[from] psn
|turn|41
|c| Ryoma Nagare|flygon isn't
|j|Ping_Pong_Along
|c| Ryoma Nagare|really bulky
|c| Ryoma Nagare|imo
|c|&atomicllamas ☾|well
|c| eifo|at leats not w\/o invests
|c| Ryoma Nagare|it's more
|c| lighthouses|thats not an opinion
|c|&atomicllamas ☾|good flygon aren't v bulky
|c| Ryoma Nagare|of the typing
|c| lighthouses|it just
|j|yogibears
|c| lighthouses|isnt
|c| lighthouses|sadly
|choice|move uturn|move roost
|
|move|p1a: Flygon|U-turn|p2a: Golbat
|-resisted|p2a: Golbat
|-damage|p2a: Golbat|291\/353
|l|yogibears
|l|galbia
|c| lighthouses|hey spdef gon is
|c| lighthouses|decent
|c| SolidSweeps|flygon can do whatever
|choice|switch 6|
|
|switch|p1a: Emboar|Emboar, M|182\/361
|move|p2a: Golbat|Roost|p2a: Golbat
|-heal|p2a: Golbat|353\/353
|
|turn|42
|c| SolidSweeps|just build the team around it
|c| slurmz|kevin 252 hp 24 def 168+ spd 108 spe
|c| SolidSweeps|or the other way around
|j|yogibears
|c| Ryoma Nagare|slurmz does that
|c| slurmz|252 20 def 20 spd 216+ spe
|c| Ryoma Nagare|outspeed venu
|c| slurmz|are the best spreads
|c| Ryoma Nagare|because if not
|c| lighthouses|no
|c| Ryoma Nagare|yeah it's bad
|c|&atomicllamas ☾|giving up its good speed tier is sad
|c| TTFTW|slurmz
|c| lighthouses|that second spread
|c| lighthouses|is mega
|c| TTFTW|use 252 252
|c| lighthouses|pointless
|c| TTFTW|pretentious scrub
|c| slurmz|no it isnt
|c| slurmz|outspeeding
|c| slurmz|doom and
|c| slurmz|drapion
|c| Ryoma Nagare|it's as useful
|c| Ryoma Nagare|as slurmz
|c| slurmz|is nice af.
|choice|move flareblitz|move roost
|
|move|p1a: Emboar|Flare Blitz|p2a: Golbat
|-damage|p2a: Golbat|145\/353
|-damage|p1a: Emboar|113\/361|[from] recoil|[of] p2a: Golbat
|move|p2a: Golbat|Roost|p2a: Golbat
|-heal|p2a: Golbat|322\/353
|
|turn|43
|c|★Kushalos|now he spowers
|c| Ryoma Nagare|so it isn't
|c|&atomicllamas ☾|I use 85 in each stat
|c|&atomicllamas ☾|:)
|choice|switch 6|switch 4
|
|switch|p1a: Flygon|Flygon, M|122\/302 tox
|switch|p2a: Houndoom|Houndoom, M|291\/291
|
|-heal|p1a: Flygon|140\/302 tox|[from] item: Leftovers
|-damage|p1a: Flygon|122\/302 tox|[from] psn
|turn|44
|c| Ryoma Nagare|you just hack
|c| Ryoma Nagare|and put 252 everything
|c| lighthouses|Ryoma Nagare can u stop hating
|choice|move uturn|switch 4
|
|switch|p2a: Golbat|Golbat, M|322\/353
|move|p1a: Flygon|U-turn|p2a: Golbat
|-resisted|p2a: Golbat
|-damage|p2a: Golbat|307\/353
|l|yogibears
|c| lighthouses|on my good friend
|c| lighthouses|slurmz....
|l|Meloriver ヽ
|c| slurmz|:D
|choice|switch 6|
|
|switch|p1a: Emboar|Emboar, M|113\/361
|
|turn|45
|c| slurmz|diogo <3
|c| lighthouses|who steals ppls teams posts them on forums
|choice|move flareblitz|switch 3
|
|switch|p2a: Audino|Audino, M|276\/410
|move|p1a: Emboar|Flare Blitz|p2a: Audino
|-damage|p2a: Audino|54\/410
|-damage|p1a: Emboar|40\/361|[from] recoil|[of] p2a: Audino
|
|turn|46
|c| lighthouses|and doesnt even bother w changing nicknames
|l|kasdbfkas
|choice|move flareblitz|switch 4
|
|switch|p2a: Houndoom|Houndoom, M|291\/291
|move|p1a: Emboar|Flare Blitz|p2a: Houndoom
|-start|p2a: Houndoom|ability: Flash Fire
|
|turn|47
|c| slurmz|i dont steal
|c|★Feliburn|o
|c| slurmz|teams
|l|TTFTW
|c| SolidSweeps|sounds like a slurmzy thing to do
|c|★Feliburn|I tried canceling
|j|InertFury
|choice|move flareblitz|move fireblast
|
|move|p2a: Houndoom|Fire Blast|p1a: Emboar
|-resisted|p1a: Emboar
|-damage|p1a: Emboar|0 fnt
|faint|p1a: Emboar
|
|c| lighthouses|ps didnt want u to cancel
|j|yogibears
|c| SolidSweeps|insane lag today
|c| lighthouses|its a sign
|c| lighthouses|ur gonna dodge
|c|+Bouff|yall niggas tryna miss
|c| SolidSweeps|cancen aint gonna work
|c| SolidSweeps|cancel
|c|+Bouff|im tight
|l|yogibears
|c|+Bouff|yea ps is
|c|+Bouff|really
|c|+Bouff|shit
|choice|switch 3|
|
|switch|p1a: Virizion|Virizion|323\/323
|turn|48
|c|+Bouff|today
|c| SolidSweeps|ikr
|c| slurmz|its scarf
|c| lighthouses|yea main server is
|c| lighthouses|super laggy
|c| slurmz|u idiot
|c|&atomicllamas ☾|I am lagging a lot
|c|★Kushalos|gg
|c| lighthouses|today
|c|★Feliburn|gg
|choice|move closecombat|move fireblast
|
|move|p2a: Houndoom|Fire Blast|p1a: Virizion
|-supereffective|p1a: Virizion
|-damage|p1a: Virizion|0 fnt
|faint|p1a: Virizion
|
|c| SolidSweeps|at first i thought it was just me
|c|★Kushalos|preach the bat
|choice|switch 6|
|
|switch|p1a: Flygon|Flygon, M|122\/302 tox
|turn|49
|c|+Bouff|nooo
|c| lighthouses|who offensive ggs and then hits
|l|EviGaro
|choice|move earthquake|switch 3
|
|-end|p2a: Houndoom|ability: Flash Fire|[silent]
|switch|p2a: Golbat|Golbat, M|307\/353
|move|p1a: Flygon|Earthquake|p2a: Golbat
|-immune|p2a: Golbat|[msg]
|
|-heal|p1a: Flygon|140\/302 tox|[from] item: Leftovers
|-damage|p1a: Flygon|122\/302 tox|[from] psn
|turn|50
|c| SolidSweeps|but everyone is lagging like a motherfucker
|c| lighthouses|and ppl still say god exists
|c| lighthouses|lol.
|-message|Feliburn forfeited.
|
|win|Kushalos
|player|p1
|player|p2
|c|&atomicllamas ☾|agree
|c| lighthouses|why would u switch....
|l|Feliburn
|c| lighthouses|what an asshole
|l|lighthouses
|c|&atomicllamas ☾|agree
|l|ChillShadow
|l|SolidSweeps
|l|mylo xyloto
|l|atomicllamas ☾
|c|+Bouff|sup llamas
|l|Bughouse
|l|eifo
|c|+Bouff|dammmit
|j|mylo xyloto
|l|Bouff
|l|hairy toenail
|l|InertFury
|l|mylo xyloto
|l|hogg
|l|tapu mongo
|l|Im not afk lol
|l|slurmz
|l|GrilledClawitzer
|l|DrReuniclus3⚾
|l|Magatsu Izanagi
|l|Ping_Pong_Along
|j|DrReuniclus3⚾
|j|EviGaro</script>
</div>
<div class="battle-log battle-log-inline"><div class="inner"><div class="battle-options"></div><div class="inner"><div class="chat"><small>Feliburn joined.</small></div><div class="chat"><small>Kushalos joined.</small></div><div class=""><small>Format:</small> <br><strong>RU</strong></div><div class=""><small><em>Sleep Clause Mod:</em> Limit one foe put to sleep</small></div><div class=""><small><em>Species Clause:</em> Limit one of each Pokémon</small></div><div class=""><small><em>OHKO Clause:</em> OHKO moves are banned</small></div><div class=""><small><em>Moody Clause:</em> Moody is banned</small></div><div class=""><small><em>Evasion Moves Clause:</em> Evasion moves are banned</small></div><div class=""><small><em>Endless Battle Clause:</em> Forcing endless battles is banned</small></div><div class=""><small><em>HP Percentage Mod:</em> HP is shown in percentages</small></div><div class=""><small><em>Swagger Clause:</em> Swagger is banned</small></div><div class=""><small><em>Baton Pass Clause:</em> Limit one Baton Passer, can't pass Spe and other stats simultaneously</small></div><div class="chat battle-history"><strong>Feliburn's team:</strong> <em style="color:#445566;display:block;">Escavalier / Uxie / Virizion / Lanturn / Flygon / Emboar</em></div><div class="chat battle-history"><strong>Kushalos's team:</strong> <em style="color:#445566;display:block;">Virizion / Houndoom / Slowking / Audino / Steelix / Golbat</em></div><div class="chat chatmessage-feliburn"><strong style="color:hsl(59,89%,31.085366448508736%)"><small>★</small><span class="username" data-name="Feliburn">Feliburn</span>:</strong> <em>hf</em></div><div class="chat"><small>atomicllamas ☾ joined.</small></div><div class="chat chatmessage-kushalos"><strong style="color:hsl(241,86%,63.275220778172695%)"><small>★</small><span class="username" data-name="Kushalos">Kushalos</span>:</strong> <em>u2</em></div><div class="chat"><small>hairy toenail joined.</small></div><div class="chat"><small>lighthouses joined.</small></div><div class="chat"><small>hogg joined.</small></div><div class="chat chatmessage-atomicllamas"><strong style="color:hsl(84,42%,42%)"><small>&amp;</small><span class="username" data-name="atomicllamas ☾">atomicllamas ☾</span>:</strong> <em>nice bat</em></div><div class="chat"><small>TTFTW joined.</small></div><div class="spacer battle-history"><br></div><div class="battle-history">Battle started between Feliburn and Kushalos!<br></div><div class="spacer battle-history"><br></div><div class="battle-history">Go! <strong>Flygon</strong>!<br></div><div class="spacer battle-history"><br></div><div class="battle-history">Kushalos sent out <strong>Golbat</strong>!<br></div><div class="spacer battle-history"><br></div><h2 class="battle-history">Turn 1</h2><div class="chat chatmessage-ttftw"><strong style="color:hsl(65,65%,35.9100307616%)"><small> </small><span class="username" data-name="TTFTW">TTFTW</span>:</strong> <em>FELIIII</em></div><div class="chat"><small>lighthouses left.</small></div><div class="chat"><small>lighthouses joined.</small></div><div class="chat"><small>DrReuniclus3⚾ joined.</small></div><div class="spacer battle-history"><br></div><div class="battle-history">Flygon used <strong>U-turn</strong>!<br></div><div class="battle-history"><small>It's not very effective...</small><br></div><div class="battle-history"><small>(The opposing Golbat lost <abbr title="−15/353">4.2%</abbr> of its health!)</small><br></div><div class="spacer battle-history"><br></div><div class="battle-history">Flygon went back to Feliburn!<br></div><div class="battle-history">Go! <strong>Lanturn</strong>!<br></div><div class="spacer battle-history"><br></div><div class="battle-history">The opposing Golbat used <strong>Toxic</strong>!<br></div><div class="battle-history"><small>Lanturn was badly poisoned!</small><br></div><div class="spacer battle-history"><br></div><div class="battle-history"><small>Lanturn was hurt by poison!</small><br></div><div class="spacer battle-history"><br></div><h2 class="battle-history">Turn 2</h2><div class="chat"><small>slurmz joined.</small></div><div class="chat"><small>GrilledClawitzer joined.</small></div><div class="chat"><small>yogibears joined.</small></div><div class="chat"><small>xastify joined.</small></div><div class="chat chatmessage-slurmz"><strong style="color:hsl(28,40%,43.095599481124275%)"><small> </small><span class="username" data-name="slurmz">slurmz</span>:</strong> <em>go feliburn</em></div><div class="chat"><small>Matame joined.</small></div><div class="chat chatmessage-slurmz"><strong style="color:hsl(28,40%,43.095599481124275%)"><small> </small><span class="username" data-name="slurmz">slurmz</span>:</strong> <em>and kushalos</em></div><div class="chat chatmessage-slurmz"><strong style="color:hsl(28,40%,43.095599481124275%)"><small> </small><span class="username" data-name="slurmz">slurmz</span>:</strong> <em>u are both cute</em></div><div class="chat chatmessage-slurmz"><strong style="color:hsl(28,40%,43.095599481124275%)"><small> </small><span class="username" data-name="slurmz">slurmz</span>:</strong> <em>;w;</em></div><div class="chat"><small>ChillShadow joined.</small></div><div class="chat"><small>eifo joined.</small></div><div class="chat chatmessage-matame"><strong style="color:hsl(205,86%,38%)"><small> </small><span class="username" data-name="Matame">Matame</span>:</strong> <em>;w;</em></div><div class="chat"><small>yogibears left.</small></div><div class="spacer battle-history"><br></div><div class="battle-history">The opposing Golbat used <strong>Brave Bird</strong>!<br></div><div class="battle-history"><small>It's not very effective...</small><br></div><div class="battle-history"><small>(Lanturn lost <abbr title="−67/417">16.1%</abbr> of its health!)</small><br></div><div class="battle-history"><small>The opposing Golbat is damaged by the recoil!</small><br></div><div class="spacer battle-history"><br></div><div class="battle-history">Lanturn used <strong>Scald</strong>!<br></div><div class="battle-history"><small>(The opposing Golbat lost <abbr title="−51/353">14.4%</abbr> of its health!)</small><br></div><div class="spacer battle-history"><br></div><div class="battle-history"><small>Lanturn restored a little HP using its Leftovers!</small><br></div><div class="battle-history"><small>Lanturn was hurt by poison!</small><br></div><div class="spacer battle-history"><br></div><h2 class="battle-history">Turn 3</h2><div class="chat chatmessage-atomicllamas"><strong style="color:hsl(84,42%,42%)"><small>&amp;</small><span class="username" data-name="atomicllamas ☾">atomicllamas ☾</span>:</strong> <em>go atomicllamas</em></div><div class="chat"><small>EviGaro joined.</small></div><div class="chat chatmessage-slurmz"><strong style="color:hsl(28,40%,43.095599481124275%)"><small> </small><span class="username" data-name="slurmz">slurmz</span>:</strong> <em>go atomicllamas</em></div><div class="chat chatmessage-chillshadow"><strong style="color:hsl(116,47%,43%)"><small> </small><span class="username" data-name="ChillShadow">ChillShadow</span>:</strong> <em>go atomicllamas</em></div><div class="chat chatmessage-feliburn"><strong style="color:hsl(59,89%,31.085366448508736%)"><small>★</small><span class="username" data-name="Feliburn">Feliburn</span>:</strong> <em>why can't I ignore llamas..</em></div><div class="chat chatmessage-atomicllamas"><strong style="color:hsl(84,42%,42%)"><small>&amp;</small><span class="username" data-name="atomicllamas ☾">atomicllamas ☾</span>:</strong> <em>cause I'm too powerful</em></div><div class="chat"><small>Chakra joined.</small></div><div class="chat chatmessage-hairytoenail"><strong style="color:hsl(350,72%,44%)"><small> </small><span class="username" data-name="hairy toenail">hairy toenail</span>:</strong> <em>go peli</em></div><div class="chat chatmessage-hairytoenail"><strong style="color:hsl(350,72%,44%)"><small> </small><span class="username" data-name="hairy toenail">hairy toenail</span>:</strong> <em>feli*</em></div><div class="chat chatmessage-lighthouses"><strong style="color:hsl(320,49%,50.56078876181623%)"><small> </small><span class="username" data-name="lighthouses">lighthouses</span>:</strong> <em>go feli</em></div><div class="chat chatmessage-lighthouses"><strong style="color:hsl(320,49%,50.56078876181623%)"><small> </small><span class="username" data-name="lighthouses">lighthouses</span>:</strong> <em>yay communism</em></div><div class="spacer battle-history"><br></div><div class="battle-history">The opposing Golbat used <strong>Roost</strong>!<br></div><div class="battle-history"><small>The opposing Golbat restored its HP.</small><br></div><div class="spacer battle-history"><br></div><div class="battle-history">Lanturn used <strong>Heal Bell</strong>!<br></div><div class="battle-history"><small>A bell chimed!</small><br></div><div class="battle-history"><small>Lanturn was cured of its poisoning.</small><br></div><div class="spacer battle-history"><br></div><div class="battle-history"><small>Lanturn restored a little HP using its Leftovers!</small><br></div><div class="spacer battle-history"><br></div><h2 class="battle-history">Turn 4</h2><div class="spacer battle-history"><br></div><div class="battle-history">The opposing Golbat used <strong>Toxic</strong>!<br></div><div class="battle-history"><small>Lanturn was badly poisoned!</small><br></div><div class="spacer battle-history"><br></div><div class="battle-history">Lanturn used <strong>Volt Switch</strong>!<br></div><div class="battle-history"><small>It's super effective!</small><br></div><div class="battle-history"><small>(The opposing Golbat lost <abbr title="−84/353">23.8%</abbr> of its health!)</small><br></div><div class="spacer battle-history"><br></div><div class="battle-history">Lanturn went back to Feliburn!<br></div><div class="battle-history">Go! <strong>Escavalier</strong>!<br></div><div class="spacer battle-history"><br></div><h2 class="battle-history">Turn 5</h2><div class="spacer battle-history"><br></div><div class="battle-history">Kushalos withdrew Golbat!<br></div><div class="battle-history">Kushalos sent out <strong>Steelix</strong>!<br></div><div class="spacer battle-history"><br></div><div class="battle-history">Escavalier used <strong>Knock Off</strong>!<br></div><div class="battle-history"><small>A critical hit!</small><br></div><div class="battle-history"><small>(The opposing Steelix lost <abbr title="−154/354">43.5%</abbr> of its health!)</small><br></div><div class="battle-history"><small>Escavalier knocked off the opposing Steelix's Leftovers!</small><br></div><div class="spacer battle-history"><br></div><h2 class="battle-history">Turn 6</h2><div class="chat chatmessage-xastify"><strong style="color:hsl(288,45%,50.98047360294247%)"><small> </small><span class="username" data-name="xastify">xastify</span>:</strong> <em>why does golbat 6-0</em></div><div class="chat chatmessage-atomicllamas"><strong style="color:hsl(84,42%,42%)"><small>&amp;</small><span class="username" data-name="atomicllamas ☾">atomicllamas ☾</span>:</strong> <em>golbat best bat</em></div><div class="spacer battle-history"><br></div><div class="battle-history">Escavalier, come back!<br></div><div class="battle-history">Go! <strong>Flygon</strong>!<br></div><div class="spacer battle-history"><br></div><div class="battle-history">The opposing Steelix used <strong>Stealth Rock</strong>!<br></div><div class="battle-history"><small>Pointed stones float in the air around your team!</small><br></div><div class="spacer battle-history"><br></div><h2 class="battle-history">Turn 7</h2><div class="chat"><small>obii ☁ joined.</small></div><div class="spacer battle-history"><br></div><div class="battle-history">Kushalos withdrew Steelix!<br></div><div class="battle-history">Kushalos sent out <strong>Slowking</strong>!<br></div><div class="spacer battle-history"><br></div><div class="battle-history">Flygon used <strong>Earthquake</strong>!<br></div><div class="battle-history"><small>(The opposing Slowking lost <abbr title="−124/393">31.6%</abbr> of its health!)</small><br></div><div class="spacer battle-history"><br></div><h2 class="battle-history">Turn 8</h2><div class="chat"><small>laxus joined.</small></div><div class="chat"><small>trash joined.</small></div><div class="chat chatmessage-chillshadow"><strong style="color:hsl(116,47%,43%)"><small> </small><span class="username" data-name="ChillShadow">ChillShadow</span>:</strong> <em>why does slowking 6-0 too</em></div><div class="chat chatmessage-trash"><strong style="color:hsl(294,77%,44.746979875617974%)"><small> </small><span class="username" data-name="trash">trash</span>:</strong> <em>felibum ;w;</em></div><div class="chat"><small>geotal ★ joined.</small></div><div class="spacer battle-history"><br></div><div class="battle-history">Flygon used <strong>U-turn</strong>!<br></div><div class="battle-history"><small>It's super effective!</small><br></div><div class="battle-history"><small>A critical hit!</small><br></div><div class="battle-history"><small>(The opposing Slowking lost <abbr title="−158/393">40.2%</abbr> of its health!)</small><br></div><div class="chat chatmessage-kushalos"><strong style="color:hsl(241,86%,63.275220778172695%)"><small>★</small><span class="username" data-name="Kushalos">Kushalos</span>:</strong> <em>can you stop</em></div><div class="chat chatmessage-kushalos"><strong style="color:hsl(241,86%,63.275220778172695%)"><small>★</small><span class="username" data-name="Kushalos">Kushalos</span>:</strong> <em>with the crits</em></div><div class="chat chatmessage-slurmz"><strong style="color:hsl(28,40%,43.095599481124275%)"><small> </small><span class="username" data-name="slurmz">slurmz</span>:</strong> <em>nvr</em></div><div class="chat chatmessage-lighthouses"><strong style="color:hsl(320,49%,50.56078876181623%)"><small> </small><span class="username" data-name="lighthouses">lighthouses</span>:</strong> <em>yea stop controlling the rng goodness</em></div><div class="chat"><small>yogibears joined.</small></div><div class="chat chatmessage-atomicllamas"><strong style="color:hsl(84,42%,42%)"><small>&amp;</small><span class="username" data-name="atomicllamas ☾">atomicllamas ☾</span>:</strong> <em>feliburn more like felicrit</em></div><div class="chat"><small>geotal ★ left.</small></div><div class="chat"><small>Chakra left.</small></div><div class="chat"><small>DrReuniclus3⚾ left.</small></div><div class="chat chatmessage-atomicllamas"><strong style="color:hsl(84,42%,42%)"><small>&amp;</small><span class="username" data-name="atomicllamas ☾">atomicllamas ☾</span>:</strong> <em>Kushalos more like timerloss</em></div><div class="spacer battle-history"><br></div><div class="battle-history">Flygon went back to Feliburn!<br></div><div class="battle-history">Go! <strong>Escavalier</strong>!<br></div><div class="battle-history"><small>Pointed stones dug into Escavalier!</small><br></div><div class="spacer battle-history"><br></div><div class="battle-history">The opposing Slowking used <strong>Scald</strong>!<br></div><div class="battle-history"><small>(Escavalier lost <abbr title="−90/303">29.7%</abbr> of its health!)</small><br></div><div class="spacer battle-history"><br></div><h2 class="battle-history">Turn 9</h2><div class="chat chatmessage-slurmz"><strong style="color:hsl(28,40%,43.095599481124275%)"><small> </small><span class="username" data-name="slurmz">slurmz</span>:</strong> <em>haha owned</em></div><div class="chat chatmessage-slurmz"><strong style="color:hsl(28,40%,43.095599481124275%)"><small> </small><span class="username" data-name="slurmz">slurmz</span>:</strong> <em>kevin is so funny</em></div><div class="chat"><small>Ryoma Nagare joined.</small></div><div class="chat chatmessage-atomicllamas"><strong style="color:hsl(84,42%,42%)"><small>&amp;</small><span class="username" data-name="atomicllamas ☾">atomicllamas ☾</span>:</strong> <em>:)</em></div><div class="chat"><small>DrReuniclus3⚾ joined.</small></div><div class="chat"><small>yogibears left.</small></div><div class="chat chatmessage-ryomanagare"><strong style="color:hsl(26,66%,42.544905552483%)"><small> </small><span class="username" data-name="Ryoma Nagare">Ryoma Nagare</span>:</strong> <em>slurmz more like halfbreed</em></div><div class="chat"><small>yogibears joined.</small></div><div class="spacer battle-history"><br></div><div class="battle-history">Escavalier used <strong>Knock Off</strong>!<br></div><div class="battle-history"><small>It's super effective!</small><br></div><div class="battle-history"><small>The opposing Slowking ate its Colbur Berry!</small><br></div><div class="battle-history"><small>The Colbur Berry weakened the damage to the opposing Slowking!</small><br></div><div class="battle-history"><small>(The opposing Slowking lost <abbr title="−111/393">28.2%</abbr> of its health!)</small><br></div><div class="spacer battle-history"><br></div><div class="battle-history">The opposing Slowking fainted!<br></div><div class="chat chatmessage-lighthouses"><strong style="color:hsl(320,49%,50.56078876181623%)"><small> </small><span class="username" data-name="lighthouses">lighthouses</span>:</strong> <em>slurmz more like slumrz</em></div><div class="chat chatmessage-ryomanagare"><strong style="color:hsl(26,66%,42.544905552483%)"><small> </small><span class="username" data-name="Ryoma Nagare">Ryoma Nagare</span>:</strong> <em>no he's still</em></div><div class="chat chatmessage-yogibears"><strong style="color:hsl(183,63%,44.99448677551407%)"><small> </small><span class="username" data-name="yogibears">yogibears</span>:</strong> <em>rekt</em></div><div class="chat chatmessage-ryomanagare"><strong style="color:hsl(26,66%,42.544905552483%)"><small> </small><span class="username" data-name="Ryoma Nagare">Ryoma Nagare</span>:</strong> <em>a haflbreed...</em></div><div class="chat chatmessage-lighthouses"><strong style="color:hsl(320,49%,50.56078876181623%)"><small> </small><span class="username" data-name="lighthouses">lighthouses</span>:</strong> <em>i would rather be a half breed</em></div><div class="chat"><small>yogibears left.</small></div><div class="chat chatmessage-lighthouses"><strong style="color:hsl(320,49%,50.56078876181623%)"><small> </small><span class="username" data-name="lighthouses">lighthouses</span>:</strong> <em>than have 100% of my blood</em></div><div class="chat chatmessage-lighthouses"><strong style="color:hsl(320,49%,50.56078876181623%)"><small> </small><span class="username" data-name="lighthouses">lighthouses</span>:</strong> <em>from your country.....</em></div><div class="spacer battle-history"><br></div><div class="battle-history">Kushalos sent out <strong>Virizion</strong>!<br></div><div class="spacer battle-history"><br></div><h2 class="battle-history">Turn 10</h2><div class="chat chatmessage-ryomanagare"><strong style="color:hsl(26,66%,42.544905552483%)"><small> </small><span class="username" data-name="Ryoma Nagare">Ryoma Nagare</span>:</strong> <em>hey at least we don't have tranny beaches</em></div><div class="chat chatmessage-ryomanagare"><strong style="color:hsl(26,66%,42.544905552483%)"><small> </small><span class="username" data-name="Ryoma Nagare">Ryoma Nagare</span>:</strong> <em>huh</em></div><div class="chat chatmessage-lighthouses"><strong style="color:hsl(320,49%,50.56078876181623%)"><small> </small><span class="username" data-name="lighthouses">lighthouses</span>:</strong> <em>jk i dont actually know where u guys are from</em></div><div class="spacer battle-history"><br></div><div class="battle-history">Escavalier, come back!<br></div><div class="battle-history">Go! <strong>Uxie</strong>!<br></div><div class="battle-history"><small>Pointed stones dug into Uxie!</small><br></div><div class="spacer battle-history"><br></div><div class="battle-history">The opposing Virizion used <strong>Swords Dance</strong>!<br></div><div class="battle-history"><small>The opposing Virizion's Attack rose sharply!</small><br></div><div class="spacer battle-history"><br></div><div class="battle-history"><small>Uxie restored a little HP using its Leftovers!</small><br></div><div class="spacer battle-history"><br></div><h2 class="battle-history">Turn 11</h2><div class="chat chatmessage-slurmz"><strong style="color:hsl(28,40%,43.095599481124275%)"><small> </small><span class="username" data-name="slurmz">slurmz</span>:</strong> <em>oml....</em></div><div class="chat chatmessage-slurmz"><strong style="color:hsl(28,40%,43.095599481124275%)"><small> </small><span class="username" data-name="slurmz">slurmz</span>:</strong> <em>why is everyone being so savage</em></div><div class="chat chatmessage-slurmz"><strong style="color:hsl(28,40%,43.095599481124275%)"><small> </small><span class="username" data-name="slurmz">slurmz</span>:</strong> <em>today</em></div><div class="chat chatmessage-ryomanagare"><strong style="color:hsl(26,66%,42.544905552483%)"><small> </small><span class="username" data-name="Ryoma Nagare">Ryoma Nagare</span>:</strong> <em>and our food is actually good</em></div><div class="chat chatmessage-eifo"><strong style="color:hsl(309,72%,42%)"><small> </small><span class="username" data-name="eifo">eifo</span>:</strong> <em>the voices are showing their true colors tonight and it ain't pretty</em></div><div class="chat chatmessage-slurmz"><strong style="color:hsl(28,40%,43.095599481124275%)"><small> </small><span class="username" data-name="slurmz">slurmz</span>:</strong> <em>yeah peruvian food is</em></div><div class="chat chatmessage-slurmz"><strong style="color:hsl(28,40%,43.095599481124275%)"><small> </small><span class="username" data-name="slurmz">slurmz</span>:</strong> <em>great</em></div><div class="chat chatmessage-ryomanagare"><strong style="color:hsl(26,66%,42.544905552483%)"><small> </small><span class="username" data-name="Ryoma Nagare">Ryoma Nagare</span>:</strong> <em>Imean I never hide my colors, eifo</em></div><div class="chat chatmessage-lighthouses"><strong style="color:hsl(320,49%,50.56078876181623%)"><small> </small><span class="username" data-name="lighthouses">lighthouses</span>:</strong> <em>huh</em></div><div class="chat"><small>laxus left.</small></div><div class="chat chatmessage-lighthouses"><strong style="color:hsl(320,49%,50.56078876181623%)"><small> </small><span class="username" data-name="lighthouses">lighthouses</span>:</strong> <em>brazil has great food.</em></div><div class="spacer battle-history"><br></div><div class="battle-history">The opposing Virizion used <strong>Leaf Blade</strong>!<br></div><div class="battle-history"><small>A critical hit!</small><br></div><div class="battle-history"><small>(Uxie lost <abbr title="−247/354">69.8%</abbr> of its health!)</small><br></div><div class="spacer battle-history"><br></div><div class="battle-history">Uxie used <strong>U-turn</strong>!<br></div><div class="battle-history"><small>(The opposing Virizion lost <abbr title="−52/323">16.1%</abbr> of its health!)</small><br></div><div class="chat"><small>yogibears joined.</small></div><div class="spacer battle-history"><br></div><div class="battle-history">Uxie went back to Feliburn!<br></div><div class="battle-history">Go! <strong>Emboar</strong>!<br></div><div class="battle-history"><small>Pointed stones dug into Emboar!</small><br></div><div class="spacer battle-history"><br></div><h2 class="battle-history">Turn 12</h2><div class="chat chatmessage-ryomanagare"><strong style="color:hsl(26,66%,42.544905552483%)"><small> </small><span class="username" data-name="Ryoma Nagare">Ryoma Nagare</span>:</strong> <em>dude every dessert has like</em></div><div class="chat chatmessage-eifo"><strong style="color:hsl(309,72%,42%)"><small> </small><span class="username" data-name="eifo">eifo</span>:</strong> <em>this is true</em></div><div class="chat chatmessage-lighthouses"><strong style="color:hsl(320,49%,50.56078876181623%)"><small> </small><span class="username" data-name="lighthouses">lighthouses</span>:</strong> <em>can you stop</em></div><div class="chat chatmessage-lighthouses"><strong style="color:hsl(320,49%,50.56078876181623%)"><small> </small><span class="username" data-name="lighthouses">lighthouses</span>:</strong> <em>with the crits</em></div><div class="chat chatmessage-ryomanagare"><strong style="color:hsl(26,66%,42.544905552483%)"><small> </small><span class="username" data-name="Ryoma Nagare">Ryoma Nagare</span>:</strong> <em>condensed milk</em></div><div class="chat chatmessage-evigaro"><strong style="color:hsl(57,78%,32.99963059042893%)"><small> </small><span class="username" data-name="EviGaro">EviGaro</span>:</strong> <em>Why is Ryoma so mean</em></div><div class="chat chatmessage-slurmz"><strong style="color:hsl(28,40%,43.095599481124275%)"><small> </small><span class="username" data-name="slurmz">slurmz</span>:</strong> <em>but not a good government!!!</em></div><div class="chat chatmessage-ryomanagare"><strong style="color:hsl(26,66%,42.544905552483%)"><small> </small><span class="username" data-name="Ryoma Nagare">Ryoma Nagare</span>:</strong> <em>shut up</em></div><div class="chat chatmessage-ryomanagare"><strong style="color:hsl(26,66%,42.544905552483%)"><small> </small><span class="username" data-name="Ryoma Nagare">Ryoma Nagare</span>:</strong> <em>EviGaro because I'm latino</em></div><div class="chat chatmessage-slurmz"><strong style="color:hsl(28,40%,43.095599481124275%)"><small> </small><span class="username" data-name="slurmz">slurmz</span>:</strong> <em>or a good economy!!</em></div><div class="chat chatmessage-slurmz"><strong style="color:hsl(28,40%,43.095599481124275%)"><small> </small><span class="username" data-name="slurmz">slurmz</span>:</strong> <em>br sucks</em></div><div class="chat chatmessage-lighthouses"><strong style="color:hsl(320,49%,50.56078876181623%)"><small> </small><span class="username" data-name="lighthouses">lighthouses</span>:</strong> <em>everyone is mean</em></div><div class="chat chatmessage-lighthouses"><strong style="color:hsl(320,49%,50.56078876181623%)"><small> </small><span class="username" data-name="lighthouses">lighthouses</span>:</strong> <em>on the internet</em></div><div class="chat chatmessage-slurmz"><strong style="color:hsl(28,40%,43.095599481124275%)"><small> </small><span class="username" data-name="slurmz">slurmz</span>:</strong> <em>- its own people</em></div><div class="chat"><small>SolidSweeps joined.</small></div><div class="chat chatmessage-lighthouses"><strong style="color:hsl(320,49%,50.56078876181623%)"><small> </small><span class="username" data-name="lighthouses">lighthouses</span>:</strong> <em>because everyone is, by nature</em></div><div class="chat chatmessage-lighthouses"><strong style="color:hsl(320,49%,50.56078876181623%)"><small> </small><span class="username" data-name="lighthouses">lighthouses</span>:</strong> <em>mean</em></div><div class="chat chatmessage-lighthouses"><strong style="color:hsl(320,49%,50.56078876181623%)"><small> </small><span class="username" data-name="lighthouses">lighthouses</span>:</strong> <em>but they cant do that in real life</em></div><div class="chat chatmessage-lighthouses"><strong style="color:hsl(320,49%,50.56078876181623%)"><small> </small><span class="username" data-name="lighthouses">lighthouses</span>:</strong> <em>due to the threat</em></div><div class="spacer battle-history"><br></div><div class="battle-history">Kushalos withdrew Virizion!<br></div><div class="battle-history">Kushalos sent out <strong>Houndoom</strong>!<br></div><div class="spacer battle-history"><br></div><div class="battle-history">Emboar used <strong>Flare Blitz</strong>!<br></div><div class="battle-history"><small>[The opposing Houndoom's Flash Fire]</small><br><small>The power of the opposing Houndoom's Fire-type moves rose!</small><br></div><div class="spacer battle-history"><br></div><h2 class="battle-history">Turn 13</h2><div class="chat chatmessage-evigaro"><strong style="color:hsl(57,78%,32.99963059042893%)"><small> </small><span class="username" data-name="EviGaro">EviGaro</span>:</strong> <em>Stop it Hobbes.</em></div><div class="chat chatmessage-lighthouses"><strong style="color:hsl(320,49%,50.56078876181623%)"><small> </small><span class="username" data-name="lighthouses">lighthouses</span>:</strong> <em>of being beaten up</em></div><div class="chat chatmessage-lighthouses"><strong style="color:hsl(320,49%,50.56078876181623%)"><small> </small><span class="username" data-name="lighthouses">lighthouses</span>:</strong> <em>heavily</em></div><div class="chat chatmessage-slurmz"><strong style="color:hsl(28,40%,43.095599481124275%)"><small> </small><span class="username" data-name="slurmz">slurmz</span>:</strong> <em>kushalos more like kushaHEAT</em></div><div class="chat chatmessage-ryomanagare"><strong style="color:hsl(26,66%,42.544905552483%)"><small> </small><span class="username" data-name="Ryoma Nagare">Ryoma Nagare</span>:</strong> <em>kushalos is my favorite ru player</em></div><div class="spacer battle-history"><br></div><div class="battle-history">Emboar, come back!<br></div><div class="battle-history">Go! <strong>Lanturn</strong>!<br></div><div class="battle-history"><small>Pointed stones dug into Lanturn!</small><br></div><div class="spacer battle-history"><br></div><div class="battle-history">The opposing Houndoom used <strong>Fire Blast</strong>!<br></div><div class="battle-history"><small>It's not very effective...</small><br></div><div class="battle-history"><small>(Lanturn lost <abbr title="−143/417">34.3%</abbr> of its health!)</small><br></div><div class="spacer battle-history"><br></div><div class="battle-history"><small>Lanturn restored a little HP using its Leftovers!</small><br></div><div class="battle-history"><small>Lanturn was hurt by poison!</small><br></div><div class="spacer battle-history"><br></div><h2 class="battle-history">Turn 14</h2><div class="chat chatmessage-ryomanagare"><strong style="color:hsl(26,66%,42.544905552483%)"><small> </small><span class="username" data-name="Ryoma Nagare">Ryoma Nagare</span>:</strong> <em>switch-in?</em></div><div class="chat chatmessage-slurmz"><strong style="color:hsl(28,40%,43.095599481124275%)"><small> </small><span class="username" data-name="slurmz">slurmz</span>:</strong> <em>remember when</em></div><div class="chat chatmessage-slurmz"><strong style="color:hsl(28,40%,43.095599481124275%)"><small> </small><span class="username" data-name="slurmz">slurmz</span>:</strong> <em>flygon was at full</em></div><div class="chat chatmessage-slurmz"><strong style="color:hsl(28,40%,43.095599481124275%)"><small> </small><span class="username" data-name="slurmz">slurmz</span>:</strong> <em>and was a free switch in</em></div><div class="chat chatmessage-slurmz"><strong style="color:hsl(28,40%,43.095599481124275%)"><small> </small><span class="username" data-name="slurmz">slurmz</span>:</strong> <em>me too.</em></div><div class="chat chatmessage-chillshadow"><strong style="color:hsl(116,47%,43%)"><small> </small><span class="username" data-name="ChillShadow">ChillShadow</span>:</strong> <em>lanturn is useless anyway</em></div><div class="chat chatmessage-ryomanagare"><strong style="color:hsl(26,66%,42.544905552483%)"><small> </small><span class="username" data-name="Ryoma Nagare">Ryoma Nagare</span>:</strong> <em>dw he can still dodge</em></div><div class="chat chatmessage-chillshadow"><strong style="color:hsl(116,47%,43%)"><small> </small><span class="username" data-name="ChillShadow">ChillShadow</span>:</strong> <em>it's literally just there for magnetons</em></div><div class="chat chatmessage-ryomanagare"><strong style="color:hsl(26,66%,42.544905552483%)"><small> </small><span class="username" data-name="Ryoma Nagare">Ryoma Nagare</span>:</strong> <em>Felicrit could have just gone</em></div><div class="chat chatmessage-chillshadow"><strong style="color:hsl(116,47%,43%)"><small> </small><span class="username" data-name="ChillShadow">ChillShadow</span>:</strong> <em>and explouds if you run the good set</em></div><div class="chat chatmessage-ryomanagare"><strong style="color:hsl(26,66%,42.544905552483%)"><small> </small><span class="username" data-name="Ryoma Nagare">Ryoma Nagare</span>:</strong> <em>for an alomomola</em></div><div class="chat chatmessage-solidsweeps"><strong style="color:hsl(194,61%,43.333333333333336%)"><small> </small><span class="username" data-name="SolidSweeps">SolidSweeps</span>:</strong> <em>ion deluge</em></div><div class="spacer battle-history"><br></div><div class="battle-history">The opposing Houndoom used <strong>Fire Blast</strong>!<br></div><div class="battle-history"><small>It's not very effective...</small><br></div><div class="battle-history"><small>A critical hit!</small><br></div><div class="battle-history"><small>(Lanturn lost <abbr title="−129/417">30.9%</abbr> of its health!)</small><br></div><div class="spacer battle-history"><br></div><div class="battle-history">Lanturn fainted!<br></div><div class="chat chatmessage-solidsweeps"><strong style="color:hsl(194,61%,43.333333333333336%)"><small> </small><span class="username" data-name="SolidSweeps">SolidSweeps</span>:</strong> <em>the real set</em></div><div class="spacer battle-history"><br></div><div class="battle-history">Go! <strong>Flygon</strong>!<br></div><div class="battle-history"><small>Pointed stones dug into Flygon!</small><br></div><div class="spacer battle-history"><br></div><h2 class="battle-history">Turn 15</h2><div class="chat chatmessage-slurmz"><strong style="color:hsl(28,40%,43.095599481124275%)"><small> </small><span class="username" data-name="slurmz">slurmz</span>:</strong> <em>tect obviously</em></div><div class="chat chatmessage-slurmz"><strong style="color:hsl(28,40%,43.095599481124275%)"><small> </small><span class="username" data-name="slurmz">slurmz</span>:</strong> <em>laurens.</em></div><div class="chat chatmessage-ryomanagare"><strong style="color:hsl(26,66%,42.544905552483%)"><small> </small><span class="username" data-name="Ryoma Nagare">Ryoma Nagare</span>:</strong> <em>haha good one SolidSweeps fren</em></div><div class="chat chatmessage-yogibears"><strong style="color:hsl(183,63%,44.99448677551407%)"><small> </small><span class="username" data-name="yogibears">yogibears</span>:</strong> <em>hate sweeps</em></div><div class="chat chatmessage-lighthouses"><strong style="color:hsl(320,49%,50.56078876181623%)"><small> </small><span class="username" data-name="lighthouses">lighthouses</span>:</strong> <em>Feliburn more like Famliburn</em></div><div class="spacer battle-history"><br></div><div class="battle-history">Kushalos withdrew Houndoom!<br></div><div class="battle-history">Kushalos sent out <strong>Golbat</strong>!<br></div><div class="spacer battle-history"><br></div><div class="battle-history">Flygon used <strong>Earthquake</strong>!<br></div><div class="battle-history"><small>It doesn't affect the opposing Golbat...</small><br></div><div class="spacer battle-history"><br></div><div class="battle-history"><small>Flygon restored a little HP using its Leftovers!</small><br></div><div class="spacer battle-history"><br></div><h2 class="battle-history">Turn 16</h2><div class="chat"><small>Tony joined.</small></div><div class="chat"><small>yogibears left.</small></div><div class="spacer battle-history"><br></div><div class="battle-history">Flygon used <strong>Defog</strong>!<br></div><div class="battle-history"><small>The opposing Golbat's evasiveness fell!</small><br></div><div class="battle-history"><small>The pointed stones disappeared from around your team!</small><br></div><div class="spacer battle-history"><br></div><div class="battle-history">The opposing Golbat used <strong>Brave Bird</strong>!<br></div><div class="battle-history"><small>(Flygon lost <abbr title="−144/302">47.7%</abbr> of its health!)</small><br></div><div class="battle-history"><small>The opposing Golbat is damaged by the recoil!</small><br></div><div class="spacer battle-history"><br></div><div class="battle-history"><small>Flygon restored a little HP using its Leftovers!</small><br></div><div class="spacer battle-history"><br></div><h2 class="battle-history">Turn 17</h2><div class="chat chatmessage-lighthouses"><strong style="color:hsl(320,49%,50.56078876181623%)"><small> </small><span class="username" data-name="lighthouses">lighthouses</span>:</strong> <em>bat suxx</em></div><div class="chat chatmessage-solidsweeps"><strong style="color:hsl(194,61%,43.333333333333336%)"><small> </small><span class="username" data-name="SolidSweeps">SolidSweeps</span>:</strong> <em>when golbat beats the whole team</em></div><div class="chat chatmessage-chillshadow"><strong style="color:hsl(116,47%,43%)"><small> </small><span class="username" data-name="ChillShadow">ChillShadow</span>:</strong> <em>bat is gonna win though</em></div><div class="chat"><small>yogibears joined.</small></div><div class="spacer battle-history"><br></div><div class="battle-history">Flygon used <strong>Roost</strong>!<br></div><div class="battle-history"><small>Flygon restored its HP.</small><br></div><div class="spacer battle-history"><br></div><div class="battle-history">The opposing Golbat used <strong>Roost</strong>!<br></div><div class="battle-history"><small>The opposing Golbat restored its HP.</small><br></div><div class="spacer battle-history"><br></div><h2 class="battle-history">Turn 18</h2><div class="chat chatmessage-lighthouses"><strong style="color:hsl(320,49%,50.56078876181623%)"><small> </small><span class="username" data-name="lighthouses">lighthouses</span>:</strong> <em>it doesnt win</em></div><div class="chat chatmessage-lighthouses"><strong style="color:hsl(320,49%,50.56078876181623%)"><small> </small><span class="username" data-name="lighthouses">lighthouses</span>:</strong> <em>it just doesnt</em></div><div class="chat chatmessage-lighthouses"><strong style="color:hsl(320,49%,50.56078876181623%)"><small> </small><span class="username" data-name="lighthouses">lighthouses</span>:</strong> <em>lose either.</em></div><div class="chat chatmessage-solidsweeps"><strong style="color:hsl(194,61%,43.333333333333336%)"><small> </small><span class="username" data-name="SolidSweeps">SolidSweeps</span>:</strong> <em>it beats uxie</em></div><div class="chat chatmessage-kushalos"><strong style="color:hsl(241,86%,63.275220778172695%)"><small>★</small><span class="username" data-name="Kushalos">Kushalos</span>:</strong> <em>lighthouses you use LO rotom so sshh</em></div><div class="chat chatmessage-lighthouses"><strong style="color:hsl(320,49%,50.56078876181623%)"><small> </small><span class="username" data-name="lighthouses">lighthouses</span>:</strong> <em>D:</em></div><div class="chat chatmessage-lighthouses"><strong style="color:hsl(320,49%,50.56078876181623%)"><small> </small><span class="username" data-name="lighthouses">lighthouses</span>:</strong> <em>lo rotom is goat</em></div><div class="chat chatmessage-solidsweeps"><strong style="color:hsl(194,61%,43.333333333333336%)"><small> </small><span class="username" data-name="SolidSweeps">SolidSweeps</span>:</strong> <em>it was probarly rotom-fan</em></div><div class="chat chatmessage-lighthouses"><strong style="color:hsl(320,49%,50.56078876181623%)"><small> </small><span class="username" data-name="lighthouses">lighthouses</span>:</strong> <em>when it</em></div><div class="chat chatmessage-chillshadow"><strong style="color:hsl(116,47%,43%)"><small> </small><span class="username" data-name="ChillShadow">ChillShadow</span>:</strong> <em>rotom is dix</em></div><div class="chat chatmessage-lighthouses"><strong style="color:hsl(320,49%,50.56078876181623%)"><small> </small><span class="username" data-name="lighthouses">lighthouses</span>:</strong> <em>HITS</em></div><div class="chat chatmessage-solidsweeps"><strong style="color:hsl(194,61%,43.333333333333336%)"><small> </small><span class="username" data-name="SolidSweeps">SolidSweeps</span>:</strong> <em>knowing lighthouses</em></div><div class="spacer battle-history"><br></div><div class="battle-history">Flygon used <strong>U-turn</strong>!<br></div><div class="battle-history"><small>It's not very effective...</small><br></div><div class="battle-history"><small>(The opposing Golbat lost <abbr title="−15/353">4.2%</abbr> of its health!)</small><br></div><div class="spacer battle-history"><br></div><div class="battle-history">Flygon went back to Feliburn!<br></div><div class="battle-history">Go! <strong>Uxie</strong>!<br></div><div class="spacer battle-history"><br></div><div class="battle-history">The opposing Golbat used <strong>Brave Bird</strong>!<br></div><div class="battle-history"><small>(Uxie lost <abbr title="−85/354">24.0%</abbr> of its health!)</small><br></div><div class="battle-history"><small>The opposing Golbat is damaged by the recoil!</small><br></div><div class="spacer battle-history"><br></div><div class="battle-history">Uxie fainted!<br></div><div class="chat chatmessage-kushalos"><strong style="color:hsl(241,86%,63.275220778172695%)"><small>★</small><span class="username" data-name="Kushalos">Kushalos</span>:</strong> <em>whats dyin</em></div><div class="chat chatmessage-lighthouses"><strong style="color:hsl(320,49%,50.56078876181623%)"><small> </small><span class="username" data-name="lighthouses">lighthouses</span>:</strong> <em>it was mowtom</em></div><div class="spacer battle-history"><br></div><div class="battle-history">Go! <strong>Escavalier</strong>!<br></div><div class="spacer battle-history"><br></div><h2 class="battle-history">Turn 19</h2><div class="chat chatmessage-chillshadow"><strong style="color:hsl(116,47%,43%)"><small> </small><span class="username" data-name="ChillShadow">ChillShadow</span>:</strong> <em>oh i thought regular</em></div><div class="chat chatmessage-chillshadow"><strong style="color:hsl(116,47%,43%)"><small> </small><span class="username" data-name="ChillShadow">ChillShadow</span>:</strong> <em>phew.</em></div><div class="chat chatmessage-solidsweeps"><strong style="color:hsl(194,61%,43.333333333333336%)"><small> </small><span class="username" data-name="SolidSweeps">SolidSweeps</span>:</strong> <em>me too</em></div><div class="chat chatmessage-lighthouses"><strong style="color:hsl(320,49%,50.56078876181623%)"><small> </small><span class="username" data-name="lighthouses">lighthouses</span>:</strong> <em>life orb rotom is a beast.</em></div><div class="chat chatmessage-solidsweeps"><strong style="color:hsl(194,61%,43.333333333333336%)"><small> </small><span class="username" data-name="SolidSweeps">SolidSweeps</span>:</strong> <em>yea its cool</em></div><div class="chat chatmessage-solidsweeps"><strong style="color:hsl(194,61%,43.333333333333336%)"><small> </small><span class="username" data-name="SolidSweeps">SolidSweeps</span>:</strong> <em>it never gets any use though</em></div><div class="chat"><small>xastify left.</small></div><div class="chat chatmessage-lighthouses"><strong style="color:hsl(320,49%,50.56078876181623%)"><small> </small><span class="username" data-name="lighthouses">lighthouses</span>:</strong> <em>yea idk why</em></div><div class="chat chatmessage-slurmz"><strong style="color:hsl(28,40%,43.095599481124275%)"><small> </small><span class="username" data-name="slurmz">slurmz</span>:</strong> <em>bc u are diogo</em></div><div class="chat chatmessage-slurmz"><strong style="color:hsl(28,40%,43.095599481124275%)"><small> </small><span class="username" data-name="slurmz">slurmz</span>:</strong> <em>and u suck</em></div><div class="chat chatmessage-lighthouses"><strong style="color:hsl(320,49%,50.56078876181623%)"><small> </small><span class="username" data-name="lighthouses">lighthouses</span>:</strong> <em>i think either magnet or life orb are better than</em></div><div class="chat chatmessage-lighthouses"><strong style="color:hsl(320,49%,50.56078876181623%)"><small> </small><span class="username" data-name="lighthouses">lighthouses</span>:</strong> <em>choiced items</em></div><div class="chat chatmessage-slurmz"><strong style="color:hsl(28,40%,43.095599481124275%)"><small> </small><span class="username" data-name="slurmz">slurmz</span>:</strong> <em>- spirit</em></div><div class="spacer battle-history"><br></div><div class="battle-history">Kushalos withdrew Golbat!<br></div><div class="battle-history">Kushalos sent out <strong>Steelix</strong>!<br></div><div class="spacer battle-history"><br></div><div class="battle-history">Escavalier used <strong>Megahorn</strong>!<br></div><div class="battle-history"><small>It's not very effective...</small><br></div><div class="battle-history"><small>(The opposing Steelix lost <abbr title="−102/354">28.8%</abbr> of its health!)</small><br></div><div class="spacer battle-history"><br></div><h2 class="battle-history">Turn 20</h2><div class="chat"><small>Bouff joined.</small></div><div class="chat"><small>yogibears left.</small></div><div class="chat chatmessage-solidsweeps"><strong style="color:hsl(194,61%,43.333333333333336%)"><small> </small><span class="username" data-name="SolidSweeps">SolidSweeps</span>:</strong> <em>with magnet you can bluff scarf</em></div><div class="spacer battle-history"><br></div><div class="battle-history">Escavalier, come back!<br></div><div class="battle-history">Go! <strong>Flygon</strong>!<br></div><div class="spacer battle-history"><br></div><div class="battle-history">The opposing Steelix used <strong>Stealth Rock</strong>!<br></div><div class="battle-history"><small>Pointed stones float in the air around your team!</small><br></div><div class="spacer battle-history"><br></div><h2 class="battle-history">Turn 21</h2><div class="chat chatmessage-lighthouses"><strong style="color:hsl(320,49%,50.56078876181623%)"><small> </small><span class="username" data-name="lighthouses">lighthouses</span>:</strong> <em>yea or specs</em></div><div class="spacer battle-history"><br></div><div class="battle-history">Kushalos withdrew Steelix!<br></div><div class="battle-history">Kushalos sent out <strong>Golbat</strong>!<br></div><div class="spacer battle-history"><br></div><div class="battle-history">Flygon used <strong>Defog</strong>!<br></div><div class="battle-history"><small>The opposing Golbat's evasiveness fell!</small><br></div><div class="battle-history"><small>The pointed stones disappeared from around your team!</small><br></div><div class="spacer battle-history"><br></div><h2 class="battle-history">Turn 22</h2><div class="chat"><small>Low Ladder Heroes joined.</small></div><div class="chat chatmessage-lighthouses"><strong style="color:hsl(320,49%,50.56078876181623%)"><small> </small><span class="username" data-name="lighthouses">lighthouses</span>:</strong> <em>but life orb just breaks everything w/o the need of bluffing :p</em></div><div class="spacer battle-history"><br></div><div class="battle-history">Flygon used <strong>Defog</strong>!<br></div><div class="battle-history"><small>The opposing Golbat's evasiveness fell!</small><br></div><div class="spacer battle-history"><br></div><div class="battle-history">The opposing Golbat used <strong>Brave Bird</strong>!<br></div><div class="battle-history"><small>(Flygon lost <abbr title="−145/302">48.0%</abbr> of its health!)</small><br></div><div class="battle-history"><small>The opposing Golbat is damaged by the recoil!</small><br></div><div class="spacer battle-history"><br></div><div class="battle-history"><small>Flygon restored a little HP using its Leftovers!</small><br></div><div class="spacer battle-history"><br></div><h2 class="battle-history">Turn 23</h2><div class="chat"><small>yogibears joined.</small></div><div class="chat chatmessage-solidsweeps"><strong style="color:hsl(194,61%,43.333333333333336%)"><small> </small><span class="username" data-name="SolidSweeps">SolidSweeps</span>:</strong> <em>bluffing is fun though</em></div><div class="spacer battle-history"><br></div><div class="battle-history">Flygon used <strong>U-turn</strong>!<br></div><div class="battle-history"><small>It's not very effective...</small><br></div><div class="battle-history"><small>(The opposing Golbat lost <abbr title="−15/353">4.2%</abbr> of its health!)</small><br></div><div class="spacer battle-history"><br></div><div class="battle-history">Flygon went back to Feliburn!<br></div><div class="battle-history">Go! <strong>Escavalier</strong>!<br></div><div class="spacer battle-history"><br></div><div class="battle-history">The opposing Golbat used <strong>Roost</strong>!<br></div><div class="battle-history"><small>The opposing Golbat restored its HP.</small><br></div><div class="spacer battle-history"><br></div><h2 class="battle-history">Turn 24</h2><div class="chat chatmessage-solidsweeps"><strong style="color:hsl(194,61%,43.333333333333336%)"><small> </small><span class="username" data-name="SolidSweeps">SolidSweeps</span>:</strong> <em>this game is called pokermon after all</em></div><div class="chat chatmessage-lighthouses"><strong style="color:hsl(320,49%,50.56078876181623%)"><small> </small><span class="username" data-name="lighthouses">lighthouses</span>:</strong> <em>lmao</em></div><div class="chat chatmessage-lighthouses"><strong style="color:hsl(320,49%,50.56078876181623%)"><small> </small><span class="username" data-name="lighthouses">lighthouses</span>:</strong> <em>true</em></div><div class="chat"><small>Low Ladder Heroes left.</small></div><div class="spacer battle-history"><br></div><div class="battle-history">Kushalos withdrew Golbat!<br></div><div class="battle-history">Kushalos sent out <strong>Steelix</strong>!<br></div><div class="spacer battle-history"><br></div><div class="battle-history">Escavalier used <strong>Iron Head</strong>!<br></div><div class="battle-history"><small>It's not very effective...</small><br></div><div class="battle-history"><small>(The opposing Steelix lost <abbr title="−61/354">17.2%</abbr> of its health!)</small><br></div><div class="spacer battle-history"><br></div><h2 class="battle-history">Turn 25</h2><div class="spacer battle-history"><br></div><div class="battle-history">Escavalier used <strong>Iron Head</strong>!<br></div><div class="battle-history"><small>It's not very effective...</small><br></div><div class="battle-history"><small>(The opposing Steelix lost <abbr title="−37/354">10.5%</abbr> of its health!)</small><br></div><div class="spacer battle-history"><br></div><div class="battle-history">The opposing Steelix fainted!<br></div><div class="spacer battle-history"><br></div><div class="battle-history">Kushalos sent out <strong>Houndoom</strong>!<br></div><div class="spacer battle-history"><br></div><h2 class="battle-history">Turn 26</h2><div class="chat chatmessage-slurmz"><strong style="color:hsl(28,40%,43.095599481124275%)"><small> </small><span class="username" data-name="slurmz">slurmz</span>:</strong> <em>feliburn = the best?</em></div><div class="chat chatmessage-lighthouses"><strong style="color:hsl(320,49%,50.56078876181623%)"><small> </small><span class="username" data-name="lighthouses">lighthouses</span>:</strong> <em>did he just click his stab move</em></div><div class="chat chatmessage-lighthouses"><strong style="color:hsl(320,49%,50.56078876181623%)"><small> </small><span class="username" data-name="lighthouses">lighthouses</span>:</strong> <em>omg.....</em></div><div class="chat chatmessage-chillshadow"><strong style="color:hsl(116,47%,43%)"><small> </small><span class="username" data-name="ChillShadow">ChillShadow</span>:</strong> <em>omg.....</em></div><div class="chat chatmessage-hairytoenail"><strong style="color:hsl(350,72%,44%)"><small> </small><span class="username" data-name="hairy toenail">hairy toenail</span>:</strong> <em>how</em></div><div class="chat chatmessage-lighthouses"><strong style="color:hsl(320,49%,50.56078876181623%)"><small> </small><span class="username" data-name="lighthouses">lighthouses</span>:</strong> <em>i bet kushs gonna fire blast too</em></div><div class="chat chatmessage-kushalos"><strong style="color:hsl(241,86%,63.275220778172695%)"><small>★</small><span class="username" data-name="Kushalos">Kushalos</span>:</strong> <em>time to trigger omfuga</em></div><div class="spacer battle-history"><br></div><div class="battle-history"><small>(Escavalier is being withdrawn...)</small><br></div><div class="spacer battle-history"><br></div><div class="battle-history">The opposing Houndoom used <strong>Pursuit</strong>!<br></div><div class="battle-history"><small>(Escavalier lost <abbr title="−79/303">26.1%</abbr> of its health!)</small><br></div><div class="spacer battle-history"><br></div><div class="battle-history">Escavalier, come back!<br></div><div class="battle-history">Go! <strong>Emboar</strong>!<br></div><div class="spacer battle-history"><br></div><h2 class="battle-history">Turn 27</h2><div class="chat chatmessage-atomicllamas"><strong style="color:hsl(84,42%,42%)"><small>&amp;</small><span class="username" data-name="atomicllamas ☾">atomicllamas ☾</span>:</strong> <em>lol</em></div><div class="chat chatmessage-ryomanagare"><strong style="color:hsl(26,66%,42.544905552483%)"><small> </small><span class="username" data-name="Ryoma Nagare">Ryoma Nagare</span>:</strong> <em>....</em></div><div class="chat chatmessage-slurmz"><strong style="color:hsl(28,40%,43.095599481124275%)"><small> </small><span class="username" data-name="slurmz">slurmz</span>:</strong> <em>LOL the scarf doom</em></div><div class="chat chatmessage-slurmz"><strong style="color:hsl(28,40%,43.095599481124275%)"><small> </small><span class="username" data-name="slurmz">slurmz</span>:</strong> <em>dmg</em></div><div class="chat chatmessage-ryomanagare"><strong style="color:hsl(26,66%,42.544905552483%)"><small> </small><span class="username" data-name="Ryoma Nagare">Ryoma Nagare</span>:</strong> <em>jesus</em></div><div class="chat chatmessage-slurmz"><strong style="color:hsl(28,40%,43.095599481124275%)"><small> </small><span class="username" data-name="slurmz">slurmz</span>:</strong> <em>man scarf doom is</em></div><div class="chat chatmessage-slurmz"><strong style="color:hsl(28,40%,43.095599481124275%)"><small> </small><span class="username" data-name="slurmz">slurmz</span>:</strong> <em>asscheeks</em></div><div class="chat chatmessage-chillshadow"><strong style="color:hsl(116,47%,43%)"><small> </small><span class="username" data-name="ChillShadow">ChillShadow</span>:</strong> <em>kush</em></div><div class="chat"><small>trash left.</small></div><div class="chat chatmessage-lighthouses"><strong style="color:hsl(320,49%,50.56078876181623%)"><small> </small><span class="username" data-name="lighthouses">lighthouses</span>:</strong> <em>whats wrong with</em></div><div class="chat chatmessage-lighthouses"><strong style="color:hsl(320,49%,50.56078876181623%)"><small> </small><span class="username" data-name="lighthouses">lighthouses</span>:</strong> <em>asscheeks....</em></div><div class="chat chatmessage-chillshadow"><strong style="color:hsl(116,47%,43%)"><small> </small><span class="username" data-name="ChillShadow">ChillShadow</span>:</strong> <em>is the 4th move</em></div><div class="chat chatmessage-ryomanagare"><strong style="color:hsl(26,66%,42.544905552483%)"><small> </small><span class="username" data-name="Ryoma Nagare">Ryoma Nagare</span>:</strong> <em>if they're</em></div><div class="chat chatmessage-chillshadow"><strong style="color:hsl(116,47%,43%)"><small> </small><span class="username" data-name="ChillShadow">ChillShadow</span>:</strong> <em>what i think it is</em></div><div class="chat chatmessage-ryomanagare"><strong style="color:hsl(26,66%,42.544905552483%)"><small> </small><span class="username" data-name="Ryoma Nagare">Ryoma Nagare</span>:</strong> <em>a man's</em></div><div class="chat chatmessage-ryomanagare"><strong style="color:hsl(26,66%,42.544905552483%)"><small> </small><span class="username" data-name="Ryoma Nagare">Ryoma Nagare</span>:</strong> <em>that's wrong</em></div><div class="chat chatmessage-slurmz"><strong style="color:hsl(28,40%,43.095599481124275%)"><small> </small><span class="username" data-name="slurmz">slurmz</span>:</strong> <em>it is cs</em></div><div class="chat chatmessage-lighthouses"><strong style="color:hsl(320,49%,50.56078876181623%)"><small> </small><span class="username" data-name="lighthouses">lighthouses</span>:</strong> <em>huh</em></div><div class="chat chatmessage-ryomanagare"><strong style="color:hsl(26,66%,42.544905552483%)"><small> </small><span class="username" data-name="Ryoma Nagare">Ryoma Nagare</span>:</strong> <em>well for some people....</em></div><div class="chat"><small>Bughouse joined.</small></div><div class="chat chatmessage-lighthouses"><strong style="color:hsl(320,49%,50.56078876181623%)"><small> </small><span class="username" data-name="lighthouses">lighthouses</span>:</strong> <em>im very much fond of my own</em></div><div class="chat chatmessage-lighthouses"><strong style="color:hsl(320,49%,50.56078876181623%)"><small> </small><span class="username" data-name="lighthouses">lighthouses</span>:</strong> <em>asscheeks</em></div><div class="chat chatmessage-ryomanagare"><strong style="color:hsl(26,66%,42.544905552483%)"><small> </small><span class="username" data-name="Ryoma Nagare">Ryoma Nagare</span>:</strong> <em>*cough*</em></div><div class="chat chatmessage-bouff"><strong style="color:hsl(351,64%,44%)"><small>+</small><span class="username" data-name="Bouff">Bouff</span>:</strong> <em>yall ever shave ur asscheeks</em></div><div class="chat chatmessage-lighthouses"><strong style="color:hsl(320,49%,50.56078876181623%)"><small> </small><span class="username" data-name="lighthouses">lighthouses</span>:</strong> <em>nah.</em></div><div class="chat chatmessage-slurmz"><strong style="color:hsl(28,40%,43.095599481124275%)"><small> </small><span class="username" data-name="slurmz">slurmz</span>:</strong> <em>LOL</em></div><div class="chat chatmessage-ryomanagare"><strong style="color:hsl(26,66%,42.544905552483%)"><small> </small><span class="username" data-name="Ryoma Nagare">Ryoma Nagare</span>:</strong> <em>isn't the hair in the crack</em></div><div class="chat chatmessage-slurmz"><strong style="color:hsl(28,40%,43.095599481124275%)"><small> </small><span class="username" data-name="slurmz">slurmz</span>:</strong> <em>when did bouff get here.</em></div><div class="spacer battle-history"><br></div><div class="battle-history">Kushalos withdrew Houndoom!<br></div><div class="battle-history">Kushalos sent out <strong>Audino</strong>!<br></div><div class="spacer battle-history"><br></div><div class="battle-history">Emboar used <strong>Flare Blitz</strong>!<br></div><div class="battle-history"><small>(The opposing Audino lost <abbr title="−193/410">47.1%</abbr> of its health!)</small><br></div><div class="battle-history"><small>Emboar is damaged by the recoil!</small><br></div><div class="spacer battle-history"><br></div><h2 class="battle-history">Turn 28</h2><div class="chat chatmessage-chillshadow"><strong style="color:hsl(116,47%,43%)"><small> </small><span class="username" data-name="ChillShadow">ChillShadow</span>:</strong> <em>like 2 mins ago</em></div><div class="chat"><small>Magatsu Izanagi joined.</small></div><div class="chat chatmessage-ryomanagare"><strong style="color:hsl(26,66%,42.544905552483%)"><small> </small><span class="username" data-name="Ryoma Nagare">Ryoma Nagare</span>:</strong> <em>I've never checked if the cheeks have hair tbh</em></div><div class="chat chatmessage-solidsweeps"><strong style="color:hsl(194,61%,43.333333333333336%)"><small> </small><span class="username" data-name="SolidSweeps">SolidSweeps</span>:</strong> <em>lighthouses ass cheeks are your country's specialty right</em></div><div class="chat chatmessage-lighthouses"><strong style="color:hsl(320,49%,50.56078876181623%)"><small> </small><span class="username" data-name="lighthouses">lighthouses</span>:</strong> <em>i am too fearful</em></div><div class="chat chatmessage-hairytoenail"><strong style="color:hsl(350,72%,44%)"><small> </small><span class="username" data-name="hairy toenail">hairy toenail</span>:</strong> <em>its a jungle down there tho</em></div><div class="chat chatmessage-ryomanagare"><strong style="color:hsl(26,66%,42.544905552483%)"><small> </small><span class="username" data-name="Ryoma Nagare">Ryoma Nagare</span>:</strong> <em>also isn't it unhealthing anyway</em></div><div class="chat chatmessage-lighthouses"><strong style="color:hsl(320,49%,50.56078876181623%)"><small> </small><span class="username" data-name="lighthouses">lighthouses</span>:</strong> <em>what if u have to like</em></div><div class="chat chatmessage-lighthouses"><strong style="color:hsl(320,49%,50.56078876181623%)"><small> </small><span class="username" data-name="lighthouses">lighthouses</span>:</strong> <em>turn it</em></div><div class="chat chatmessage-lighthouses"><strong style="color:hsl(320,49%,50.56078876181623%)"><small> </small><span class="username" data-name="lighthouses">lighthouses</span>:</strong> <em>into a habit</em></div><div class="chat chatmessage-lighthouses"><strong style="color:hsl(320,49%,50.56078876181623%)"><small> </small><span class="username" data-name="lighthouses">lighthouses</span>:</strong> <em>like</em></div><div class="chat chatmessage-lighthouses"><strong style="color:hsl(320,49%,50.56078876181623%)"><small> </small><span class="username" data-name="lighthouses">lighthouses</span>:</strong> <em>your ass starts growing</em></div><div class="chat chatmessage-lighthouses"><strong style="color:hsl(320,49%,50.56078876181623%)"><small> </small><span class="username" data-name="lighthouses">lighthouses</span>:</strong> <em>a beard</em></div><div class="chat chatmessage-bughouse"><strong style="color:hsl(183,80%,39%)"><small>+</small><span class="username" data-name="Bughouse">Bughouse</span>:</strong> <em>you know what this game could use moerof?</em></div><div class="chat chatmessage-slurmz"><strong style="color:hsl(28,40%,43.095599481124275%)"><small> </small><span class="username" data-name="slurmz">slurmz</span>:</strong> <em>LOL</em></div><div class="chat chatmessage-lighthouses"><strong style="color:hsl(320,49%,50.56078876181623%)"><small> </small><span class="username" data-name="lighthouses">lighthouses</span>:</strong> <em>and u gotta shave every week</em></div><div class="chat chatmessage-bughouse"><strong style="color:hsl(183,80%,39%)"><small>+</small><span class="username" data-name="Bughouse">Bughouse</span>:</strong> <em>alomomola</em></div><div class="chat chatmessage-ryomanagare"><strong style="color:hsl(26,66%,42.544905552483%)"><small> </small><span class="username" data-name="Ryoma Nagare">Ryoma Nagare</span>:</strong> <em>nah that's imposible</em></div><div class="chat chatmessage-ryomanagare"><strong style="color:hsl(26,66%,42.544905552483%)"><small> </small><span class="username" data-name="Ryoma Nagare">Ryoma Nagare</span>:</strong> <em>Bughouse cancer</em></div><div class="chat"><small>yogibears left.</small></div><div class="chat"><small>galbia joined.</small></div><div class="spacer battle-history"><br></div><div class="battle-history">Emboar, come back!<br></div><div class="battle-history">Go! <strong>Escavalier</strong>!<br></div><div class="spacer battle-history"><br></div><div class="battle-history">Kushalos withdrew Audino!<br></div><div class="battle-history">Kushalos sent out <strong>Houndoom</strong>!<br></div><div class="spacer battle-history"><br></div><h2 class="battle-history">Turn 29</h2><div class="chat chatmessage-ryomanagare"><strong style="color:hsl(26,66%,42.544905552483%)"><small> </small><span class="username" data-name="Ryoma Nagare">Ryoma Nagare</span>:</strong> <em>lighthouses it's like</em></div><div class="chat chatmessage-lighthouses"><strong style="color:hsl(320,49%,50.56078876181623%)"><small> </small><span class="username" data-name="lighthouses">lighthouses</span>:</strong> <em>yes SolidSweeps</em></div><div class="chat chatmessage-lighthouses"><strong style="color:hsl(320,49%,50.56078876181623%)"><small> </small><span class="username" data-name="lighthouses">lighthouses</span>:</strong> <em>they are.</em></div><div class="chat chatmessage-solidsweeps"><strong style="color:hsl(194,61%,43.333333333333336%)"><small> </small><span class="username" data-name="SolidSweeps">SolidSweeps</span>:</strong> <em>bughouse both teams have virizion</em></div><div class="chat chatmessage-ryomanagare"><strong style="color:hsl(26,66%,42.544905552483%)"><small> </small><span class="username" data-name="Ryoma Nagare">Ryoma Nagare</span>:</strong> <em>do you ever shace</em></div><div class="chat chatmessage-slurmz"><strong style="color:hsl(28,40%,43.095599481124275%)"><small> </small><span class="username" data-name="slurmz">slurmz</span>:</strong> <em>legit 0 way u need to shave</em></div><div class="chat chatmessage-slurmz"><strong style="color:hsl(28,40%,43.095599481124275%)"><small> </small><span class="username" data-name="slurmz">slurmz</span>:</strong> <em>every week</em></div><div class="chat chatmessage-slurmz"><strong style="color:hsl(28,40%,43.095599481124275%)"><small> </small><span class="username" data-name="slurmz">slurmz</span>:</strong> <em>OML kushaHEAT</em></div><div class="chat"><small>yogibears joined.</small></div><div class="chat chatmessage-ryomanagare"><strong style="color:hsl(26,66%,42.544905552483%)"><small> </small><span class="username" data-name="Ryoma Nagare">Ryoma Nagare</span>:</strong> <em>that sounds</em></div><div class="chat chatmessage-ryomanagare"><strong style="color:hsl(26,66%,42.544905552483%)"><small> </small><span class="username" data-name="Ryoma Nagare">Ryoma Nagare</span>:</strong> <em>so unpleasing to say slurmz</em></div><div class="chat chatmessage-solidsweeps"><strong style="color:hsl(194,61%,43.333333333333336%)"><small> </small><span class="username" data-name="SolidSweeps">SolidSweeps</span>:</strong> <em>he is going for it again</em></div><div class="spacer battle-history"><br></div><div class="battle-history">Escavalier, come back!<br></div><div class="battle-history">Go! <strong>Flygon</strong>!<br></div><div class="spacer battle-history"><br></div><div class="battle-history">The opposing Houndoom used <strong>Overheat</strong>!<br></div><div class="battle-history"><small>It's not very effective...</small><br></div><div class="battle-history"><small>(Flygon lost <abbr title="−144/302">47.7%</abbr> of its health!)</small><br></div><div class="battle-history"><small>The opposing Houndoom's Special Attack fell harshly!</small><br></div><div class="spacer battle-history"><br></div><div class="battle-history"><small>Flygon restored a little HP using its Leftovers!</small><br></div><div class="spacer battle-history"><br></div><h2 class="battle-history">Turn 30</h2><div class="spacer battle-history"><br></div><div class="battle-history">Kushalos withdrew Houndoom!<br></div><div class="battle-history">Kushalos sent out <strong>Golbat</strong>!<br></div><div class="spacer battle-history"><br></div><div class="battle-history">Flygon used <strong>Roost</strong>!<br></div><div class="battle-history"><small>Flygon restored its HP.</small><br></div><div class="spacer battle-history"><br></div><div class="battle-history"><small>Flygon restored a little HP using its Leftovers!</small><br></div><div class="spacer battle-history"><br></div><h2 class="battle-history">Turn 31</h2><div class="chat chatmessage-ryomanagare"><strong style="color:hsl(26,66%,42.544905552483%)"><small> </small><span class="username" data-name="Ryoma Nagare">Ryoma Nagare</span>:</strong> <em>why does</em></div><div class="chat"><small>Meloriver ヽ joined.</small></div><div class="chat chatmessage-ryomanagare"><strong style="color:hsl(26,66%,42.544905552483%)"><small> </small><span class="username" data-name="Ryoma Nagare">Ryoma Nagare</span>:</strong> <em>golbat wall half that team</em></div><div class="chat chatmessage-solidsweeps"><strong style="color:hsl(194,61%,43.333333333333336%)"><small> </small><span class="username" data-name="SolidSweeps">SolidSweeps</span>:</strong> <em>its a good mon</em></div><div class="chat chatmessage-solidsweeps"><strong style="color:hsl(194,61%,43.333333333333336%)"><small> </small><span class="username" data-name="SolidSweeps">SolidSweeps</span>:</strong> <em>thats why</em></div><div class="chat chatmessage-ryomanagare"><strong style="color:hsl(26,66%,42.544905552483%)"><small> </small><span class="username" data-name="Ryoma Nagare">Ryoma Nagare</span>:</strong> <em>ik</em></div><div class="spacer battle-history"><br></div><div class="battle-history">Flygon used <strong>U-turn</strong>!<br></div><div class="battle-history"><small>It's not very effective...</small><br></div><div class="battle-history"><small>A critical hit!</small><br></div><div class="battle-history"><small>(The opposing Golbat lost <abbr title="−23/353">6.5%</abbr> of its health!)</small><br></div><div class="chat chatmessage-lighthouses"><strong style="color:hsl(320,49%,50.56078876181623%)"><small> </small><span class="username" data-name="lighthouses">lighthouses</span>:</strong> <em>no...</em></div><div class="chat chatmessage-lighthouses"><strong style="color:hsl(320,49%,50.56078876181623%)"><small> </small><span class="username" data-name="lighthouses">lighthouses</span>:</strong> <em>its bad.....</em></div><div class="chat chatmessage-solidsweeps"><strong style="color:hsl(194,61%,43.333333333333336%)"><small> </small><span class="username" data-name="SolidSweeps">SolidSweeps</span>:</strong> <em>the moment lanturn died</em></div><div class="spacer battle-history"><br></div><div class="battle-history">Flygon went back to Feliburn!<br></div><div class="battle-history">Go! <strong>Escavalier</strong>!<br></div><div class="spacer battle-history"><br></div><div class="battle-history">The opposing Golbat used <strong>Toxic</strong>!<br></div><div class="battle-history"><small>It doesn't affect Escavalier...</small><br></div><div class="spacer battle-history"><br></div><h2 class="battle-history">Turn 32</h2><div class="chat chatmessage-solidsweeps"><strong style="color:hsl(194,61%,43.333333333333336%)"><small> </small><span class="username" data-name="SolidSweeps">SolidSweeps</span>:</strong> <em>golbat just won</em></div><div class="chat chatmessage-atomicllamas"><strong style="color:hsl(84,42%,42%)"><small>&amp;</small><span class="username" data-name="atomicllamas ☾">atomicllamas ☾</span>:</strong> <em>(bat)</em></div><div class="chat chatmessage-bouff"><strong style="color:hsl(351,64%,44%)"><small>+</small><span class="username" data-name="Bouff">Bouff</span>:</strong> <em>just won is a social construct</em></div><div class="chat chatmessage-solidsweeps"><strong style="color:hsl(194,61%,43.333333333333336%)"><small> </small><span class="username" data-name="SolidSweeps">SolidSweeps</span>:</strong> <em>brave bird kills from here</em></div><div class="chat chatmessage-ryomanagare"><strong style="color:hsl(26,66%,42.544905552483%)"><small> </small><span class="username" data-name="Ryoma Nagare">Ryoma Nagare</span>:</strong> <em>:ghost:</em></div><div class="spacer battle-history"><br></div><div class="battle-history">The opposing Golbat used <strong>Brave Bird</strong>!<br></div><div class="battle-history"><small>(Escavalier lost <abbr title="−97/303">32.0%</abbr> of its health!)</small><br></div><div class="battle-history"><small>The opposing Golbat is damaged by the recoil!</small><br></div><div class="spacer battle-history"><br></div><div class="battle-history">Escavalier fainted!<br></div><div class="chat chatmessage-bouff"><strong style="color:hsl(351,64%,44%)"><small>+</small><span class="username" data-name="Bouff">Bouff</span>:</strong> <em>max defenses</em></div><div class="chat"><small>kasdbfkas joined.</small></div><div class="spacer battle-history"><br></div><div class="battle-history">Go! <strong>Emboar</strong>!<br></div><div class="spacer battle-history"><br></div><h2 class="battle-history">Turn 33</h2><div class="chat chatmessage-ryomanagare"><strong style="color:hsl(26,66%,42.544905552483%)"><small> </small><span class="username" data-name="Ryoma Nagare">Ryoma Nagare</span>:</strong> <em>virizion if real</em></div><div class="chat chatmessage-atomicllamas"><strong style="color:hsl(84,42%,42%)"><small>&amp;</small><span class="username" data-name="atomicllamas ☾">atomicllamas ☾</span>:</strong> <em>I feel like mega audino</em></div><div class="chat chatmessage-yogibears"><strong style="color:hsl(183,63%,44.99448677551407%)"><small> </small><span class="username" data-name="yogibears">yogibears</span>:</strong> <em>solidsweeps can you stop ghosting ty</em></div><div class="chat chatmessage-solidsweeps"><strong style="color:hsl(194,61%,43.333333333333336%)"><small> </small><span class="username" data-name="SolidSweeps">SolidSweeps</span>:</strong> <em>wild charge does like 40%?</em></div><div class="chat chatmessage-solidsweeps"><strong style="color:hsl(194,61%,43.333333333333336%)"><small> </small><span class="username" data-name="SolidSweeps">SolidSweeps</span>:</strong> <em>idk</em></div><div class="chat chatmessage-atomicllamas"><strong style="color:hsl(84,42%,42%)"><small>&amp;</small><span class="username" data-name="atomicllamas ☾">atomicllamas ☾</span>:</strong> <em>is the thng that actually wins</em></div><div class="chat chatmessage-kushalos"><strong style="color:hsl(241,86%,63.275220778172695%)"><small>★</small><span class="username" data-name="Kushalos">Kushalos</span>:</strong> <em>nah</em></div><div class="chat chatmessage-kushalos"><strong style="color:hsl(241,86%,63.275220778172695%)"><small>★</small><span class="username" data-name="Kushalos">Kushalos</span>:</strong> <em>im saccing that</em></div><div class="chat"><small>Real FV13 -✖- joined.</small></div><div class="spacer battle-history"><br></div><div class="battle-history">Kushalos withdrew Golbat!<br></div><div class="battle-history">Kushalos sent out <strong>Audino</strong>!<br></div><div class="spacer battle-history"><br></div><div class="battle-history">Emboar used <strong>Flare Blitz</strong>!<br></div><div class="battle-history"><small>(The opposing Audino lost <abbr title="−213/410">52.0%</abbr> of its health!)</small><br></div><div class="battle-history"><small>Emboar is damaged by the recoil!</small><br></div><div class="spacer battle-history"><br></div><h2 class="battle-history">Turn 34</h2><div class="chat chatmessage-lighthouses"><strong style="color:hsl(320,49%,50.56078876181623%)"><small> </small><span class="username" data-name="lighthouses">lighthouses</span>:</strong> <em>is it</em></div><div class="chat chatmessage-lighthouses"><strong style="color:hsl(320,49%,50.56078876181623%)"><small> </small><span class="username" data-name="lighthouses">lighthouses</span>:</strong> <em>lit audino</em></div><div class="chat"><small>Real FV13 -✖- left.</small></div><div class="chat chatmessage-lighthouses"><strong style="color:hsl(320,49%,50.56078876181623%)"><small> </small><span class="username" data-name="lighthouses">lighthouses</span>:</strong> <em>w healing wish</em></div><div class="chat chatmessage-ryomanagare"><strong style="color:hsl(26,66%,42.544905552483%)"><small> </small><span class="username" data-name="Ryoma Nagare">Ryoma Nagare</span>:</strong> <em>jesus yamato...</em></div><div class="chat chatmessage-kushalos"><strong style="color:hsl(241,86%,63.275220778172695%)"><small>★</small><span class="username" data-name="Kushalos">Kushalos</span>:</strong> <em>im not</em></div><div class="chat"><small>yogibears left.</small></div><div class="chat chatmessage-kushalos"><strong style="color:hsl(241,86%,63.275220778172695%)"><small>★</small><span class="username" data-name="Kushalos">Kushalos</span>:</strong> <em>a very lit person</em></div><div class="chat chatmessage-lighthouses"><strong style="color:hsl(320,49%,50.56078876181623%)"><small> </small><span class="username" data-name="lighthouses">lighthouses</span>:</strong> <em>dang</em></div><div class="chat chatmessage-tony"><strong style="color:hsl(312,63%,41.3846416864007%)"><small> </small><span class="username" data-name="Tony">Tony</span>:</strong> <em>kushalit :X</em></div><div class="chat"><small>TSR joined.</small></div><div class="chat chatmessage-slurmz"><strong style="color:hsl(28,40%,43.095599481124275%)"><small> </small><span class="username" data-name="slurmz">slurmz</span>:</strong> <em>youknow whats lit af</em></div><div class="chat chatmessage-slurmz"><strong style="color:hsl(28,40%,43.095599481124275%)"><small> </small><span class="username" data-name="slurmz">slurmz</span>:</strong> <em>my clit</em></div><div class="chat chatmessage-lighthouses"><strong style="color:hsl(320,49%,50.56078876181623%)"><small> </small><span class="username" data-name="lighthouses">lighthouses</span>:</strong> <em>lit audino would have</em></div><div class="chat chatmessage-lighthouses"><strong style="color:hsl(320,49%,50.56078876181623%)"><small> </small><span class="username" data-name="lighthouses">lighthouses</span>:</strong> <em>6-0ed too</em></div><div class="chat chatmessage-lighthouses"><strong style="color:hsl(320,49%,50.56078876181623%)"><small> </small><span class="username" data-name="lighthouses">lighthouses</span>:</strong> <em>fire blast escav surf emboar</em></div><div class="chat"><small>yogibears joined.</small></div><div class="chat chatmessage-solidsweeps"><strong style="color:hsl(194,61%,43.333333333333336%)"><small> </small><span class="username" data-name="SolidSweeps">SolidSweeps</span>:</strong> <em>slurmz :/</em></div><div class="chat chatmessage-lighthouses"><strong style="color:hsl(320,49%,50.56078876181623%)"><small> </small><span class="username" data-name="lighthouses">lighthouses</span>:</strong> <em>5hko uxie</em></div><div class="spacer battle-history"><br></div><div class="battle-history">Kushalos withdrew Audino!<br></div><div class="battle-history">Kushalos sent out <strong>Houndoom</strong>!<br></div><div class="spacer battle-history"><br></div><div class="battle-history">Emboar used <strong>Flare Blitz</strong>!<br></div><div class="battle-history"><small>[The opposing Houndoom's Flash Fire]</small><br><small>The power of the opposing Houndoom's Fire-type moves rose!</small><br></div><div class="spacer battle-history"><br></div><h2 class="battle-history">Turn 35</h2><div class="chat chatmessage-lighthouses"><strong style="color:hsl(320,49%,50.56078876181623%)"><small> </small><span class="username" data-name="lighthouses">lighthouses</span>:</strong> <em>done game over</em></div><div class="chat chatmessage-ryomanagare"><strong style="color:hsl(26,66%,42.544905552483%)"><small> </small><span class="username" data-name="Ryoma Nagare">Ryoma Nagare</span>:</strong> <em>slurmz asscracks aren't clits</em></div><div class="chat chatmessage-bouff"><strong style="color:hsl(351,64%,44%)"><small>+</small><span class="username" data-name="Bouff">Bouff</span>:</strong> <em>boar gets scald</em></div><div class="chat"><small>tapu mongo joined.</small></div><div class="spacer battle-history"><br></div><div class="battle-history">Emboar, come back!<br></div><div class="battle-history">Go! <strong>Flygon</strong>!<br></div><div class="spacer battle-history"><br></div><div class="battle-history">The opposing Houndoom used <strong>Overheat</strong>!<br></div><div class="battle-history"><small>It's not very effective...</small><br></div><div class="battle-history"><small>(Flygon lost <abbr title="−191/302">63.2%</abbr> of its health!)</small><br></div><div class="battle-history"><small>The opposing Houndoom's Special Attack fell harshly!</small><br></div><div class="spacer battle-history"><br></div><div class="battle-history"><small>Flygon restored a little HP using its Leftovers!</small><br></div><div class="spacer battle-history"><br></div><h2 class="battle-history">Turn 36</h2><div class="chat chatmessage-atomicllamas"><strong style="color:hsl(84,42%,42%)"><small>&amp;</small><span class="username" data-name="atomicllamas ☾">atomicllamas ☾</span>:</strong> <em>heat</em></div><div class="spacer battle-history"><br></div><div class="battle-history">Kushalos withdrew Houndoom!<br></div><div class="battle-history">Kushalos sent out <strong>Golbat</strong>!<br></div><div class="spacer battle-history"><br></div><div class="battle-history">Flygon used <strong>Roost</strong>!<br></div><div class="battle-history"><small>Flygon restored its HP.</small><br></div><div class="spacer battle-history"><br></div><div class="battle-history"><small>Flygon restored a little HP using its Leftovers!</small><br></div><div class="spacer battle-history"><br></div><h2 class="battle-history">Turn 37</h2><div class="chat chatmessage-atomicllamas"><strong style="color:hsl(84,42%,42%)"><small>&amp;</small><span class="username" data-name="atomicllamas ☾">atomicllamas ☾</span>:</strong> <em>overheat</em></div><div class="chat chatmessage-solidsweeps"><strong style="color:hsl(194,61%,43.333333333333336%)"><small> </small><span class="username" data-name="SolidSweeps">SolidSweeps</span>:</strong> <em>neat</em></div><div class="chat chatmessage-solidsweeps"><strong style="color:hsl(194,61%,43.333333333333336%)"><small> </small><span class="username" data-name="SolidSweeps">SolidSweeps</span>:</strong> <em>again he spared him</em></div><div class="chat chatmessage-ttftw"><strong style="color:hsl(65,65%,35.9100307616%)"><small> </small><span class="username" data-name="TTFTW">TTFTW</span>:</strong> <em>overneat</em></div><div class="chat"><small>yogibears left.</small></div><div class="spacer battle-history"><br></div><div class="battle-history">Flygon used <strong>Roost</strong>!<br></div><div class="battle-history"><small>Flygon restored its HP.</small><br></div><div class="spacer battle-history"><br></div><div class="battle-history">The opposing Golbat used <strong>Brave Bird</strong>!<br></div><div class="battle-history"><small>(Flygon lost <abbr title="−145/302">48.0%</abbr> of its health!)</small><br></div><div class="battle-history"><small>The opposing Golbat is damaged by the recoil!</small><br></div><div class="spacer battle-history"><br></div><div class="battle-history"><small>Flygon restored a little HP using its Leftovers!</small><br></div><div class="spacer battle-history"><br></div><h2 class="battle-history">Turn 38</h2><div class="chat chatmessage-tony"><strong style="color:hsl(312,63%,41.3846416864007%)"><small> </small><span class="username" data-name="Tony">Tony</span>:</strong> <em>hue</em></div><div class="chat chatmessage-kushalos"><strong style="color:hsl(241,86%,63.275220778172695%)"><small>★</small><span class="username" data-name="Kushalos">Kushalos</span>:</strong> <em>no need</em></div><div class="chat chatmessage-kushalos"><strong style="color:hsl(241,86%,63.275220778172695%)"><small>★</small><span class="username" data-name="Kushalos">Kushalos</span>:</strong> <em>to risk</em></div><div class="spacer battle-history"><br></div><div class="battle-history">Flygon used <strong>Roost</strong>!<br></div><div class="battle-history"><small>Flygon restored its HP.</small><br></div><div class="spacer battle-history"><br></div><div class="battle-history">The opposing Golbat used <strong>Roost</strong>!<br></div><div class="battle-history"><small>The opposing Golbat restored its HP.</small><br></div><div class="spacer battle-history"><br></div><h2 class="battle-history">Turn 39</h2><div class="chat chatmessage-ttftw"><strong style="color:hsl(65,65%,35.9100307616%)"><small> </small><span class="username" data-name="TTFTW">TTFTW</span>:</strong> <em>hm</em></div><div class="chat chatmessage-ttftw"><strong style="color:hsl(65,65%,35.9100307616%)"><small> </small><span class="username" data-name="TTFTW">TTFTW</span>:</strong> <em>why did that do 48</em></div><div class="chat chatmessage-kushalos"><strong style="color:hsl(241,86%,63.275220778172695%)"><small>★</small><span class="username" data-name="Kushalos">Kushalos</span>:</strong> <em>golbat</em></div><div class="chat chatmessage-kushalos"><strong style="color:hsl(241,86%,63.275220778172695%)"><small>★</small><span class="username" data-name="Kushalos">Kushalos</span>:</strong> <em>is kinda strong</em></div><div class="spacer battle-history"><br></div><div class="battle-history">Flygon used <strong>Defog</strong>!<br></div><div class="battle-history"><small>The opposing Golbat's evasiveness fell!</small><br></div><div class="spacer battle-history"><br></div><div class="battle-history">The opposing Golbat used <strong>Toxic</strong>!<br></div><div class="battle-history"><small>Flygon was badly poisoned!</small><br></div><div class="spacer battle-history"><br></div><div class="battle-history"><small>Flygon was hurt by poison!</small><br></div><div class="spacer battle-history"><br></div><h2 class="battle-history">Turn 40</h2><div class="chat chatmessage-atomicllamas"><strong style="color:hsl(84,42%,42%)"><small>&amp;</small><span class="username" data-name="atomicllamas ☾">atomicllamas ☾</span>:</strong> <em>kush are you band bat</em></div><div class="chat chatmessage-atomicllamas"><strong style="color:hsl(84,42%,42%)"><small>&amp;</small><span class="username" data-name="atomicllamas ☾">atomicllamas ☾</span>:</strong> <em>;)</em></div><div class="chat chatmessage-solidsweeps"><strong style="color:hsl(194,61%,43.333333333333336%)"><small> </small><span class="username" data-name="SolidSweeps">SolidSweeps</span>:</strong> <em>its nasty plot</em></div><div class="chat"><small>mylo xyloto joined.</small></div><div class="spacer battle-history"><br></div><div class="battle-history">Flygon used <strong>Defog</strong>!<br></div><div class="battle-history"><small>The opposing Golbat's evasiveness fell!</small><br></div><div class="spacer battle-history"><br></div><div class="battle-history">The opposing Golbat used <strong>Brave Bird</strong>!<br></div><div class="battle-history"><small>(Flygon lost <abbr title="−144/302">47.7%</abbr> of its health!)</small><br></div><div class="battle-history"><small>The opposing Golbat is damaged by the recoil!</small><br></div><div class="spacer battle-history"><br></div><div class="battle-history"><small>Flygon restored a little HP using its Leftovers!</small><br></div><div class="battle-history"><small>Flygon was hurt by poison!</small><br></div><div class="spacer battle-history"><br></div><h2 class="battle-history">Turn 41</h2><div class="chat chatmessage-ryomanagare"><strong style="color:hsl(26,66%,42.544905552483%)"><small> </small><span class="username" data-name="Ryoma Nagare">Ryoma Nagare</span>:</strong> <em>flygon isn't</em></div><div class="chat"><small>Ping_Pong_Along joined.</small></div><div class="chat chatmessage-ryomanagare"><strong style="color:hsl(26,66%,42.544905552483%)"><small> </small><span class="username" data-name="Ryoma Nagare">Ryoma Nagare</span>:</strong> <em>really bulky</em></div><div class="chat chatmessage-ryomanagare"><strong style="color:hsl(26,66%,42.544905552483%)"><small> </small><span class="username" data-name="Ryoma Nagare">Ryoma Nagare</span>:</strong> <em>imo</em></div><div class="chat chatmessage-atomicllamas"><strong style="color:hsl(84,42%,42%)"><small>&amp;</small><span class="username" data-name="atomicllamas ☾">atomicllamas ☾</span>:</strong> <em>well</em></div><div class="chat chatmessage-eifo"><strong style="color:hsl(309,72%,42%)"><small> </small><span class="username" data-name="eifo">eifo</span>:</strong> <em>at leats not w/o invests</em></div><div class="chat chatmessage-ryomanagare"><strong style="color:hsl(26,66%,42.544905552483%)"><small> </small><span class="username" data-name="Ryoma Nagare">Ryoma Nagare</span>:</strong> <em>it's more</em></div><div class="chat chatmessage-lighthouses"><strong style="color:hsl(320,49%,50.56078876181623%)"><small> </small><span class="username" data-name="lighthouses">lighthouses</span>:</strong> <em>thats not an opinion</em></div><div class="chat chatmessage-atomicllamas"><strong style="color:hsl(84,42%,42%)"><small>&amp;</small><span class="username" data-name="atomicllamas ☾">atomicllamas ☾</span>:</strong> <em>good flygon aren't v bulky</em></div><div class="chat chatmessage-ryomanagare"><strong style="color:hsl(26,66%,42.544905552483%)"><small> </small><span class="username" data-name="Ryoma Nagare">Ryoma Nagare</span>:</strong> <em>of the typing</em></div><div class="chat chatmessage-lighthouses"><strong style="color:hsl(320,49%,50.56078876181623%)"><small> </small><span class="username" data-name="lighthouses">lighthouses</span>:</strong> <em>it just</em></div><div class="chat"><small>yogibears joined.</small></div><div class="chat chatmessage-lighthouses"><strong style="color:hsl(320,49%,50.56078876181623%)"><small> </small><span class="username" data-name="lighthouses">lighthouses</span>:</strong> <em>isnt</em></div><div class="chat chatmessage-lighthouses"><strong style="color:hsl(320,49%,50.56078876181623%)"><small> </small><span class="username" data-name="lighthouses">lighthouses</span>:</strong> <em>sadly</em></div><div class="spacer battle-history"><br></div><div class="battle-history">Flygon used <strong>U-turn</strong>!<br></div><div class="battle-history"><small>It's not very effective...</small><br></div><div class="battle-history"><small>(The opposing Golbat lost <abbr title="−14/353">4.0%</abbr> of its health!)</small><br></div><div class="chat"><small>yogibears left.</small></div><div class="chat"><small>galbia left.</small></div><div class="chat chatmessage-lighthouses"><strong style="color:hsl(320,49%,50.56078876181623%)"><small> </small><span class="username" data-name="lighthouses">lighthouses</span>:</strong> <em>hey spdef gon is</em></div><div class="chat chatmessage-lighthouses"><strong style="color:hsl(320,49%,50.56078876181623%)"><small> </small><span class="username" data-name="lighthouses">lighthouses</span>:</strong> <em>decent</em></div><div class="chat chatmessage-solidsweeps"><strong style="color:hsl(194,61%,43.333333333333336%)"><small> </small><span class="username" data-name="SolidSweeps">SolidSweeps</span>:</strong> <em>flygon can do whatever</em></div><div class="spacer battle-history"><br></div><div class="battle-history">Flygon went back to Feliburn!<br></div><div class="battle-history">Go! <strong>Emboar</strong>!<br></div><div class="spacer battle-history"><br></div><div class="battle-history">The opposing Golbat used <strong>Roost</strong>!<br></div><div class="battle-history"><small>The opposing Golbat restored its HP.</small><br></div><div class="spacer battle-history"><br></div><h2 class="battle-history">Turn 42</h2><div class="chat chatmessage-solidsweeps"><strong style="color:hsl(194,61%,43.333333333333336%)"><small> </small><span class="username" data-name="SolidSweeps">SolidSweeps</span>:</strong> <em>just build the team around it</em></div><div class="chat chatmessage-slurmz"><strong style="color:hsl(28,40%,43.095599481124275%)"><small> </small><span class="username" data-name="slurmz">slurmz</span>:</strong> <em>kevin 252 hp 24 def 168+ spd 108 spe</em></div><div class="chat chatmessage-solidsweeps"><strong style="color:hsl(194,61%,43.333333333333336%)"><small> </small><span class="username" data-name="SolidSweeps">SolidSweeps</span>:</strong> <em>or the other way around</em></div><div class="chat"><small>yogibears joined.</small></div><div class="chat chatmessage-ryomanagare"><strong style="color:hsl(26,66%,42.544905552483%)"><small> </small><span class="username" data-name="Ryoma Nagare">Ryoma Nagare</span>:</strong> <em>slurmz does that</em></div><div class="chat chatmessage-slurmz"><strong style="color:hsl(28,40%,43.095599481124275%)"><small> </small><span class="username" data-name="slurmz">slurmz</span>:</strong> <em>252 20 def 20 spd 216+ spe</em></div><div class="chat chatmessage-ryomanagare"><strong style="color:hsl(26,66%,42.544905552483%)"><small> </small><span class="username" data-name="Ryoma Nagare">Ryoma Nagare</span>:</strong> <em>outspeed venu</em></div><div class="chat chatmessage-slurmz"><strong style="color:hsl(28,40%,43.095599481124275%)"><small> </small><span class="username" data-name="slurmz">slurmz</span>:</strong> <em>are the best spreads</em></div><div class="chat chatmessage-ryomanagare"><strong style="color:hsl(26,66%,42.544905552483%)"><small> </small><span class="username" data-name="Ryoma Nagare">Ryoma Nagare</span>:</strong> <em>because if not</em></div><div class="chat chatmessage-lighthouses"><strong style="color:hsl(320,49%,50.56078876181623%)"><small> </small><span class="username" data-name="lighthouses">lighthouses</span>:</strong> <em>no</em></div><div class="chat chatmessage-ryomanagare"><strong style="color:hsl(26,66%,42.544905552483%)"><small> </small><span class="username" data-name="Ryoma Nagare">Ryoma Nagare</span>:</strong> <em>yeah it's bad</em></div><div class="chat chatmessage-atomicllamas"><strong style="color:hsl(84,42%,42%)"><small>&amp;</small><span class="username" data-name="atomicllamas ☾">atomicllamas ☾</span>:</strong> <em>giving up its good speed tier is sad</em></div><div class="chat chatmessage-ttftw"><strong style="color:hsl(65,65%,35.9100307616%)"><small> </small><span class="username" data-name="TTFTW">TTFTW</span>:</strong> <em>slurmz</em></div><div class="chat chatmessage-lighthouses"><strong style="color:hsl(320,49%,50.56078876181623%)"><small> </small><span class="username" data-name="lighthouses">lighthouses</span>:</strong> <em>that second spread</em></div><div class="chat chatmessage-lighthouses"><strong style="color:hsl(320,49%,50.56078876181623%)"><small> </small><span class="username" data-name="lighthouses">lighthouses</span>:</strong> <em>is mega</em></div><div class="chat chatmessage-ttftw"><strong style="color:hsl(65,65%,35.9100307616%)"><small> </small><span class="username" data-name="TTFTW">TTFTW</span>:</strong> <em>use 252 252</em></div><div class="chat chatmessage-lighthouses"><strong style="color:hsl(320,49%,50.56078876181623%)"><small> </small><span class="username" data-name="lighthouses">lighthouses</span>:</strong> <em>pointless</em></div><div class="chat chatmessage-ttftw"><strong style="color:hsl(65,65%,35.9100307616%)"><small> </small><span class="username" data-name="TTFTW">TTFTW</span>:</strong> <em>pretentious scrub</em></div><div class="chat chatmessage-slurmz"><strong style="color:hsl(28,40%,43.095599481124275%)"><small> </small><span class="username" data-name="slurmz">slurmz</span>:</strong> <em>no it isnt</em></div><div class="chat chatmessage-slurmz"><strong style="color:hsl(28,40%,43.095599481124275%)"><small> </small><span class="username" data-name="slurmz">slurmz</span>:</strong> <em>outspeeding</em></div><div class="chat chatmessage-slurmz"><strong style="color:hsl(28,40%,43.095599481124275%)"><small> </small><span class="username" data-name="slurmz">slurmz</span>:</strong> <em>doom and</em></div><div class="chat chatmessage-slurmz"><strong style="color:hsl(28,40%,43.095599481124275%)"><small> </small><span class="username" data-name="slurmz">slurmz</span>:</strong> <em>drapion</em></div><div class="chat chatmessage-ryomanagare"><strong style="color:hsl(26,66%,42.544905552483%)"><small> </small><span class="username" data-name="Ryoma Nagare">Ryoma Nagare</span>:</strong> <em>it's as useful</em></div><div class="chat chatmessage-ryomanagare"><strong style="color:hsl(26,66%,42.544905552483%)"><small> </small><span class="username" data-name="Ryoma Nagare">Ryoma Nagare</span>:</strong> <em>as slurmz</em></div><div class="chat chatmessage-slurmz"><strong style="color:hsl(28,40%,43.095599481124275%)"><small> </small><span class="username" data-name="slurmz">slurmz</span>:</strong> <em>is nice af.</em></div><div class="spacer battle-history"><br></div><div class="battle-history">Emboar used <strong>Flare Blitz</strong>!<br></div><div class="battle-history"><small>(The opposing Golbat lost <abbr title="−208/353">58.9%</abbr> of its health!)</small><br></div><div class="battle-history"><small>Emboar is damaged by the recoil!</small><br></div><div class="spacer battle-history"><br></div><div class="battle-history">The opposing Golbat used <strong>Roost</strong>!<br></div><div class="battle-history"><small>The opposing Golbat restored its HP.</small><br></div><div class="spacer battle-history"><br></div><h2 class="battle-history">Turn 43</h2><div class="chat chatmessage-kushalos"><strong style="color:hsl(241,86%,63.275220778172695%)"><small>★</small><span class="username" data-name="Kushalos">Kushalos</span>:</strong> <em>now he spowers</em></div><div class="chat chatmessage-ryomanagare"><strong style="color:hsl(26,66%,42.544905552483%)"><small> </small><span class="username" data-name="Ryoma Nagare">Ryoma Nagare</span>:</strong> <em>so it isn't</em></div><div class="chat chatmessage-atomicllamas"><strong style="color:hsl(84,42%,42%)"><small>&amp;</small><span class="username" data-name="atomicllamas ☾">atomicllamas ☾</span>:</strong> <em>I use 85 in each stat</em></div><div class="chat chatmessage-atomicllamas"><strong style="color:hsl(84,42%,42%)"><small>&amp;</small><span class="username" data-name="atomicllamas ☾">atomicllamas ☾</span>:</strong> <em>:)</em></div><div class="spacer battle-history"><br></div><div class="battle-history">Emboar, come back!<br></div><div class="battle-history">Go! <strong>Flygon</strong>!<br></div><div class="spacer battle-history"><br></div><div class="battle-history">Kushalos withdrew Golbat!<br></div><div class="battle-history">Kushalos sent out <strong>Houndoom</strong>!<br></div><div class="spacer battle-history"><br></div><div class="battle-history"><small>Flygon restored a little HP using its Leftovers!</small><br></div><div class="battle-history"><small>Flygon was hurt by poison!</small><br></div><div class="spacer battle-history"><br></div><h2 class="battle-history">Turn 44</h2><div class="chat chatmessage-ryomanagare"><strong style="color:hsl(26,66%,42.544905552483%)"><small> </small><span class="username" data-name="Ryoma Nagare">Ryoma Nagare</span>:</strong> <em>you just hack</em></div><div class="chat chatmessage-ryomanagare"><strong style="color:hsl(26,66%,42.544905552483%)"><small> </small><span class="username" data-name="Ryoma Nagare">Ryoma Nagare</span>:</strong> <em>and put 252 everything</em></div><div class="chat chatmessage-lighthouses"><strong style="color:hsl(320,49%,50.56078876181623%)"><small> </small><span class="username" data-name="lighthouses">lighthouses</span>:</strong> <em>Ryoma Nagare can u stop hating</em></div><div class="spacer battle-history"><br></div><div class="battle-history">Kushalos withdrew Houndoom!<br></div><div class="battle-history">Kushalos sent out <strong>Golbat</strong>!<br></div><div class="spacer battle-history"><br></div><div class="battle-history">Flygon used <strong>U-turn</strong>!<br></div><div class="battle-history"><small>It's not very effective...</small><br></div><div class="battle-history"><small>(The opposing Golbat lost <abbr title="−15/353">4.2%</abbr> of its health!)</small><br></div><div class="chat"><small>yogibears left.</small></div><div class="chat chatmessage-lighthouses"><strong style="color:hsl(320,49%,50.56078876181623%)"><small> </small><span class="username" data-name="lighthouses">lighthouses</span>:</strong> <em>on my good friend</em></div><div class="chat chatmessage-lighthouses"><strong style="color:hsl(320,49%,50.56078876181623%)"><small> </small><span class="username" data-name="lighthouses">lighthouses</span>:</strong> <em>slurmz....</em></div><div class="chat"><small>Meloriver ヽ left.</small></div><div class="chat chatmessage-slurmz"><strong style="color:hsl(28,40%,43.095599481124275%)"><small> </small><span class="username" data-name="slurmz">slurmz</span>:</strong> <em>:D</em></div><div class="spacer battle-history"><br></div><div class="battle-history">Flygon went back to Feliburn!<br></div><div class="battle-history">Go! <strong>Emboar</strong>!<br></div><div class="spacer battle-history"><br></div><h2 class="battle-history">Turn 45</h2><div class="chat chatmessage-slurmz"><strong style="color:hsl(28,40%,43.095599481124275%)"><small> </small><span class="username" data-name="slurmz">slurmz</span>:</strong> <em>diogo &lt;3</em></div><div class="chat chatmessage-lighthouses"><strong style="color:hsl(320,49%,50.56078876181623%)"><small> </small><span class="username" data-name="lighthouses">lighthouses</span>:</strong> <em>who steals ppls teams posts them on forums</em></div><div class="spacer battle-history"><br></div><div class="battle-history">Kushalos withdrew Golbat!<br></div><div class="battle-history">Kushalos sent out <strong>Audino</strong>!<br></div><div class="spacer battle-history"><br></div><div class="battle-history">Emboar used <strong>Flare Blitz</strong>!<br></div><div class="battle-history"><small>(The opposing Audino lost <abbr title="−222/410">54.1%</abbr> of its health!)</small><br></div><div class="battle-history"><small>Emboar is damaged by the recoil!</small><br></div><div class="spacer battle-history"><br></div><h2 class="battle-history">Turn 46</h2><div class="chat chatmessage-lighthouses"><strong style="color:hsl(320,49%,50.56078876181623%)"><small> </small><span class="username" data-name="lighthouses">lighthouses</span>:</strong> <em>and doesnt even bother w changing nicknames</em></div><div class="chat"><small>kasdbfkas left.</small></div><div class="spacer battle-history"><br></div><div class="battle-history">Kushalos withdrew Audino!<br></div><div class="battle-history">Kushalos sent out <strong>Houndoom</strong>!<br></div><div class="spacer battle-history"><br></div><div class="battle-history">Emboar used <strong>Flare Blitz</strong>!<br></div><div class="battle-history"><small>[The opposing Houndoom's Flash Fire]</small><br><small>The power of the opposing Houndoom's Fire-type moves rose!</small><br></div><div class="spacer battle-history"><br></div><h2 class="battle-history">Turn 47</h2><div class="chat chatmessage-slurmz"><strong style="color:hsl(28,40%,43.095599481124275%)"><small> </small><span class="username" data-name="slurmz">slurmz</span>:</strong> <em>i dont steal</em></div><div class="chat chatmessage-feliburn"><strong style="color:hsl(59,89%,31.085366448508736%)"><small>★</small><span class="username" data-name="Feliburn">Feliburn</span>:</strong> <em>o</em></div><div class="chat chatmessage-slurmz"><strong style="color:hsl(28,40%,43.095599481124275%)"><small> </small><span class="username" data-name="slurmz">slurmz</span>:</strong> <em>teams</em></div><div class="chat"><small>TTFTW left.</small></div><div class="chat chatmessage-solidsweeps"><strong style="color:hsl(194,61%,43.333333333333336%)"><small> </small><span class="username" data-name="SolidSweeps">SolidSweeps</span>:</strong> <em>sounds like a slurmzy thing to do</em></div><div class="chat chatmessage-feliburn"><strong style="color:hsl(59,89%,31.085366448508736%)"><small>★</small><span class="username" data-name="Feliburn">Feliburn</span>:</strong> <em>I tried canceling</em></div><div class="chat"><small>InertFury joined.</small></div><div class="spacer battle-history"><br></div><div class="battle-history">The opposing Houndoom used <strong>Fire Blast</strong>!<br></div><div class="battle-history"><small>It's not very effective...</small><br></div><div class="battle-history"><small>(Emboar lost <abbr title="−40/361">11.1%</abbr> of its health!)</small><br></div><div class="spacer battle-history"><br></div><div class="battle-history">Emboar fainted!<br></div><div class="chat chatmessage-lighthouses"><strong style="color:hsl(320,49%,50.56078876181623%)"><small> </small><span class="username" data-name="lighthouses">lighthouses</span>:</strong> <em>ps didnt want u to cancel</em></div><div class="chat"><small>yogibears joined.</small></div><div class="chat chatmessage-solidsweeps"><strong style="color:hsl(194,61%,43.333333333333336%)"><small> </small><span class="username" data-name="SolidSweeps">SolidSweeps</span>:</strong> <em>insane lag today</em></div><div class="chat chatmessage-lighthouses"><strong style="color:hsl(320,49%,50.56078876181623%)"><small> </small><span class="username" data-name="lighthouses">lighthouses</span>:</strong> <em>its a sign</em></div><div class="chat chatmessage-lighthouses"><strong style="color:hsl(320,49%,50.56078876181623%)"><small> </small><span class="username" data-name="lighthouses">lighthouses</span>:</strong> <em>ur gonna dodge</em></div><div class="chat chatmessage-bouff"><strong style="color:hsl(351,64%,44%)"><small>+</small><span class="username" data-name="Bouff">Bouff</span>:</strong> <em>yall niggas tryna miss</em></div><div class="chat chatmessage-solidsweeps"><strong style="color:hsl(194,61%,43.333333333333336%)"><small> </small><span class="username" data-name="SolidSweeps">SolidSweeps</span>:</strong> <em>cancen aint gonna work</em></div><div class="chat chatmessage-solidsweeps"><strong style="color:hsl(194,61%,43.333333333333336%)"><small> </small><span class="username" data-name="SolidSweeps">SolidSweeps</span>:</strong> <em>cancel</em></div><div class="chat chatmessage-bouff"><strong style="color:hsl(351,64%,44%)"><small>+</small><span class="username" data-name="Bouff">Bouff</span>:</strong> <em>im tight</em></div><div class="chat"><small>yogibears left.</small></div><div class="chat chatmessage-bouff"><strong style="color:hsl(351,64%,44%)"><small>+</small><span class="username" data-name="Bouff">Bouff</span>:</strong> <em>yea ps is</em></div><div class="chat chatmessage-bouff"><strong style="color:hsl(351,64%,44%)"><small>+</small><span class="username" data-name="Bouff">Bouff</span>:</strong> <em>really</em></div><div class="chat chatmessage-bouff"><strong style="color:hsl(351,64%,44%)"><small>+</small><span class="username" data-name="Bouff">Bouff</span>:</strong> <em>shit</em></div><div class="spacer battle-history"><br></div><div class="battle-history">Go! <strong>Virizion</strong>!<br></div><div class="spacer battle-history"><br></div><h2 class="battle-history">Turn 48</h2><div class="chat chatmessage-bouff"><strong style="color:hsl(351,64%,44%)"><small>+</small><span class="username" data-name="Bouff">Bouff</span>:</strong> <em>today</em></div><div class="chat chatmessage-solidsweeps"><strong style="color:hsl(194,61%,43.333333333333336%)"><small> </small><span class="username" data-name="SolidSweeps">SolidSweeps</span>:</strong> <em>ikr</em></div><div class="chat chatmessage-slurmz"><strong style="color:hsl(28,40%,43.095599481124275%)"><small> </small><span class="username" data-name="slurmz">slurmz</span>:</strong> <em>its scarf</em></div><div class="chat chatmessage-lighthouses"><strong style="color:hsl(320,49%,50.56078876181623%)"><small> </small><span class="username" data-name="lighthouses">lighthouses</span>:</strong> <em>yea main server is</em></div><div class="chat chatmessage-lighthouses"><strong style="color:hsl(320,49%,50.56078876181623%)"><small> </small><span class="username" data-name="lighthouses">lighthouses</span>:</strong> <em>super laggy</em></div><div class="chat chatmessage-slurmz"><strong style="color:hsl(28,40%,43.095599481124275%)"><small> </small><span class="username" data-name="slurmz">slurmz</span>:</strong> <em>u idiot</em></div><div class="chat chatmessage-atomicllamas"><strong style="color:hsl(84,42%,42%)"><small>&amp;</small><span class="username" data-name="atomicllamas ☾">atomicllamas ☾</span>:</strong> <em>I am lagging a lot</em></div><div class="chat chatmessage-kushalos"><strong style="color:hsl(241,86%,63.275220778172695%)"><small>★</small><span class="username" data-name="Kushalos">Kushalos</span>:</strong> <em>gg</em></div><div class="chat chatmessage-lighthouses"><strong style="color:hsl(320,49%,50.56078876181623%)"><small> </small><span class="username" data-name="lighthouses">lighthouses</span>:</strong> <em>today</em></div><div class="chat chatmessage-feliburn"><strong style="color:hsl(59,89%,31.085366448508736%)"><small>★</small><span class="username" data-name="Feliburn">Feliburn</span>:</strong> <em>gg</em></div><div class="spacer battle-history"><br></div><div class="battle-history">The opposing Houndoom used <strong>Fire Blast</strong>!<br></div><div class="battle-history"><small>It's super effective!</small><br></div><div class="battle-history"><small>(Virizion lost <abbr title="−323/323">100%</abbr> of its health!)</small><br></div><div class="spacer battle-history"><br></div><div class="battle-history">Virizion fainted!<br></div><div class="chat chatmessage-solidsweeps"><strong style="color:hsl(194,61%,43.333333333333336%)"><small> </small><span class="username" data-name="SolidSweeps">SolidSweeps</span>:</strong> <em>at first i thought it was just me</em></div><div class="chat chatmessage-kushalos"><strong style="color:hsl(241,86%,63.275220778172695%)"><small>★</small><span class="username" data-name="Kushalos">Kushalos</span>:</strong> <em>preach the bat</em></div><div class="spacer battle-history"><br></div><div class="battle-history">Go! <strong>Flygon</strong>!<br></div><div class="spacer battle-history"><br></div><h2 class="battle-history">Turn 49</h2><div class="chat chatmessage-bouff"><strong style="color:hsl(351,64%,44%)"><small>+</small><span class="username" data-name="Bouff">Bouff</span>:</strong> <em>nooo</em></div><div class="chat chatmessage-lighthouses"><strong style="color:hsl(320,49%,50.56078876181623%)"><small> </small><span class="username" data-name="lighthouses">lighthouses</span>:</strong> <em>who offensive ggs and then hits</em></div><div class="chat"><small>EviGaro left.</small></div><div class="spacer battle-history"><br></div><div class="battle-history">Kushalos withdrew Houndoom!<br></div><div class="battle-history">Kushalos sent out <strong>Golbat</strong>!<br></div><div class="spacer battle-history"><br></div><div class="battle-history">Flygon used <strong>Earthquake</strong>!<br></div><div class="battle-history"><small>It doesn't affect the opposing Golbat...</small><br></div><div class="spacer battle-history"><br></div><div class="battle-history"><small>Flygon restored a little HP using its Leftovers!</small><br></div><div class="battle-history"><small>Flygon was hurt by poison!</small><br></div><div class="spacer battle-history"><br></div><h2 class="battle-history">Turn 50</h2><div class="chat chatmessage-solidsweeps"><strong style="color:hsl(194,61%,43.333333333333336%)"><small> </small><span class="username" data-name="SolidSweeps">SolidSweeps</span>:</strong> <em>but everyone is lagging like a motherfucker</em></div><div class="chat chatmessage-lighthouses"><strong style="color:hsl(320,49%,50.56078876181623%)"><small> </small><span class="username" data-name="lighthouses">lighthouses</span>:</strong> <em>and ppl still say god exists</em></div><div class="chat chatmessage-lighthouses"><strong style="color:hsl(320,49%,50.56078876181623%)"><small> </small><span class="username" data-name="lighthouses">lighthouses</span>:</strong> <em>lol.</em></div><div class="spacer battle-history"><br></div><div class="battle-history"><small>Feliburn forfeited.</small><br></div><div class="spacer battle-history"><br></div><div class="battle-history"><strong>Kushalos</strong> won the battle!<br></div><div class="chat chatmessage-atomicllamas"><strong style="color:hsl(84,42%,42%)"><small>&amp;</small><span class="username" data-name="atomicllamas ☾">atomicllamas ☾</span>:</strong> <em>agree</em></div><div class="chat chatmessage-lighthouses"><strong style="color:hsl(320,49%,50.56078876181623%)"><small> </small><span class="username" data-name="lighthouses">lighthouses</span>:</strong> <em>why would u switch....</em></div><div class="chat"><small>Feliburn left.</small></div><div class="chat chatmessage-lighthouses"><strong style="color:hsl(320,49%,50.56078876181623%)"><small> </small><span class="username" data-name="lighthouses">lighthouses</span>:</strong> <em>what an asshole</em></div><div class="chat"><small>lighthouses left.</small></div><div class="chat chatmessage-atomicllamas"><strong style="color:hsl(84,42%,42%)"><small>&amp;</small><span class="username" data-name="atomicllamas ☾">atomicllamas ☾</span>:</strong> <em>agree</em></div><div class="chat"><small>ChillShadow left.</small></div><div class="chat"><small>SolidSweeps left.</small></div><div class="chat"><small>mylo xyloto left.</small></div><div class="chat"><small>atomicllamas ☾ left.</small></div><div class="chat chatmessage-bouff"><strong style="color:hsl(351,64%,44%)"><small>+</small><span class="username" data-name="Bouff">Bouff</span>:</strong> <em>sup llamas</em></div><div class="chat"><small>Bughouse left.</small></div><div class="chat"><small>eifo left.</small></div><div class="chat chatmessage-bouff"><strong style="color:hsl(351,64%,44%)"><small>+</small><span class="username" data-name="Bouff">Bouff</span>:</strong> <em>dammmit</em></div><div class="chat"><small>mylo xyloto joined.</small></div><div class="chat"><small>Bouff left.</small></div><div class="chat"><small>hairy toenail left.</small></div><div class="chat"><small>InertFury left.</small></div><div class="chat"><small>mylo xyloto left.</small></div><div class="chat"><small>hogg left.</small></div><div class="chat"><small>tapu mongo left.</small></div><div class="chat"><small>Im not afk lol left.</small></div><div class="chat"><small>slurmz left.</small></div><div class="chat"><small>GrilledClawitzer left.</small></div><div class="chat"><small>DrReuniclus3⚾ left.</small></div><div class="chat"><small>Magatsu Izanagi left.</small></div><div class="chat"><small>Ping_Pong_Along left.</small></div><div class="chat"><small>DrReuniclus3⚾ joined.</small></div><div class="chat"><small>EviGaro joined.</small></div></div><div class="inner-preempt"></div></div></div>
</div>
<script>
let daily = Math.floor(Date.now()/1000/60/60/24);document.write('<script src="https://play.pokemonshowdown.com/js/replay-embed.js?version'+daily+'"></'+'script>');
</script>
