<!DOCTYPE html>
<meta charset="utf-8" />
<!-- version 1 -->
<title>RU replay: Espeon kawaii vs. Rey Joya ★_★</title>
<style>
html,body {font-family:Verdana, sans-serif;font-size:10pt;margin:0;padding:0;}body{padding:12px 0;} .battle-log {font-family:Verdana, sans-serif;font-size:10pt;} .battle-log-inline {border:1px solid #AAAAAA;background:#EEF2F5;color:black;max-width:640px;margin:0 auto 80px;padding-bottom:5px;} .battle-log .inner {padding:4px 8px 0px 8px;} .battle-log .inner-preempt {padding:0 8px 4px 8px;} .battle-log .inner-after {margin-top:0.5em;} .battle-log h2 {margin:0.5em -8px;padding:4px 8px;border:1px solid #AAAAAA;background:#E0E7EA;border-left:0;border-right:0;font-family:Verdana, sans-serif;font-size:13pt;} .battle-log .chat {vertical-align:middle;padding:3px 0 3px 0;font-size:8pt;} .battle-log .chat strong {color:#40576A;} .battle-log .chat em {padding:1px 4px 1px 3px;color:#000000;font-style:normal;} .chat.mine {background:rgba(0,0,0,0.05);margin-left:-8px;margin-right:-8px;padding-left:8px;padding-right:8px;} .spoiler {color:#BBBBBB;background:#BBBBBB;padding:0px 3px;} .spoiler:hover, .spoiler:active, .spoiler-shown {color:#000000;background:#E2E2E2;padding:0px 3px;} .spoiler a {color:#BBBBBB;} .spoiler:hover a, .spoiler:active a, .spoiler-shown a {color:#2288CC;} .chat code, .chat .spoiler:hover code, .chat .spoiler:active code, .chat .spoiler-shown code {border:1px solid #C0C0C0;background:#EEEEEE;color:black;padding:0 2px;} .chat .spoiler code {border:1px solid #CCCCCC;background:#CCCCCC;color:#CCCCCC;} .battle-log .rated {padding:3px 4px;} .battle-log .rated strong {color:white;background:#89A;padding:1px 4px;border-radius:4px;} .spacer {margin-top:0.5em;} .message-announce {background:#6688AA;color:white;padding:1px 4px 2px;} .message-announce a, .broadcast-green a, .broadcast-blue a, .broadcast-red a {color:#DDEEFF;} .broadcast-green {background-color:#559955;color:white;padding:2px 4px;} .broadcast-blue {background-color:#6688AA;color:white;padding:2px 4px;} .infobox {border:1px solid #6688AA;padding:2px 4px;} .infobox-limited {max-height:200px;overflow:auto;overflow-x:hidden;} .broadcast-red {background-color:#AA5544;color:white;padding:2px 4px;} .message-learn-canlearn {font-weight:bold;color:#228822;text-decoration:underline;} .message-learn-cannotlearn {font-weight:bold;color:#CC2222;text-decoration:underline;} .message-effect-weak {font-weight:bold;color:#CC2222;} .message-effect-resist {font-weight:bold;color:#6688AA;} .message-effect-immune {font-weight:bold;color:#666666;} .message-learn-list {margin-top:0;margin-bottom:0;} .message-throttle-notice, .message-error {color:#992222;} .message-overflow, .chat small.message-overflow {font-size:0pt;} .message-overflow::before {font-size:9pt;content:'...';} .subtle {color:#3A4A66;}
</style>
<div class="wrapper replay-wrapper" style="max-width:1180px;margin:0 auto">
<input type="hidden" name="replayid" value="destiny-ru-150983" />
<div class="battle"></div><div class="battle-log"></div><div class="replay-controls"></div><div class="replay-controls-2"></div>
<h1 style="font-weight:normal;text-align:center"><strong>RU</strong><br /><a href="http://pokemonshowdown.com/users/espeonkawaii" class="subtle" target="_blank">Espeon kawaii</a> vs. <a href="http://pokemonshowdown.com/users/reyjoya" class="subtle" target="_blank">Rey Joya ★_★</a></h1>
<script type="text/plain" class="battle-log-data">|j|Espeon kawaii
|j|Rey Joya ★_★
|player|p1|Espeon kawaii|101
|player|p2|Rey Joya ★_★|reyjoya_waifu.gif?4d240da2
|gametype|singles
|gen|7
|tier|RU
|seed|33596,55594,10616,52539
|rule|Cláusula-Mod de Dormir: solo puedes dormir a uno de tus oponentes a la vez.
|rule|Cláusula de Especie: Hasta un Pokémon de cada especie
|rule|Cláusula de Golpe Fulminante: los movimientos fulminantes (OHKO) estan prohibidos
|rule|Cláusula de Moody: la habilidad Moody está prohibida
|rule|Cláusula de Movimientos Evasivos: los movimientos de evasion estan prohibidos
|rule|Cláusula de Batallas Eternas: forzar batallas eternas está prohibido
|clearpoke
|poke|p1|Ribombee, F|item
|poke|p1|Umbreon, M|item
|poke|p1|Cresselia, F|item
|poke|p1|Mantine, F|item
|poke|p1|Chesnaught, M|item
|poke|p1|Rotom-Heat|item
|poke|p2|Gligar, M|item
|poke|p2|Reuniclus, M|item
|poke|p2|Umbreon, M|item
|poke|p2|Quagsire, F|item
|poke|p2|Milotic, M|item
|poke|p2|Registeel|item
|teampreview
|choice|*|*team 623451
|choice|*team 623451|*
|choice|team 6, team 2, team 3, team 4, team 5, team 1|team 6, team 2, team 3, team 4, team 5, team 1
|
|start
|switch|p1a: Rotom|Rotom-Heat|303\/303
|switch|p2a: Registeel|Registeel|364\/364
|turn|1
|c|☆Rey Joya ★_★|\/log Rey Joya ★_★ activó el acceso restringido en sincronía con chat moderado.
|choice|*move 1|*
|choice|*|*move 4
|choice|move voltswitch|move protect
|
|move|p2a: Registeel|Protect|p2a: Registeel
|-singleturn|p2a: Registeel|Protect
|move|p1a: Rotom|Volt Switch|p2a: Registeel
|-activate|p2a: Registeel|move: Protect
|
|upkeep
|turn|2
|choice|*|*move 2
|choice|*switch 5|*
|choice|switch 5|move stealthrock
|
|switch|p1a: Chesnaught|Chesnaught, M|367\/367
|move|p2a: Registeel|Stealth Rock|p1a: Chesnaught
|-sidestart|p1: Espeon kawaii|move: Stealth Rock
|
|upkeep
|turn|3
|choice|*|*move 3
|choice|*move 1|*
|choice|move substitute|move toxic
|
|move|p1a: Chesnaught|Substitute|p1a: Chesnaught
|-start|p1a: Chesnaught|Substitute
|-damage|p1a: Chesnaught|276\/367
|move|p2a: Registeel|Toxic|p1a: Chesnaught
|-fail|p1a: Chesnaught
|
|upkeep
|turn|4
|choice|*|*move 1
|choice|*move 4|*
|choice|move bellydrum|move seismictoss
|
|move|p1a: Chesnaught|Belly Drum|p1a: Chesnaught
|-damage|p1a: Chesnaught|93\/367
|-setboost|p1a: Chesnaught|atk|6|[from] move: Belly Drum
|-enditem|p1a: Chesnaught|Sitrus Berry|[eat]
|-heal|p1a: Chesnaught|184\/367|[from] item: Sitrus Berry
|move|p2a: Registeel|Seismic Toss|p1a: Chesnaught
|-end|p1a: Chesnaught|Substitute
|
|upkeep
|turn|5
|choice|*|*switch 6
|choice|*|*undo
|choice|*|*switch 6
|choice|*move 2|*
|choice|move drainpunch|switch 6
|
|switch|p2a: Gligar|Gligar, M|334\/334
|move|p1a: Chesnaught|Drain Punch|p2a: Gligar
|-resisted|p2a: Gligar
|-damage|p2a: Gligar|216\/334
|-heal|p1a: Chesnaught|243\/367|[from] drain|[of] p2a: Gligar
|
|upkeep
|turn|6
|choice|*|*move 4
|choice|*move 3|*
|choice|move seedbomb|move acrobatics
|
|move|p2a: Gligar|Acrobatics|p1a: Chesnaught
|-supereffective|p1a: Chesnaught
|-damage|p1a: Chesnaught|71\/367
|move|p1a: Chesnaught|Seed Bomb|p2a: Gligar
|-damage|p2a: Gligar|0 fnt
|faint|p2a: Gligar
|
|upkeep
|choice|*|*switch 2
|choice||switch 2
|
|switch|p2a: nyan trash|Reuniclus, M|424\/424
|turn|7
|c|☆Rey Joya ★_★|lol que sad
|choice|*move 3|*
|choice|*|*move 1
|choice|move seedbomb|move psyshock
|
|move|p1a: Chesnaught|Seed Bomb|p2a: nyan trash
|-damage|p2a: nyan trash|0 fnt
|faint|p2a: nyan trash
|
|upkeep
|choice|*|*switch 5
|choice||switch 5
|
|switch|p2a: Milotic|Milotic, M|394\/394
|turn|8
|choice|*|*move 3
|choice|*|*undo
|choice|*|*move 4
|choice|*|*undo
|choice|*|*move 4
|choice|*|*undo
|choice|*switch 4|*
|choice|*|*move 3
|choice|switch 4|move toxic
|
|switch|p1a: Mantine|Mantine, F|374\/374
|-damage|p1a: Mantine|281\/374|[from] Stealth Rock
|move|p2a: Milotic|Toxic|p1a: Mantine
|-status|p1a: Mantine|tox
|
|-heal|p1a: Mantine|304\/374 tox|[from] item: Leftovers
|-damage|p1a: Mantine|281\/374 tox|[from] psn
|upkeep
|turn|9
|choice|*|*switch 6
|choice|*move 2|*
|choice|move defog|switch 6
|
|switch|p2a: Registeel|Registeel|364\/364
|move|p1a: Mantine|Defog|p2a: Registeel
|-fail|p2a: Registeel|unboost|[from] ability: Clear Body|[of] p2a: Registeel
|-sideend|p1: Espeon kawaii|Stealth Rock|[from] move: Defog|[of] p1a: Mantine
|
|-heal|p1a: Mantine|304\/374 tox|[from] item: Leftovers
|-damage|p1a: Mantine|258\/374 tox|[from] psn
|upkeep
|turn|10
|choice|*|*move 2
|choice|*switch 5|*
|choice|switch 5|move stealthrock
|
|switch|p1a: Rotom|Rotom-Heat|303\/303
|move|p2a: Registeel|Stealth Rock|p1a: Rotom
|-sidestart|p1: Espeon kawaii|move: Stealth Rock
|
|upkeep
|turn|11
|choice|*move 3|*
|choice|*|*move 4
|choice|move trick|move protect
|
|move|p2a: Registeel|Protect|p2a: Registeel
|-singleturn|p2a: Registeel|Protect
|move|p1a: Rotom|Trick|p2a: Registeel
|-activate|p2a: Registeel|move: Protect
|
|upkeep
|turn|12
|choice|*move 3|*
|choice|*|*move 3
|choice|move trick|move toxic
|
|move|p1a: Rotom|Trick|p2a: Registeel
|-activate|p1a: Rotom|move: Trick|[of] p2a: Registeel
|-item|p2a: Registeel|Choice Specs|[from] move: Trick
|-item|p1a: Rotom|Leftovers|[from] move: Trick
|move|p2a: Registeel|Toxic|p1a: Rotom
|-status|p1a: Rotom|tox
|
|-damage|p1a: Rotom|285\/303 tox|[from] psn
|upkeep
|turn|13
|choice|*|*switch 3
|choice|*move 2|*
|choice|move overheat|switch 3
|
|switch|p2a: Umbreon|Umbreon, M|394\/394
|move|p1a: Rotom|Overheat|p2a: Umbreon
|-damage|p2a: Umbreon|274\/394
|-unboost|p1a: Rotom|spa|2
|
|-heal|p1a: Rotom|303\/303 tox|[from] item: Leftovers
|-heal|p2a: Umbreon|298\/394|[from] item: Leftovers
|-damage|p1a: Rotom|267\/303 tox|[from] psn
|upkeep
|turn|14
|choice|*|*move 1
|choice|*move 1|*
|choice|move voltswitch|move wish
|
|move|p1a: Rotom|Volt Switch|p2a: Umbreon
|-damage|p2a: Umbreon|265\/394
|choice|*switch 2|*
|choice|switch 2|
|
|switch|p1a: Umbreon|Umbreon, M|393\/393
|-damage|p1a: Umbreon|344\/393|[from] Stealth Rock
|move|p2a: Umbreon|Wish|p2a: Umbreon
|
|-heal|p1a: Umbreon|368\/393|[from] item: Leftovers
|-heal|p2a: Umbreon|289\/394|[from] item: Leftovers
|upkeep
|turn|15
|choice|*|*switch 3
|choice|*|*undo
|choice|*move 1|*
|choice|*|*switch 3
|choice|move wish|switch 3
|
|switch|p2a: Registeel|Registeel|364\/364
|move|p1a: Umbreon|Wish|p1a: Umbreon
|
|-heal|p1a: Umbreon|392\/393|[from] item: Leftovers
|upkeep
|turn|16
|choice|*|*move 3
|choice|*move 3|*
|choice|move healbell|move toxic
|
|move|p1a: Umbreon|Heal Bell|p1a: Umbreon
|-activate|p1a: Umbreon|move: Heal Bell
|-curestatus|p1: Rotom|tox|[msg]
|-curestatus|p1: Mantine|tox|[msg]
|move|p2a: Registeel|Toxic|p1a: Umbreon
|-status|p1a: Umbreon|tox
|-activate|p1a: Umbreon|ability: Synchronize
|-immune|p2a: Registeel|[msg]
|
|-heal|p1a: Umbreon|393\/393 tox|[from] move: Wish|[wisher] Umbreon
|-damage|p1a: Umbreon|369\/393 tox|[from] psn
|upkeep
|turn|17
|choice|*|*move 3
|choice|*move 1|*
|choice|move wish|move toxic
|
|move|p1a: Umbreon|Wish|p1a: Umbreon
|move|p2a: Registeel|Toxic|p1a: Umbreon|[miss]
|-miss|p2a: Registeel|p1a: Umbreon
|
|-heal|p1a: Umbreon|393\/393 tox|[from] item: Leftovers
|-damage|p1a: Umbreon|345\/393 tox|[from] psn
|upkeep
|turn|18
|choice|*|*move 3
|choice|*switch 4|*
|choice|switch 4|move toxic
|
|switch|p1a: Chesnaught|Chesnaught, M|71\/367
|-damage|p1a: Chesnaught|49\/367|[from] Stealth Rock
|move|p2a: Registeel|Toxic|p1a: Chesnaught
|-status|p1a: Chesnaught|tox
|
|-heal|p1a: Chesnaught|245\/367 tox|[from] move: Wish|[wisher] Umbreon
|-damage|p1a: Chesnaught|223\/367 tox|[from] psn
|upkeep
|turn|19
|choice|*|*switch 6
|choice|*switch 4|*
|choice|switch 4|switch 6
|
|switch|p1a: Umbreon|Umbreon, M|345\/393 tox
|-damage|p1a: Umbreon|296\/393 tox|[from] Stealth Rock
|switch|p2a: Milotic|Milotic, M|394\/394
|
|-heal|p1a: Umbreon|320\/393 tox|[from] item: Leftovers
|-damage|p1a: Umbreon|296\/393 tox|[from] psn
|upkeep
|turn|20
|choice|*move 3|*
|choice|*|*switch 4
|choice|move healbell|switch 4
|
|switch|p2a: akauro koko|Quagsire, F|394\/394
|move|p1a: Umbreon|Heal Bell|p1a: Umbreon
|-activate|p1a: Umbreon|move: Heal Bell
|-curestatus|p1a: Umbreon|tox|[msg]
|-curestatus|p1: Chesnaught|tox|[msg]
|
|-heal|p1a: Umbreon|320\/393|[from] item: Leftovers
|upkeep
|turn|21
|choice|*|*move 4
|choice|*move 2|*
|choice|move toxic|move curse
|
|move|p1a: Umbreon|Toxic|p2a: akauro koko
|-status|p2a: akauro koko|tox
|move|p2a: akauro koko|Curse|p2a: akauro koko
|-unboost|p2a: akauro koko|spe|1
|-boost|p2a: akauro koko|atk|1
|-boost|p2a: akauro koko|def|1
|
|-heal|p1a: Umbreon|344\/393|[from] item: Leftovers
|-damage|p2a: akauro koko|370\/394 tox|[from] psn
|upkeep
|turn|22
|choice|*|*move 2
|choice|*|*undo
|choice|*|*switch 3
|choice|*switch 5|*
|choice|switch 5|switch 3
|
|switch|p1a: Mantine|Mantine, F|258\/374
|-damage|p1a: Mantine|165\/374|[from] Stealth Rock
|switch|p2a: Umbreon|Umbreon, M|289\/394
|
|-heal|p1a: Mantine|188\/374|[from] item: Leftovers
|-heal|p2a: Umbreon|313\/394|[from] item: Leftovers
|upkeep
|turn|23
|choice|*|*move 3
|choice|*move 2|*
|choice|move defog|move healbell
|
|move|p1a: Mantine|Defog|p2a: Umbreon
|-unboost|p2a: Umbreon|evasion|1
|-sideend|p1: Espeon kawaii|Stealth Rock|[from] move: Defog|[of] p1a: Mantine
|move|p2a: Umbreon|Heal Bell|p2a: Umbreon
|-activate|p2a: Umbreon|move: Heal Bell
|-curestatus|p2: akauro koko|tox|[msg]
|
|-heal|p1a: Mantine|211\/374|[from] item: Leftovers
|-heal|p2a: Umbreon|337\/394|[from] item: Leftovers
|upkeep
|turn|24
|choice|*|*switch 6
|choice|*|*undo
|choice|*|*switch 6
|choice|*move 4|*
|choice|move toxic|switch 6
|
|switch|p2a: Registeel|Registeel|364\/364
|move|p1a: Mantine|Toxic|p2a: Registeel
|-immune|p2a: Registeel|[msg]
|
|-heal|p1a: Mantine|234\/374|[from] item: Leftovers
|upkeep
|turn|25
|choice|*|*move 3
|choice|*switch 4|*
|choice|switch 4|move toxic
|
|switch|p1a: Chesnaught|Chesnaught, M|223\/367
|move|p2a: Registeel|Toxic|p1a: Chesnaught
|-status|p1a: Chesnaught|tox
|
|-damage|p1a: Chesnaught|201\/367 tox|[from] psn
|upkeep
|turn|26
|choice|*|*switch 4
|choice|*|*undo
|choice|*|*move 3
|choice|*switch 5|*
|choice|switch 5|move toxic
|
|switch|p1a: Umbreon|Umbreon, M|344\/393
|move|p2a: Registeel|Toxic|p1a: Umbreon
|-status|p1a: Umbreon|tox
|-activate|p1a: Umbreon|ability: Synchronize
|-immune|p2a: Registeel|[msg]
|
|-heal|p1a: Umbreon|368\/393 tox|[from] item: Leftovers
|-damage|p1a: Umbreon|344\/393 tox|[from] psn
|upkeep
|turn|27
|choice|*move 1|*
|choice|*|*switch 3
|choice|move wish|switch 3
|
|switch|p2a: akauro koko|Quagsire, F|370\/394
|move|p1a: Umbreon|Wish|p1a: Umbreon
|
|-heal|p1a: Umbreon|368\/393 tox|[from] item: Leftovers
|-heal|p2a: akauro koko|394\/394|[from] item: Leftovers
|-damage|p1a: Umbreon|320\/393 tox|[from] psn
|upkeep
|turn|28
|choice|*|*switch 4
|choice|*move 2|*
|choice|move toxic|switch 4
|
|switch|p2a: Milotic|Milotic, M|394\/394
|move|p1a: Umbreon|Toxic|p2a: Milotic
|-status|p2a: Milotic|tox
|
|-heal|p1a: Umbreon|393\/393 tox|[from] move: Wish|[wisher] Umbreon
|-damage|p2a: Milotic|370\/394 tox|[from] psn
|-damage|p1a: Umbreon|321\/393 tox|[from] psn
|upkeep
|turn|29
|choice|*|*move 1
|choice|*move 3|*
|choice|move healbell|move scald
|
|move|p2a: Milotic|Scald|p1a: Umbreon
|-damage|p1a: Umbreon|267\/393 tox
|move|p1a: Umbreon|Heal Bell|p1a: Umbreon
|-activate|p1a: Umbreon|move: Heal Bell
|-curestatus|p1a: Umbreon|tox|[msg]
|-curestatus|p1: Chesnaught|tox|[msg]
|
|-heal|p2a: Milotic|394\/394 tox|[from] item: Leftovers
|-heal|p1a: Umbreon|291\/393|[from] item: Leftovers
|-damage|p2a: Milotic|346\/394 tox|[from] psn
|upkeep
|turn|30
|choice|*|*switch 6
|choice|*move 1|*
|choice|move wish|switch 6
|
|switch|p2a: Umbreon|Umbreon, M|337\/394
|move|p1a: Umbreon|Wish|p1a: Umbreon
|
|-heal|p2a: Umbreon|361\/394|[from] item: Leftovers
|-heal|p1a: Umbreon|315\/393|[from] item: Leftovers
|upkeep
|turn|31
|choice|*|*move 3
|choice|*switch 5|*
|choice|switch 5|move healbell
|
|switch|p1a: Chesnaught|Chesnaught, M|201\/367
|move|p2a: Umbreon|Heal Bell|p2a: Umbreon
|-activate|p2a: Umbreon|move: Heal Bell
|-curestatus|p2: Milotic|tox|[msg]
|
|-heal|p1a: Chesnaught|367\/367|[from] move: Wish|[wisher] Umbreon
|-heal|p2a: Umbreon|385\/394|[from] item: Leftovers
|upkeep
|turn|32
|choice|*|*switch 6
|choice|*|*undo
|choice|*|*switch 6
|choice|*move 1|*
|choice|move substitute|switch 6
|
|switch|p2a: Milotic|Milotic, M|346\/394
|move|p1a: Chesnaught|Substitute|p1a: Chesnaught
|-start|p1a: Chesnaught|Substitute
|-damage|p1a: Chesnaught|276\/367
|
|-heal|p2a: Milotic|370\/394|[from] item: Leftovers
|upkeep
|turn|33
|choice|*|*move 1
|choice|*|*undo
|choice|*move 3|*
|choice|*|*move 2
|choice|move seedbomb|move recover
|
|move|p2a: Milotic|Recover|p2a: Milotic
|-heal|p2a: Milotic|394\/394
|move|p1a: Chesnaught|Seed Bomb|p2a: Milotic
|-supereffective|p2a: Milotic
|-damage|p2a: Milotic|106\/394
|
|-heal|p2a: Milotic|130\/394|[from] item: Leftovers
|upkeep
|turn|34
|choice|*|*move 2
|choice|*move 2|*
|choice|move drainpunch|move recover
|
|move|p2a: Milotic|Recover|p2a: Milotic
|-heal|p2a: Milotic|327\/394
|move|p1a: Chesnaught|Drain Punch|p2a: Milotic
|-damage|p2a: Milotic|194\/394
|-heal|p1a: Chesnaught|343\/367|[from] drain|[of] p2a: Milotic
|
|-heal|p2a: Milotic|218\/394|[from] item: Leftovers
|upkeep
|turn|35
|choice|*|*move 2
|choice|*move 4|*
|choice|move bellydrum|move recover
|
|move|p2a: Milotic|Recover|p2a: Milotic
|-heal|p2a: Milotic|394\/394
|move|p1a: Chesnaught|Belly Drum|p1a: Chesnaught
|-damage|p1a: Chesnaught|160\/367
|-setboost|p1a: Chesnaught|atk|6|[from] move: Belly Drum
|
|upkeep
|turn|36
|choice|*|*move 4
|choice|*move 2|*
|choice|move drainpunch|move haze
|
|move|p2a: Milotic|Haze|p2a: Milotic
|-clearallboost
|move|p1a: Chesnaught|Drain Punch|p2a: Milotic
|-damage|p2a: Milotic|267\/394
|-heal|p1a: Chesnaught|224\/367|[from] drain|[of] p2a: Milotic
|
|-heal|p2a: Milotic|291\/394|[from] item: Leftovers
|upkeep
|turn|37
|choice|*|*move 1
|choice|*move 3|*
|choice|move seedbomb|move scald
|
|move|p2a: Milotic|Scald|p1a: Chesnaught
|-resisted|p1a: Chesnaught
|-activate|p1a: Chesnaught|move: Substitute|[damage]
|move|p1a: Chesnaught|Seed Bomb|p2a: Milotic
|-supereffective|p2a: Milotic
|-damage|p2a: Milotic|19\/394
|
|-heal|p2a: Milotic|43\/394|[from] item: Leftovers
|upkeep
|turn|38
|choice|*|*move 2
|choice|*move 3|*
|choice|move seedbomb|move recover
|
|move|p2a: Milotic|Recover|p2a: Milotic
|-heal|p2a: Milotic|240\/394
|move|p1a: Chesnaught|Seed Bomb|p2a: Milotic
|-supereffective|p2a: Milotic
|-damage|p2a: Milotic|0 fnt
|faint|p2a: Milotic
|
|upkeep
|choice|*|*switch 3
|choice||switch 3
|
|switch|p2a: Registeel|Registeel|364\/364
|turn|39
|choice|*|*move 1
|choice|*move 2|*
|choice|move drainpunch|move seismictoss
|
|move|p1a: Chesnaught|Drain Punch|p2a: Registeel
|-supereffective|p2a: Registeel
|-damage|p2a: Registeel|190\/364
|-heal|p1a: Chesnaught|311\/367|[from] drain|[of] p2a: Registeel
|move|p2a: Registeel|Seismic Toss|p1a: Chesnaught
|-end|p1a: Chesnaught|Substitute
|
|upkeep
|turn|40
|choice|*|*move 1
|choice|*move 2|*
|choice|move drainpunch|move seismictoss
|
|move|p1a: Chesnaught|Drain Punch|p2a: Registeel
|-supereffective|p2a: Registeel
|-damage|p2a: Registeel|8\/364
|-heal|p1a: Chesnaught|367\/367|[from] drain|[of] p2a: Registeel
|move|p2a: Registeel|Seismic Toss|p1a: Chesnaught
|-damage|p1a: Chesnaught|267\/367
|
|upkeep
|turn|41
|choice|*|*move 1
|choice|*move 3|*
|choice|move seedbomb|move seismictoss
|
|move|p1a: Chesnaught|Seed Bomb|p2a: Registeel
|-resisted|p2a: Registeel
|-damage|p2a: Registeel|0 fnt
|faint|p2a: Registeel
|
|upkeep
|c|☆Rey Joya ★_★|gg lol
|-message|Rey Joya ★_★ se rindió.
|
|win|Espeon kawaii
|player|p1
|player|p2
|l|Espeon kawaii
|j|Espeon kawaii
|j|pekesito69
|j|Tia Consuelo
|l|Tia Consuelo
|l|Espeon kawaii
|l|pekesito69
|j|pekesito69</script>
</div>
<div class="battle-log battle-log-inline"><div class="inner"><div class="battle-options"></div><div class="inner"><div class="chat"><small>Espeon kawaii joined.</small></div><div class="chat"><small>Rey Joya ★_★ joined.</small></div><div class=""><small>Format:</small> <br><strong>RU</strong></div><div class=""><small><em>Cláusula-Mod de Dormir:</em> solo puedes dormir a uno de tus oponentes a la vez.</small></div><div class=""><small><em>Cláusula de Especie:</em> Hasta un Pokémon de cada especie</small></div><div class=""><small><em>Cláusula de Golpe Fulminante:</em> los movimientos fulminantes (OHKO) estan prohibidos</small></div><div class=""><small><em>Cláusula de Moody:</em> la habilidad Moody está prohibida</small></div><div class=""><small><em>Cláusula de Movimientos Evasivos:</em> los movimientos de evasion estan prohibidos</small></div><div class=""><small><em>Cláusula de Batallas Eternas:</em> forzar batallas eternas está prohibido</small></div><div class="chat battle-history"><strong>Espeon kawaii's team:</strong> <em style="color:#445566;display:block;">Ribombee / Umbreon / Cresselia / Mantine / Chesnaught / Rotom-Heat</em></div><div class="chat battle-history"><strong>Rey Joya ★_★'s team:</strong> <em style="color:#445566;display:block;">Gligar / Reuniclus / Umbreon / Quagsire / Milotic / Registeel</em></div><div class="spacer battle-history"><br></div><div class="battle-history">Battle started between Espeon kawaii and Rey Joya ★_★!<br></div><div class="spacer battle-history"><br></div><div class="battle-history">Go! Rotom (<strong>Rotom-Heat</strong>)!<br></div><div class="spacer battle-history"><br></div><div class="battle-history">Rey Joya ★_★ sent out <strong>Registeel</strong>!<br></div><div class="spacer battle-history"><br></div><h2 class="battle-history">Turn 1</h2><div class="chat chatmessage-reyjoya"><span class="message-log">Rey Joya ★_★ activó el acceso restringido en sincronía con chat moderado.</span></div><div class="spacer battle-history"><br></div><div class="battle-history">The opposing Registeel used <strong>Protect</strong>!<br></div><div class="battle-history"><small>The opposing Registeel protected itself!</small><br></div><div class="spacer battle-history"><br></div><div class="battle-history">Rotom used <strong>Volt Switch</strong>!<br></div><div class="battle-history"><small>The opposing Registeel protected itself!</small><br></div><div class="spacer battle-history"><br></div><h2 class="battle-history">Turn 2</h2><div class="spacer battle-history"><br></div><div class="battle-history">Rotom went back to Espeon kawaii!<br></div><div class="battle-history">Go! <strong>Chesnaught</strong>!<br></div><div class="spacer battle-history"><br></div><div class="battle-history">The opposing Registeel used <strong>Stealth Rock</strong>!<br></div><div class="battle-history"><small>Pointed stones float in the air around your team!</small><br></div><div class="spacer battle-history"><br></div><h2 class="battle-history">Turn 3</h2><div class="spacer battle-history"><br></div><div class="battle-history">Chesnaught used <strong>Substitute</strong>!<br></div><div class="battle-history"><small>Chesnaught put in a substitute!</small><br></div><div class="battle-history"><small>(Chesnaught lost <abbr title="−91/367">24.8%</abbr> of its health!)</small><br></div><div class="spacer battle-history"><br></div><div class="battle-history">The opposing Registeel used <strong>Toxic</strong>!<br></div><div class="battle-history"><small>But it failed!</small><br></div><div class="spacer battle-history"><br></div><h2 class="battle-history">Turn 4</h2><div class="spacer battle-history"><br></div><div class="battle-history">Chesnaught used <strong>Belly Drum</strong>!<br></div><div class="battle-history"><small>(Chesnaught lost <abbr title="−183/367">49.9%</abbr> of its health!)</small><br></div><div class="battle-history"><small>Chesnaught cut its own HP and maximized its Attack!</small><br></div><div class="battle-history"><small>Chesnaught ate its Sitrus Berry!</small><br></div><div class="battle-history"><small>Chesnaught restored HP using its Sitrus Berry!</small><br></div><div class="spacer battle-history"><br></div><div class="battle-history">The opposing Registeel used <strong>Seismic Toss</strong>!<br></div><div class="battle-history"><small>Chesnaught's substitute faded!</small><br></div><div class="spacer battle-history"><br></div><h2 class="battle-history">Turn 5</h2><div class="spacer battle-history"><br></div><div class="battle-history">Rey Joya ★_★ withdrew Registeel!<br></div><div class="battle-history">Rey Joya ★_★ sent out <strong>Gligar</strong>!<br></div><div class="spacer battle-history"><br></div><div class="battle-history">Chesnaught used <strong>Drain Punch</strong>!<br></div><div class="battle-history"><small>It's not very effective...</small><br></div><div class="battle-history"><small>(The opposing Gligar lost <abbr title="−118/334">35.3%</abbr> of its health!)</small><br></div><div class="battle-history"><small>The opposing Gligar had its energy drained!</small><br></div><div class="spacer battle-history"><br></div><h2 class="battle-history">Turn 6</h2><div class="spacer battle-history"><br></div><div class="battle-history">The opposing Gligar used <strong>Acrobatics</strong>!<br></div><div class="battle-history"><small>It's super effective!</small><br></div><div class="battle-history"><small>(Chesnaught lost <abbr title="−172/367">46.9%</abbr> of its health!)</small><br></div><div class="spacer battle-history"><br></div><div class="battle-history">Chesnaught used <strong>Seed Bomb</strong>!<br></div><div class="battle-history"><small>(The opposing Gligar lost <abbr title="−216/334">64.7%</abbr> of its health!)</small><br></div><div class="spacer battle-history"><br></div><div class="battle-history">The opposing Gligar fainted!<br></div><div class="spacer battle-history"><br></div><div class="battle-history">Rey Joya ★_★ sent out nyan trash (<strong>Reuniclus</strong>)!<br></div><div class="spacer battle-history"><br></div><h2 class="battle-history">Turn 7</h2><div class="chat chatmessage-reyjoya"><strong style="color:hsl(223,69%,54.28366794780939%)"><small>☆</small><span class="username" data-name="Rey Joya ★_★">Rey Joya ★_★</span>:</strong> <em>lol que sad</em></div><div class="spacer battle-history"><br></div><div class="battle-history">Chesnaught used <strong>Seed Bomb</strong>!<br></div><div class="battle-history"><small>(The opposing nyan trash lost <abbr title="−424/424">100%</abbr> of its health!)</small><br></div><div class="spacer battle-history"><br></div><div class="battle-history">The opposing nyan trash fainted!<br></div><div class="spacer battle-history"><br></div><div class="battle-history">Rey Joya ★_★ sent out <strong>Milotic</strong>!<br></div><div class="spacer battle-history"><br></div><h2 class="battle-history">Turn 8</h2><div class="spacer battle-history"><br></div><div class="battle-history">Chesnaught, come back!<br></div><div class="battle-history">Go! <strong>Mantine</strong>!<br></div><div class="battle-history"><small>Pointed stones dug into Mantine!</small><br></div><div class="spacer battle-history"><br></div><div class="battle-history">The opposing Milotic used <strong>Toxic</strong>!<br></div><div class="battle-history"><small>Mantine was badly poisoned!</small><br></div><div class="spacer battle-history"><br></div><div class="battle-history"><small>Mantine restored a little HP using its Leftovers!</small><br></div><div class="battle-history"><small>Mantine was hurt by poison!</small><br></div><div class="spacer battle-history"><br></div><h2 class="battle-history">Turn 9</h2><div class="spacer battle-history"><br></div><div class="battle-history">Rey Joya ★_★ withdrew Milotic!<br></div><div class="battle-history">Rey Joya ★_★ sent out <strong>Registeel</strong>!<br></div><div class="spacer battle-history"><br></div><div class="battle-history">Mantine used <strong>Defog</strong>!<br></div><div class="battle-history"><small>[The opposing Registeel's Clear Body]</small><br><small>The opposing Registeel's stats were not lowered!</small><br></div><div class="battle-history"><small>The pointed stones disappeared from around your team!</small><br></div><div class="spacer battle-history"><br></div><div class="battle-history"><small>Mantine restored a little HP using its Leftovers!</small><br></div><div class="battle-history"><small>Mantine was hurt by poison!</small><br></div><div class="spacer battle-history"><br></div><h2 class="battle-history">Turn 10</h2><div class="spacer battle-history"><br></div><div class="battle-history">Mantine, come back!<br></div><div class="battle-history">Go! Rotom (<strong>Rotom-Heat</strong>)!<br></div><div class="spacer battle-history"><br></div><div class="battle-history">The opposing Registeel used <strong>Stealth Rock</strong>!<br></div><div class="battle-history"><small>Pointed stones float in the air around your team!</small><br></div><div class="spacer battle-history"><br></div><h2 class="battle-history">Turn 11</h2><div class="spacer battle-history"><br></div><div class="battle-history">The opposing Registeel used <strong>Protect</strong>!<br></div><div class="battle-history"><small>The opposing Registeel protected itself!</small><br></div><div class="spacer battle-history"><br></div><div class="battle-history">Rotom used <strong>Trick</strong>!<br></div><div class="battle-history"><small>The opposing Registeel protected itself!</small><br></div><div class="spacer battle-history"><br></div><h2 class="battle-history">Turn 12</h2><div class="spacer battle-history"><br></div><div class="battle-history">Rotom used <strong>Trick</strong>!<br></div><div class="battle-history"><small>Rotom switched items with its target!</small><br></div><div class="battle-history"><small>The opposing Registeel obtained one Choice Specs.</small><br></div><div class="battle-history"><small>Rotom obtained one Leftovers.</small><br></div><div class="spacer battle-history"><br></div><div class="battle-history">The opposing Registeel used <strong>Toxic</strong>!<br></div><div class="battle-history"><small>Rotom was badly poisoned!</small><br></div><div class="spacer battle-history"><br></div><div class="battle-history"><small>Rotom was hurt by poison!</small><br></div><div class="spacer battle-history"><br></div><h2 class="battle-history">Turn 13</h2><div class="spacer battle-history"><br></div><div class="battle-history">Rey Joya ★_★ withdrew Registeel!<br></div><div class="battle-history">Rey Joya ★_★ sent out <strong>Umbreon</strong>!<br></div><div class="spacer battle-history"><br></div><div class="battle-history">Rotom used <strong>Overheat</strong>!<br></div><div class="battle-history"><small>(The opposing Umbreon lost <abbr title="−120/394">30.5%</abbr> of its health!)</small><br></div><div class="battle-history"><small>Rotom's Special Attack fell harshly!</small><br></div><div class="spacer battle-history"><br></div><div class="battle-history"><small>Rotom restored a little HP using its Leftovers!</small><br></div><div class="battle-history"><small>The opposing Umbreon restored a little HP using its Leftovers!</small><br></div><div class="battle-history"><small>Rotom was hurt by poison!</small><br></div><div class="spacer battle-history"><br></div><h2 class="battle-history">Turn 14</h2><div class="spacer battle-history"><br></div><div class="battle-history">Rotom used <strong>Volt Switch</strong>!<br></div><div class="battle-history"><small>(The opposing Umbreon lost <abbr title="−33/394">8.4%</abbr> of its health!)</small><br></div><div class="spacer battle-history"><br></div><div class="battle-history">Rotom went back to Espeon kawaii!<br></div><div class="battle-history">Go! <strong>Umbreon</strong>!<br></div><div class="battle-history"><small>Pointed stones dug into Umbreon!</small><br></div><div class="spacer battle-history"><br></div><div class="battle-history">The opposing Umbreon used <strong>Wish</strong>!<br></div><div class="spacer battle-history"><br></div><div class="battle-history"><small>Umbreon restored a little HP using its Leftovers!</small><br></div><div class="battle-history"><small>The opposing Umbreon restored a little HP using its Leftovers!</small><br></div><div class="spacer battle-history"><br></div><h2 class="battle-history">Turn 15</h2><div class="spacer battle-history"><br></div><div class="battle-history">Rey Joya ★_★ withdrew Umbreon!<br></div><div class="battle-history">Rey Joya ★_★ sent out <strong>Registeel</strong>!<br></div><div class="spacer battle-history"><br></div><div class="battle-history">Umbreon used <strong>Wish</strong>!<br></div><div class="spacer battle-history"><br></div><div class="battle-history"><small>Umbreon restored a little HP using its Leftovers!</small><br></div><div class="spacer battle-history"><br></div><h2 class="battle-history">Turn 16</h2><div class="spacer battle-history"><br></div><div class="battle-history">Umbreon used <strong>Heal Bell</strong>!<br></div><div class="battle-history"><small>A bell chimed!</small><br></div><div class="battle-history"><small>Rotom was cured of its poisoning.</small><br></div><div class="battle-history"><small>Mantine was cured of its poisoning.</small><br></div><div class="spacer battle-history"><br></div><div class="battle-history">The opposing Registeel used <strong>Toxic</strong>!<br></div><div class="battle-history"><small>Umbreon was badly poisoned!</small><br></div><div class="battle-history"><small>[Umbreon's Synchronize]</small><br></div><div class="battle-history"><small>It doesn't affect the opposing Registeel...</small><br></div><div class="spacer battle-history"><br></div><div class="battle-history"><small>Umbreon's wish came true!</small><br></div><div class="battle-history"><small>Umbreon was hurt by poison!</small><br></div><div class="spacer battle-history"><br></div><h2 class="battle-history">Turn 17</h2><div class="spacer battle-history"><br></div><div class="battle-history">Umbreon used <strong>Wish</strong>!<br></div><div class="spacer battle-history"><br></div><div class="battle-history">The opposing Registeel used <strong>Toxic</strong>!<br></div><div class="battle-history"><small>Umbreon avoided the attack!</small><br></div><div class="spacer battle-history"><br></div><div class="battle-history"><small>Umbreon restored a little HP using its Leftovers!</small><br></div><div class="battle-history"><small>Umbreon was hurt by poison!</small><br></div><div class="spacer battle-history"><br></div><h2 class="battle-history">Turn 18</h2><div class="spacer battle-history"><br></div><div class="battle-history">Umbreon, come back!<br></div><div class="battle-history">Go! <strong>Chesnaught</strong>!<br></div><div class="battle-history"><small>Pointed stones dug into Chesnaught!</small><br></div><div class="spacer battle-history"><br></div><div class="battle-history">The opposing Registeel used <strong>Toxic</strong>!<br></div><div class="battle-history"><small>Chesnaught was badly poisoned!</small><br></div><div class="spacer battle-history"><br></div><div class="battle-history"><small>Umbreon's wish came true!</small><br></div><div class="battle-history"><small>Chesnaught was hurt by poison!</small><br></div><div class="spacer battle-history"><br></div><h2 class="battle-history">Turn 19</h2><div class="spacer battle-history"><br></div><div class="battle-history">Chesnaught, come back!<br></div><div class="battle-history">Go! <strong>Umbreon</strong>!<br></div><div class="battle-history"><small>Pointed stones dug into Umbreon!</small><br></div><div class="spacer battle-history"><br></div><div class="battle-history">Rey Joya ★_★ withdrew Registeel!<br></div><div class="battle-history">Rey Joya ★_★ sent out <strong>Milotic</strong>!<br></div><div class="spacer battle-history"><br></div><div class="battle-history"><small>Umbreon restored a little HP using its Leftovers!</small><br></div><div class="battle-history"><small>Umbreon was hurt by poison!</small><br></div><div class="spacer battle-history"><br></div><h2 class="battle-history">Turn 20</h2><div class="spacer battle-history"><br></div><div class="battle-history">Rey Joya ★_★ withdrew Milotic!<br></div><div class="battle-history">Rey Joya ★_★ sent out akauro koko (<strong>Quagsire</strong>)!<br></div><div class="spacer battle-history"><br></div><div class="battle-history">Umbreon used <strong>Heal Bell</strong>!<br></div><div class="battle-history"><small>A bell chimed!</small><br></div><div class="battle-history"><small>Umbreon was cured of its poisoning.</small><br></div><div class="battle-history"><small>Chesnaught was cured of its poisoning.</small><br></div><div class="spacer battle-history"><br></div><div class="battle-history"><small>Umbreon restored a little HP using its Leftovers!</small><br></div><div class="spacer battle-history"><br></div><h2 class="battle-history">Turn 21</h2><div class="spacer battle-history"><br></div><div class="battle-history">Umbreon used <strong>Toxic</strong>!<br></div><div class="battle-history"><small>The opposing akauro koko was badly poisoned!</small><br></div><div class="spacer battle-history"><br></div><div class="battle-history">The opposing akauro koko used <strong>Curse</strong>!<br></div><div class="battle-history"><small>The opposing akauro koko's Speed fell!</small><br></div><div class="battle-history"><small>The opposing akauro koko's Attack rose!</small><br></div><div class="battle-history"><small>The opposing akauro koko's Defense rose!</small><br></div><div class="spacer battle-history"><br></div><div class="battle-history"><small>Umbreon restored a little HP using its Leftovers!</small><br></div><div class="battle-history"><small>The opposing akauro koko was hurt by poison!</small><br></div><div class="spacer battle-history"><br></div><h2 class="battle-history">Turn 22</h2><div class="spacer battle-history"><br></div><div class="battle-history">Umbreon, come back!<br></div><div class="battle-history">Go! <strong>Mantine</strong>!<br></div><div class="battle-history"><small>Pointed stones dug into Mantine!</small><br></div><div class="spacer battle-history"><br></div><div class="battle-history">Rey Joya ★_★ withdrew akauro koko!<br></div><div class="battle-history">Rey Joya ★_★ sent out <strong>Umbreon</strong>!<br></div><div class="spacer battle-history"><br></div><div class="battle-history"><small>Mantine restored a little HP using its Leftovers!</small><br></div><div class="battle-history"><small>The opposing Umbreon restored a little HP using its Leftovers!</small><br></div><div class="spacer battle-history"><br></div><h2 class="battle-history">Turn 23</h2><div class="spacer battle-history"><br></div><div class="battle-history">Mantine used <strong>Defog</strong>!<br></div><div class="battle-history"><small>The opposing Umbreon's evasiveness fell!</small><br></div><div class="battle-history"><small>The pointed stones disappeared from around your team!</small><br></div><div class="spacer battle-history"><br></div><div class="battle-history">The opposing Umbreon used <strong>Heal Bell</strong>!<br></div><div class="battle-history"><small>A bell chimed!</small><br></div><div class="battle-history"><small>The opposing akauro koko was cured of its poisoning.</small><br></div><div class="spacer battle-history"><br></div><div class="battle-history"><small>Mantine restored a little HP using its Leftovers!</small><br></div><div class="battle-history"><small>The opposing Umbreon restored a little HP using its Leftovers!</small><br></div><div class="spacer battle-history"><br></div><h2 class="battle-history">Turn 24</h2><div class="spacer battle-history"><br></div><div class="battle-history">Rey Joya ★_★ withdrew Umbreon!<br></div><div class="battle-history">Rey Joya ★_★ sent out <strong>Registeel</strong>!<br></div><div class="spacer battle-history"><br></div><div class="battle-history">Mantine used <strong>Toxic</strong>!<br></div><div class="battle-history"><small>It doesn't affect the opposing Registeel...</small><br></div><div class="spacer battle-history"><br></div><div class="battle-history"><small>Mantine restored a little HP using its Leftovers!</small><br></div><div class="spacer battle-history"><br></div><h2 class="battle-history">Turn 25</h2><div class="spacer battle-history"><br></div><div class="battle-history">Mantine, come back!<br></div><div class="battle-history">Go! <strong>Chesnaught</strong>!<br></div><div class="spacer battle-history"><br></div><div class="battle-history">The opposing Registeel used <strong>Toxic</strong>!<br></div><div class="battle-history"><small>Chesnaught was badly poisoned!</small><br></div><div class="spacer battle-history"><br></div><div class="battle-history"><small>Chesnaught was hurt by poison!</small><br></div><div class="spacer battle-history"><br></div><h2 class="battle-history">Turn 26</h2><div class="spacer battle-history"><br></div><div class="battle-history">Chesnaught, come back!<br></div><div class="battle-history">Go! <strong>Umbreon</strong>!<br></div><div class="spacer battle-history"><br></div><div class="battle-history">The opposing Registeel used <strong>Toxic</strong>!<br></div><div class="battle-history"><small>Umbreon was badly poisoned!</small><br></div><div class="battle-history"><small>[Umbreon's Synchronize]</small><br></div><div class="battle-history"><small>It doesn't affect the opposing Registeel...</small><br></div><div class="spacer battle-history"><br></div><div class="battle-history"><small>Umbreon restored a little HP using its Leftovers!</small><br></div><div class="battle-history"><small>Umbreon was hurt by poison!</small><br></div><div class="spacer battle-history"><br></div><h2 class="battle-history">Turn 27</h2><div class="spacer battle-history"><br></div><div class="battle-history">Rey Joya ★_★ withdrew Registeel!<br></div><div class="battle-history">Rey Joya ★_★ sent out akauro koko (<strong>Quagsire</strong>)!<br></div><div class="spacer battle-history"><br></div><div class="battle-history">Umbreon used <strong>Wish</strong>!<br></div><div class="spacer battle-history"><br></div><div class="battle-history"><small>Umbreon restored a little HP using its Leftovers!</small><br></div><div class="battle-history"><small>The opposing akauro koko restored a little HP using its Leftovers!</small><br></div><div class="battle-history"><small>Umbreon was hurt by poison!</small><br></div><div class="spacer battle-history"><br></div><h2 class="battle-history">Turn 28</h2><div class="spacer battle-history"><br></div><div class="battle-history">Rey Joya ★_★ withdrew akauro koko!<br></div><div class="battle-history">Rey Joya ★_★ sent out <strong>Milotic</strong>!<br></div><div class="spacer battle-history"><br></div><div class="battle-history">Umbreon used <strong>Toxic</strong>!<br></div><div class="battle-history"><small>The opposing Milotic was badly poisoned!</small><br></div><div class="spacer battle-history"><br></div><div class="battle-history"><small>Umbreon's wish came true!</small><br></div><div class="battle-history"><small>The opposing Milotic was hurt by poison!</small><br></div><div class="battle-history"><small>Umbreon was hurt by poison!</small><br></div><div class="spacer battle-history"><br></div><h2 class="battle-history">Turn 29</h2><div class="spacer battle-history"><br></div><div class="battle-history">The opposing Milotic used <strong>Scald</strong>!<br></div><div class="battle-history"><small>(Umbreon lost <abbr title="−54/393">13.7%</abbr> of its health!)</small><br></div><div class="spacer battle-history"><br></div><div class="battle-history">Umbreon used <strong>Heal Bell</strong>!<br></div><div class="battle-history"><small>A bell chimed!</small><br></div><div class="battle-history"><small>Umbreon was cured of its poisoning.</small><br></div><div class="battle-history"><small>Chesnaught was cured of its poisoning.</small><br></div><div class="spacer battle-history"><br></div><div class="battle-history"><small>The opposing Milotic restored a little HP using its Leftovers!</small><br></div><div class="battle-history"><small>Umbreon restored a little HP using its Leftovers!</small><br></div><div class="battle-history"><small>The opposing Milotic was hurt by poison!</small><br></div><div class="spacer battle-history"><br></div><h2 class="battle-history">Turn 30</h2><div class="spacer battle-history"><br></div><div class="battle-history">Rey Joya ★_★ withdrew Milotic!<br></div><div class="battle-history">Rey Joya ★_★ sent out <strong>Umbreon</strong>!<br></div><div class="spacer battle-history"><br></div><div class="battle-history">Umbreon used <strong>Wish</strong>!<br></div><div class="spacer battle-history"><br></div><div class="battle-history"><small>The opposing Umbreon restored a little HP using its Leftovers!</small><br></div><div class="battle-history"><small>Umbreon restored a little HP using its Leftovers!</small><br></div><div class="spacer battle-history"><br></div><h2 class="battle-history">Turn 31</h2><div class="spacer battle-history"><br></div><div class="battle-history">Umbreon, come back!<br></div><div class="battle-history">Go! <strong>Chesnaught</strong>!<br></div><div class="spacer battle-history"><br></div><div class="battle-history">The opposing Umbreon used <strong>Heal Bell</strong>!<br></div><div class="battle-history"><small>A bell chimed!</small><br></div><div class="battle-history"><small>The opposing Milotic was cured of its poisoning.</small><br></div><div class="spacer battle-history"><br></div><div class="battle-history"><small>Umbreon's wish came true!</small><br></div><div class="battle-history"><small>The opposing Umbreon restored a little HP using its Leftovers!</small><br></div><div class="spacer battle-history"><br></div><h2 class="battle-history">Turn 32</h2><div class="spacer battle-history"><br></div><div class="battle-history">Rey Joya ★_★ withdrew Umbreon!<br></div><div class="battle-history">Rey Joya ★_★ sent out <strong>Milotic</strong>!<br></div><div class="spacer battle-history"><br></div><div class="battle-history">Chesnaught used <strong>Substitute</strong>!<br></div><div class="battle-history"><small>Chesnaught put in a substitute!</small><br></div><div class="battle-history"><small>(Chesnaught lost <abbr title="−91/367">24.8%</abbr> of its health!)</small><br></div><div class="spacer battle-history"><br></div><div class="battle-history"><small>The opposing Milotic restored a little HP using its Leftovers!</small><br></div><div class="spacer battle-history"><br></div><h2 class="battle-history">Turn 33</h2><div class="spacer battle-history"><br></div><div class="battle-history">The opposing Milotic used <strong>Recover</strong>!<br></div><div class="battle-history"><small>The opposing Milotic restored its HP.</small><br></div><div class="spacer battle-history"><br></div><div class="battle-history">Chesnaught used <strong>Seed Bomb</strong>!<br></div><div class="battle-history"><small>It's super effective!</small><br></div><div class="battle-history"><small>(The opposing Milotic lost <abbr title="−288/394">73.1%</abbr> of its health!)</small><br></div><div class="spacer battle-history"><br></div><div class="battle-history"><small>The opposing Milotic restored a little HP using its Leftovers!</small><br></div><div class="spacer battle-history"><br></div><h2 class="battle-history">Turn 34</h2><div class="spacer battle-history"><br></div><div class="battle-history">The opposing Milotic used <strong>Recover</strong>!<br></div><div class="battle-history"><small>The opposing Milotic restored its HP.</small><br></div><div class="spacer battle-history"><br></div><div class="battle-history">Chesnaught used <strong>Drain Punch</strong>!<br></div><div class="battle-history"><small>(The opposing Milotic lost <abbr title="−133/394">33.8%</abbr> of its health!)</small><br></div><div class="battle-history"><small>The opposing Milotic had its energy drained!</small><br></div><div class="spacer battle-history"><br></div><div class="battle-history"><small>The opposing Milotic restored a little HP using its Leftovers!</small><br></div><div class="spacer battle-history"><br></div><h2 class="battle-history">Turn 35</h2><div class="spacer battle-history"><br></div><div class="battle-history">The opposing Milotic used <strong>Recover</strong>!<br></div><div class="battle-history"><small>The opposing Milotic restored its HP.</small><br></div><div class="spacer battle-history"><br></div><div class="battle-history">Chesnaught used <strong>Belly Drum</strong>!<br></div><div class="battle-history"><small>(Chesnaught lost <abbr title="−183/367">49.9%</abbr> of its health!)</small><br></div><div class="battle-history"><small>Chesnaught cut its own HP and maximized its Attack!</small><br></div><div class="spacer battle-history"><br></div><h2 class="battle-history">Turn 36</h2><div class="spacer battle-history"><br></div><div class="battle-history">The opposing Milotic used <strong>Haze</strong>!<br></div><div class="battle-history"><small>All stat changes were eliminated!</small><br></div><div class="spacer battle-history"><br></div><div class="battle-history">Chesnaught used <strong>Drain Punch</strong>!<br></div><div class="battle-history"><small>(The opposing Milotic lost <abbr title="−127/394">32.2%</abbr> of its health!)</small><br></div><div class="battle-history"><small>The opposing Milotic had its energy drained!</small><br></div><div class="spacer battle-history"><br></div><div class="battle-history"><small>The opposing Milotic restored a little HP using its Leftovers!</small><br></div><div class="spacer battle-history"><br></div><h2 class="battle-history">Turn 37</h2><div class="spacer battle-history"><br></div><div class="battle-history">The opposing Milotic used <strong>Scald</strong>!<br></div><div class="battle-history"><small>It's not very effective...</small><br></div><div class="battle-history"><small>The substitute took damage for Chesnaught!</small><br></div><div class="spacer battle-history"><br></div><div class="battle-history">Chesnaught used <strong>Seed Bomb</strong>!<br></div><div class="battle-history"><small>It's super effective!</small><br></div><div class="battle-history"><small>(The opposing Milotic lost <abbr title="−272/394">69.0%</abbr> of its health!)</small><br></div><div class="spacer battle-history"><br></div><div class="battle-history"><small>The opposing Milotic restored a little HP using its Leftovers!</small><br></div><div class="spacer battle-history"><br></div><h2 class="battle-history">Turn 38</h2><div class="spacer battle-history"><br></div><div class="battle-history">The opposing Milotic used <strong>Recover</strong>!<br></div><div class="battle-history"><small>The opposing Milotic restored its HP.</small><br></div><div class="spacer battle-history"><br></div><div class="battle-history">Chesnaught used <strong>Seed Bomb</strong>!<br></div><div class="battle-history"><small>It's super effective!</small><br></div><div class="battle-history"><small>(The opposing Milotic lost <abbr title="−240/394">60.9%</abbr> of its health!)</small><br></div><div class="spacer battle-history"><br></div><div class="battle-history">The opposing Milotic fainted!<br></div><div class="spacer battle-history"><br></div><div class="battle-history">Rey Joya ★_★ sent out <strong>Registeel</strong>!<br></div><div class="spacer battle-history"><br></div><h2 class="battle-history">Turn 39</h2><div class="spacer battle-history"><br></div><div class="battle-history">Chesnaught used <strong>Drain Punch</strong>!<br></div><div class="battle-history"><small>It's super effective!</small><br></div><div class="battle-history"><small>(The opposing Registeel lost <abbr title="−174/364">47.8%</abbr> of its health!)</small><br></div><div class="battle-history"><small>The opposing Registeel had its energy drained!</small><br></div><div class="spacer battle-history"><br></div><div class="battle-history">The opposing Registeel used <strong>Seismic Toss</strong>!<br></div><div class="battle-history"><small>Chesnaught's substitute faded!</small><br></div><div class="spacer battle-history"><br></div><h2 class="battle-history">Turn 40</h2><div class="spacer battle-history"><br></div><div class="battle-history">Chesnaught used <strong>Drain Punch</strong>!<br></div><div class="battle-history"><small>It's super effective!</small><br></div><div class="battle-history"><small>(The opposing Registeel lost <abbr title="−182/364">50%</abbr> of its health!)</small><br></div><div class="battle-history"><small>The opposing Registeel had its energy drained!</small><br></div><div class="spacer battle-history"><br></div><div class="battle-history">The opposing Registeel used <strong>Seismic Toss</strong>!<br></div><div class="battle-history"><small>(Chesnaught lost <abbr title="−100/367">27.2%</abbr> of its health!)</small><br></div><div class="spacer battle-history"><br></div><h2 class="battle-history">Turn 41</h2><div class="spacer battle-history"><br></div><div class="battle-history">Chesnaught used <strong>Seed Bomb</strong>!<br></div><div class="battle-history"><small>It's not very effective...</small><br></div><div class="battle-history"><small>(The opposing Registeel lost <abbr title="−8/364">2.2%</abbr> of its health!)</small><br></div><div class="spacer battle-history"><br></div><div class="battle-history">The opposing Registeel fainted!<br></div><div class="chat chatmessage-reyjoya"><strong style="color:hsl(223,69%,54.28366794780939%)"><small>☆</small><span class="username" data-name="Rey Joya ★_★">Rey Joya ★_★</span>:</strong> <em>gg lol</em></div><div class="spacer battle-history"><br></div><div class="battle-history"><small>Rey Joya ★_★ se rindió.</small><br></div><div class="spacer battle-history"><br></div><div class="battle-history"><strong>Espeon kawaii</strong> won the battle!<br></div><div class="chat"><small>Espeon kawaii left.</small></div><div class="chat"><small>Espeon kawaii joined.</small></div><div class="chat"><small>pekesito69 joined.</small></div><div class="chat"><small>Tia Consuelo joined.</small></div><div class="chat"><small>Tia Consuelo left.</small></div><div class="chat"><small>Espeon kawaii left.</small></div><div class="chat"><small>pekesito69 left.</small></div><div class="chat"><small>pekesito69 joined.</small></div></div><div class="inner-preempt"></div></div></div>
</div>
<script>
let daily = Math.floor(Date.now()/1000/60/60/24);document.write('<script src="https://play.pokemonshowdown.com/js/replay-embed.js?version'+daily+'"></'+'script>');
</script>
