<!DOCTYPE html>
<meta charset="utf-8" />
<!-- version 1 -->
<title>RU replay: Congresista Adri vs. Young Kⅰller🔪</title>
<style>
html,body {font-family:Verdana, sans-serif;font-size:10pt;margin:0;padding:0;}body{padding:12px 0;} .battle-log {font-family:Verdana, sans-serif;font-size:10pt;} .battle-log-inline {border:1px solid #AAAAAA;background:#EEF2F5;color:black;max-width:640px;margin:0 auto 80px;padding-bottom:5px;} .battle-log .inner {padding:4px 8px 0px 8px;} .battle-log .inner-preempt {padding:0 8px 4px 8px;} .battle-log .inner-after {margin-top:0.5em;} .battle-log h2 {margin:0.5em -8px;padding:4px 8px;border:1px solid #AAAAAA;background:#E0E7EA;border-left:0;border-right:0;font-family:Verdana, sans-serif;font-size:13pt;} .battle-log .chat {vertical-align:middle;padding:3px 0 3px 0;font-size:8pt;} .battle-log .chat strong {color:#40576A;} .battle-log .chat em {padding:1px 4px 1px 3px;color:#000000;font-style:normal;} .chat.mine {background:rgba(0,0,0,0.05);margin-left:-8px;margin-right:-8px;padding-left:8px;padding-right:8px;} .spoiler {color:#BBBBBB;background:#BBBBBB;padding:0px 3px;} .spoiler:hover, .spoiler:active, .spoiler-shown {color:#000000;background:#E2E2E2;padding:0px 3px;} .spoiler a {color:#BBBBBB;} .spoiler:hover a, .spoiler:active a, .spoiler-shown a {color:#2288CC;} .chat code, .chat .spoiler:hover code, .chat .spoiler:active code, .chat .spoiler-shown code {border:1px solid #C0C0C0;background:#EEEEEE;color:black;padding:0 2px;} .chat .spoiler code {border:1px solid #CCCCCC;background:#CCCCCC;color:#CCCCCC;} .battle-log .rated {padding:3px 4px;} .battle-log .rated strong {color:white;background:#89A;padding:1px 4px;border-radius:4px;} .spacer {margin-top:0.5em;} .message-announce {background:#6688AA;color:white;padding:1px 4px 2px;} .message-announce a, .broadcast-green a, .broadcast-blue a, .broadcast-red a {color:#DDEEFF;} .broadcast-green {background-color:#559955;color:white;padding:2px 4px;} .broadcast-blue {background-color:#6688AA;color:white;padding:2px 4px;} .infobox {border:1px solid #6688AA;padding:2px 4px;} .infobox-limited {max-height:200px;overflow:auto;overflow-x:hidden;} .broadcast-red {background-color:#AA5544;color:white;padding:2px 4px;} .message-learn-canlearn {font-weight:bold;color:#228822;text-decoration:underline;} .message-learn-cannotlearn {font-weight:bold;color:#CC2222;text-decoration:underline;} .message-effect-weak {font-weight:bold;color:#CC2222;} .message-effect-resist {font-weight:bold;color:#6688AA;} .message-effect-immune {font-weight:bold;color:#666666;} .message-learn-list {margin-top:0;margin-bottom:0;} .message-throttle-notice, .message-error {color:#992222;} .message-overflow, .chat small.message-overflow {font-size:0pt;} .message-overflow::before {font-size:9pt;content:'...';} .subtle {color:#3A4A66;}
</style>
<div class="wrapper replay-wrapper" style="max-width:1180px;margin:0 auto">
<input type="hidden" name="replayid" value="destiny-ru-146596" />
<div class="battle"></div><div class="battle-log"></div><div class="replay-controls"></div><div class="replay-controls-2"></div>
<h1 style="font-weight:normal;text-align:center"><strong>RU</strong><br /><a href="http://pokemonshowdown.com/users/congresistaadri" class="subtle" target="_blank">Congresista Adri</a> vs. <a href="http://pokemonshowdown.com/users/youngkller" class="subtle" target="_blank">Young Kⅰller🔪</a></h1>
<script type="text/plain" class="battle-log-data">|j|Congresista Adri
|j|Young Kⅰller🔪
|player|p1|Congresista Adri|congresistaadri.gif?1849b182
|player|p2|Young Kⅰller🔪|youngkller.gif?2a3982ac
|gametype|singles
|gen|7
|tier|RU
|seed|37025,43456,57406,18248
|rule|Cláusula-Mod de Dormir: solo puedes dormir a uno de tus oponentes a la vez.
|rule|Cláusula de Especie: Hasta un Pokémon de cada especie
|rule|Cláusula de Golpe Fulminante: los movimientos fulminantes (OHKO) estan prohibidos
|rule|Cláusula de Moody: la habilidad Moody está prohibida
|rule|Cláusula de Movimientos Evasivos: los movimientos de evasion estan prohibidos
|rule|Cláusula de Batallas Eternas: forzar batallas eternas está prohibido
|clearpoke
|poke|p1|Gligar, M|item
|poke|p1|Gardevoir, F|item
|poke|p1|Heracross, F|item
|poke|p1|Milotic, F|item
|poke|p1|Salazzle, F|item
|poke|p1|Registeel|item
|poke|p2|Virizion, shiny|item
|poke|p2|Zoroark, F|item
|poke|p2|Doublade, M, shiny|item
|poke|p2|Flygon, M, shiny|item
|poke|p2|Rhyperior, M, shiny|item
|poke|p2|Slowking, M, shiny|item
|teampreview
|j|Haruined
|l|Haruined
|c|☆Congresista Adri|suerte carnalion
|choice|*team 321456|*
|j|Suicidal Attempt
|choice|*|*team 123456
|choice|team 3, team 2, team 1, team 4, team 5, team 6|team 1, team 2, team 3, team 4, team 5, team 6
|
|start
|switch|p1a: Heracross|Heracross, F|301\/301
|switch|p2a: Virizion|Virizion, shiny|323\/323
|turn|1
|choice|*|*move 1
|l|Suicidal Attempt
|j|Haruined
|choice|*move 1|*
|choice|move megahorn|move swordsdance
|
|move|p1a: Heracross|Megahorn|p2a: Virizion
|-damage|p2a: Virizion|58\/323
|move|p2a: Virizion|Swords Dance|p2a: Virizion
|-boost|p2a: Virizion|atk|2
|
|upkeep
|turn|2
|choice|*move 1|*
|choice|*|*switch 3
|choice|move megahorn|switch 3
|
|switch|p2a: Doublade|Doublade, M, shiny|320\/320
|move|p1a: Heracross|Megahorn|p2a: Doublade
|-resisted|p2a: Doublade
|-damage|p2a: Doublade|295\/320
|
|upkeep
|turn|3
|choice|*|*move 1
|choice|*switch 5|*
|choice|switch 5|move swordsdance
|
|switch|p1a: Salazzle|Salazzle, F|277\/277
|move|p2a: Doublade|Swords Dance|p2a: Doublade
|-boost|p2a: Doublade|atk|2
|
|upkeep
|turn|4
|choice|*|*switch 4
|choice|*move 1|*
|choice|move fireblast|switch 4
|
|switch|p2a: Flygon|Flygon, M, shiny|301\/301
|move|p1a: Salazzle|Fire Blast|p2a: Flygon
|-resisted|p2a: Flygon
|-crit|p2a: Flygon
|-damage|p2a: Flygon|130\/301
|
|upkeep
|turn|5
|choice|*|*move 1
|choice|*switch 3|*
|choice|switch 3|move uturn
|
|switch|p1a: Gligar|Gligar, M|334\/334
|move|p2a: Flygon|U-turn|p1a: Gligar
|-resisted|p1a: Gligar
|-damage|p1a: Gligar|314\/334
|choice|*|*switch 5
|choice||switch 5
|
|switch|p2a: Rhyperior|Rhyperior, M, shiny|433\/433
|
|upkeep
|turn|6
|choice|*|*move 1
|choice|*move 1|*
|choice|move knockoff|move stealthrock
|
|move|p1a: Gligar|Knock Off|p2a: Rhyperior
|-damage|p2a: Rhyperior|387\/433
|-enditem|p2a: Rhyperior|Shuca Berry|[from] move: Knock Off|[of] p1a: Gligar
|move|p2a: Rhyperior|Stealth Rock|p1a: Gligar
|-sidestart|p1: Congresista Adri|move: Stealth Rock
|
|upkeep
|turn|7
|choice|*move 2|*
|choice|*|*move 4
|choice|move defog|move icepunch
|
|move|p1a: Gligar|Defog|p2a: Rhyperior
|-unboost|p2a: Rhyperior|evasion|1
|-sideend|p1: Congresista Adri|Stealth Rock|[from] move: Defog|[of] p1a: Gligar
|move|p2a: Rhyperior|Ice Punch|p1a: Gligar
|-supereffective|p1a: Gligar
|-damage|p1a: Gligar|114\/334
|-status|p1a: Gligar|frz
|
|upkeep
|turn|8
|choice|*|*move 1
|c|☆Congresista Adri|oc
|choice|*switch 4|*
|choice|switch 4|move stealthrock
|
|switch|p1a: Milotic|Milotic, F|351\/351
|move|p2a: Rhyperior|Stealth Rock|p1a: Milotic
|-sidestart|p1: Congresista Adri|move: Stealth Rock
|
|upkeep
|turn|9
|choice|*move 1|*
|choice|*|*switch 6
|choice|move hydropump|switch 6
|
|switch|p2a: Slowking|Slowking, M, shiny|392\/392
|move|p1a: Milotic|Hydro Pump|p2a: Slowking
|-resisted|p2a: Slowking
|-damage|p2a: Slowking|350\/392
|
|upkeep
|turn|10
|choice|*|*move 2
|choice|*switch 6|*
|choice|switch 6|move futuresight
|
|switch|p1a: Registeel|Registeel|364\/364
|-damage|p1a: Registeel|342\/364|[from] Stealth Rock
|move|p2a: Slowking|Future Sight|p1a: Registeel
|-start|p2a: Slowking|move: Future Sight
|
|-heal|p1a: Registeel|364\/364|[from] item: Leftovers
|upkeep
|turn|11
|choice|*|*move 3
|choice|*move 2|*
|choice|move toxic|move fireblast
|
|move|p1a: Registeel|Toxic|p2a: Slowking
|-status|p2a: Slowking|tox
|move|p2a: Slowking|Fire Blast|p1a: Registeel
|-supereffective|p1a: Registeel
|-damage|p1a: Registeel|252\/364
|
|-heal|p1a: Registeel|274\/364|[from] item: Leftovers
|-damage|p2a: Slowking|326\/392 tox|[from] psn
|upkeep
|turn|12
|choice|*move 4|*
|choice|*|*switch 3
|choice|move stealthrock|switch 3
|
|switch|p2a: Virizion|Virizion, shiny|58\/323
|move|p1a: Registeel|Stealth Rock|p2a: Virizion
|-sidestart|p2: Young Kⅰller🔪|move: Stealth Rock
|
|-end|p1a: Registeel|move: Future Sight
|-resisted|p1a: Registeel
|-damage|p1a: Registeel|232\/364
|-heal|p1a: Registeel|254\/364|[from] item: Leftovers
|upkeep
|turn|13
|choice|*|*move 3
|c|☆Young Kⅰller🔪|Usas legendarios
|c|☆Young Kⅰller🔪|eres una puta marica
|c|☆Young Kⅰller🔪|me das asco
|c|☆Congresista Adri|es que
|c|☆Congresista Adri|sin legendarios
|c|☆Congresista Adri|no soy nada
|c|☆Congresista Adri|lo 100to
|choice|*switch 4|*
|choice|switch 4|move closecombat
|
|switch|p1a: Gligar|Gligar, M|114\/334 frz
|-damage|p1a: Gligar|73\/334 frz|[from] Stealth Rock
|move|p2a: Virizion|Close Combat|p1a: Gligar
|-resisted|p1a: Gligar
|-damage|p1a: Gligar|24\/334 frz
|-unboost|p2a: Virizion|def|1
|-unboost|p2a: Virizion|spd|1
|
|upkeep
|turn|14
|choice|*move 4|*
|choice|*|*move 2
|choice|move earthquake|move leafblade
|
|move|p2a: Virizion|Leaf Blade|p1a: Gligar
|-damage|p1a: Gligar|0 fnt
|faint|p1a: Gligar
|
|upkeep
|choice|*switch 3|*
|choice|switch 3|
|
|switch|p1a: Salazzle|Salazzle, F|277\/277
|-damage|p1a: Salazzle|208\/277|[from] Stealth Rock
|turn|15
|choice|*|*move 4 zmove
|choice|*move 3|*
|choice|move sludgewave|move stoneedge zmove
|
|move|p1a: Salazzle|Sludge Wave|p2a: Virizion
|-supereffective|p2a: Virizion
|-damage|p2a: Virizion|0 fnt
|faint|p2a: Virizion
|
|upkeep
|choice|*|*switch 5
|choice||switch 5
|
|switch|p2a: Flygon|Flygon, M, shiny|130\/301
|-damage|p2a: Flygon|112\/301|[from] Stealth Rock
|turn|16
|choice|*switch 5|*
|choice|*|*move 1
|choice|switch 5|move uturn
|
|switch|p1a: Heracross|Heracross, F|301\/301
|-damage|p1a: Heracross|264\/301|[from] Stealth Rock
|move|p2a: Flygon|U-turn|p1a: Heracross
|-resisted|p1a: Heracross
|-damage|p1a: Heracross|219\/301
|choice|*|*switch 4
|choice||switch 4
|
|switch|p2a: Doublade|Doublade, M, shiny|295\/320
|-damage|p2a: Doublade|275\/320|[from] Stealth Rock
|
|upkeep
|turn|17
|choice|*|*move 1
|c|☆Congresista Adri|uy
|choice|*move 2|*
|choice|move knockoff|move swordsdance
|
|move|p1a: Heracross|Knock Off|p2a: Doublade
|-supereffective|p2a: Doublade
|-damage|p2a: Doublade|167\/320
|-enditem|p2a: Doublade|Eviolite|[from] move: Knock Off|[of] p1a: Heracross
|move|p2a: Doublade|Swords Dance|p2a: Doublade
|-boost|p2a: Doublade|atk|2
|
|upkeep
|turn|18
|choice|*|*switch 6
|c|☆Young Kⅰller🔪|Venga
|choice|*switch 6|*
|choice|switch 6|switch 6
|
|switch|p1a: Milotic|Milotic, F|351\/351
|-damage|p1a: Milotic|308\/351|[from] Stealth Rock
|switch|p2a: Rhyperior|Rhyperior, M, shiny|387\/433
|-damage|p2a: Rhyperior|360\/433|[from] Stealth Rock
|
|-heal|p1a: Milotic|329\/351|[from] item: Leftovers
|upkeep
|turn|19
|c|☆Young Kⅰller🔪|como me asquea esa mierda
|choice|*|*switch 3
|choice|*move 1|*
|choice|move hydropump|switch 3
|
|switch|p2a: Slowking|Slowking, M, shiny|392\/392 tox
|-damage|p2a: Slowking|343\/392 tox|[from] Stealth Rock
|move|p1a: Milotic|Hydro Pump|p2a: Slowking|[miss]
|-miss|p1a: Milotic|p2a: Slowking
|
|-heal|p1a: Milotic|350\/351|[from] item: Leftovers
|-damage|p2a: Slowking|319\/392 tox|[from] psn
|upkeep
|turn|20
|choice|*move 4|*
|choice|*|*move 1
|choice|move hiddenpower|move scald
|
|move|p1a: Milotic|Hidden Power|p2a: Slowking
|-supereffective|p2a: Slowking
|-damage|p2a: Slowking|257\/392 tox
|move|p2a: Slowking|Scald|p1a: Milotic
|-resisted|p1a: Milotic
|-damage|p1a: Milotic|305\/351
|
|-heal|p1a: Milotic|326\/351|[from] item: Leftovers
|-damage|p2a: Slowking|209\/392 tox|[from] psn
|upkeep
|turn|21
|choice|*|*move 2
|choice|*move 4|*
|choice|move hiddenpower|move futuresight
|
|move|p1a: Milotic|Hidden Power|p2a: Slowking
|-supereffective|p2a: Slowking
|-crit|p2a: Slowking
|-damage|p2a: Slowking|111\/392 tox
|move|p2a: Slowking|Future Sight|p1a: Milotic
|-start|p2a: Slowking|move: Future Sight
|
|-heal|p1a: Milotic|347\/351|[from] item: Leftovers
|-damage|p2a: Slowking|39\/392 tox|[from] psn
|upkeep
|turn|22
|choice|*move 4|*
|choice|*undo|*
|choice|*|*switch 4
|choice|*move 4|*
|choice|move hiddenpower|switch 4
|
|switch|p2a: Flygon|Flygon, M, shiny|112\/301
|-damage|p2a: Flygon|94\/301|[from] Stealth Rock
|move|p1a: Milotic|Hidden Power|p2a: Flygon
|-immune|p2a: Flygon|[msg]
|
|-heal|p1a: Milotic|351\/351|[from] item: Leftovers
|upkeep
|turn|23
|choice|*|*move 2
|choice|*move 3|*
|choice|move icebeam|move outrage
|
|move|p2a: Flygon|Outrage|p1a: Milotic
|-damage|p1a: Milotic|135\/351
|move|p1a: Milotic|Ice Beam|p2a: Flygon
|-supereffective|p2a: Flygon
|-damage|p2a: Flygon|0 fnt
|faint|p2a: Flygon
|
|-end|p1a: Milotic|move: Future Sight
|-damage|p1a: Milotic|3\/351
|-heal|p1a: Milotic|24\/351|[from] item: Leftovers
|upkeep
|choice|*|*switch 2
|choice||switch 2
|
|switch|p2a: Doublade|Doublade, M, shiny|261\/261
|-damage|p2a: Doublade|229\/261|[from] Stealth Rock
|turn|24
|choice|*move 1|*
|choice|*|*move 4
|choice|move hydropump|move sludgebomb
|
|move|p2a: Doublade|Sludge Bomb|p1a: Milotic
|-damage|p1a: Milotic|0 fnt
|-damage|p2a: Doublade|203\/261|[from] item: Life Orb
|faint|p1a: Milotic
|
|upkeep
|c|☆Congresista Adri|srry
|c|☆Congresista Adri|si me tardo
|c|☆Congresista Adri|ando en un group de discord
|c|☆Congresista Adri|hablando de RO
|c|☆Congresista Adri|RO = Ragnarok Online
|choice|*switch 2|*
|choice|switch 2|
|
|switch|p1a: Gardevoir|Gardevoir, F|277\/277
|-damage|p1a: Gardevoir|243\/277|[from] Stealth Rock
|turn|25
|choice|*move 1|*
|choice|*|*move 4
|choice|move moonblast|move sludgebomb
|
|move|p2a: Doublade|Sludge Bomb|p1a: Gardevoir
|-supereffective|p1a: Gardevoir
|-crit|p1a: Gardevoir
|-damage|p1a: Gardevoir|0 fnt
|-damage|p2a: Doublade|177\/261|[from] item: Life Orb
|faint|p1a: Gardevoir
|
|upkeep
|c|☆Congresista Adri|occc
|choice|*switch 5|*
|choice|switch 5|
|
|switch|p1a: Salazzle|Salazzle, F|208\/277
|-damage|p1a: Salazzle|139\/277|[from] Stealth Rock
|turn|26
|c|☆Young Kⅰller🔪|No creo que hubiera aguantado
|choice|*|*move 3
|c|☆Young Kⅰller🔪|sorry babe
|choice|*move 3|*
|choice|move sludgewave|move suckerpunch
|
|move|p2a: Doublade|Sucker Punch|p1a: Salazzle
|-damage|p1a: Salazzle|0 fnt
|-damage|p2a: Doublade|151\/261|[from] item: Life Orb
|faint|p1a: Salazzle
|
|upkeep
|c|☆Congresista Adri|x yisus
|choice|*switch 6|*
|choice|switch 6|
|
|switch|p1a: Heracross|Heracross, F|219\/301
|-damage|p1a: Heracross|182\/301|[from] Stealth Rock
|turn|27
|choice|*move 1|*
|choice|*undo|*
|choice|*move 1|*
|choice|*|*switch 4
|choice|move megahorn|switch 4
|
|switch|p2a: Slowking|Slowking, M, shiny|169\/392 tox
|-damage|p2a: Slowking|120\/392 tox|[from] Stealth Rock
|move|p1a: Heracross|Megahorn|p2a: Slowking
|-supereffective|p2a: Slowking
|-crit|p2a: Slowking
|-damage|p2a: Slowking|0 fnt
|faint|p2a: Slowking
|-ability|p1a: Heracross|Moxie|boost
|-boost|p1a: Heracross|atk|1
|
|upkeep
|choice|*|*switch 6
|choice||switch 6
|
|switch|p2a: Doublade|Doublade, M, shiny|167\/320
|-damage|p2a: Doublade|147\/320|[from] Stealth Rock
|turn|28
|choice|*|*move 1
|choice|*move 1|*
|choice|move megahorn|move swordsdance
|
|move|p1a: Heracross|Megahorn|p2a: Doublade
|-resisted|p2a: Doublade
|-damage|p2a: Doublade|96\/320
|move|p2a: Doublade|Swords Dance|p2a: Doublade
|-boost|p2a: Doublade|atk|2
|
|upkeep
|turn|29
|choice|*|*move 3
|choice|*switch 4|*
|choice|switch 4|move shadowclaw
|
|switch|p1a: Registeel|Registeel|254\/364
|-damage|p1a: Registeel|232\/364|[from] Stealth Rock
|move|p2a: Doublade|Shadow Claw|p1a: Registeel
|-damage|p1a: Registeel|87\/364
|
|-heal|p1a: Registeel|109\/364|[from] item: Leftovers
|upkeep
|turn|30
|choice|*move 1|*
|choice|*|*move 3
|choice|move seismictoss|move shadowclaw
|
|move|p1a: Registeel|Seismic Toss|p2a: Doublade
|-immune|p2a: Doublade|[msg]
|move|p2a: Doublade|Shadow Claw|p1a: Registeel
|-crit|p1a: Registeel
|-damage|p1a: Registeel|0 fnt
|faint|p1a: Registeel
|
|upkeep
|choice|*switch 4|*
|choice|switch 4|
|
|switch|p1a: Heracross|Heracross, F|182\/301
|-damage|p1a: Heracross|145\/301|[from] Stealth Rock
|turn|31
|choice|*move 2|*
|choice|*|*move 4
|choice|move knockoff|move shadowsneak
|
|move|p2a: Doublade|Shadow Sneak|p1a: Heracross
|-damage|p1a: Heracross|0 fnt
|faint|p1a: Heracross
|
|win|Young Kⅰller🔪
|player|p1
|player|p2</script>
</div>
<div class="battle-log battle-log-inline"><div class="inner"><div class="battle-options"></div><div class="inner"><div class="chat"><small>Congresista Adri joined.</small></div><div class="chat"><small>Young Kⅰller🔪 joined.</small></div><div class=""><small>Format:</small> <br><strong>RU</strong></div><div class=""><small><em>Cláusula-Mod de Dormir:</em> solo puedes dormir a uno de tus oponentes a la vez.</small></div><div class=""><small><em>Cláusula de Especie:</em> Hasta un Pokémon de cada especie</small></div><div class=""><small><em>Cláusula de Golpe Fulminante:</em> los movimientos fulminantes (OHKO) estan prohibidos</small></div><div class=""><small><em>Cláusula de Moody:</em> la habilidad Moody está prohibida</small></div><div class=""><small><em>Cláusula de Movimientos Evasivos:</em> los movimientos de evasion estan prohibidos</small></div><div class=""><small><em>Cláusula de Batallas Eternas:</em> forzar batallas eternas está prohibido</small></div><div class="chat battle-history"><strong>Congresista Adri's team:</strong> <em style="color:#445566;display:block;">Gligar / Gardevoir / Heracross / Milotic / Salazzle / Registeel</em></div><div class="chat battle-history"><strong>Young Kⅰller🔪's team:</strong> <em style="color:#445566;display:block;">Virizion / Zoroark / Doublade / Flygon / Rhyperior / Slowking</em></div><div class="chat"><small>Haruined joined.</small></div><div class="chat"><small>Haruined left.</small></div><div class="chat chatmessage-congresistaadri"><strong style="color:hsl(191,84%,42.62153691616859%)"><small>☆</small><span class="username" data-name="Congresista Adri">Congresista Adri</span>:</strong> <em>suerte carnalion</em></div><div class="chat"><small>Suicidal Attempt joined.</small></div><div class="spacer battle-history"><br></div><div class="battle-history">Battle started between Congresista Adri and Young Kⅰller🔪!<br></div><div class="spacer battle-history"><br></div><div class="battle-history">Go! <strong>Heracross</strong>!<br></div><div class="spacer battle-history"><br></div><div class="battle-history">Young Kⅰller🔪 sent out <strong>Virizion</strong>!<br></div><div class="spacer battle-history"><br></div><h2 class="battle-history">Turn 1</h2><div class="chat"><small>Suicidal Attempt left.</small></div><div class="chat"><small>Haruined joined.</small></div><div class="spacer battle-history"><br></div><div class="battle-history">Heracross used <strong>Megahorn</strong>!<br></div><div class="battle-history"><small>(The opposing Virizion lost <abbr title="−265/323">82.0%</abbr> of its health!)</small><br></div><div class="spacer battle-history"><br></div><div class="battle-history">The opposing Virizion used <strong>Swords Dance</strong>!<br></div><div class="battle-history"><small>The opposing Virizion's Attack rose sharply!</small><br></div><div class="spacer battle-history"><br></div><h2 class="battle-history">Turn 2</h2><div class="spacer battle-history"><br></div><div class="battle-history">Young Kⅰller🔪 withdrew Virizion!<br></div><div class="battle-history">Young Kⅰller🔪 sent out <strong>Doublade</strong>!<br></div><div class="spacer battle-history"><br></div><div class="battle-history">Heracross used <strong>Megahorn</strong>!<br></div><div class="battle-history"><small>It's not very effective...</small><br></div><div class="battle-history"><small>(The opposing Doublade lost <abbr title="−25/320">7.8%</abbr> of its health!)</small><br></div><div class="spacer battle-history"><br></div><h2 class="battle-history">Turn 3</h2><div class="spacer battle-history"><br></div><div class="battle-history">Heracross, come back!<br></div><div class="battle-history">Go! <strong>Salazzle</strong>!<br></div><div class="spacer battle-history"><br></div><div class="battle-history">The opposing Doublade used <strong>Swords Dance</strong>!<br></div><div class="battle-history"><small>The opposing Doublade's Attack rose sharply!</small><br></div><div class="spacer battle-history"><br></div><h2 class="battle-history">Turn 4</h2><div class="spacer battle-history"><br></div><div class="battle-history">Young Kⅰller🔪 withdrew Doublade!<br></div><div class="battle-history">Young Kⅰller🔪 sent out <strong>Flygon</strong>!<br></div><div class="spacer battle-history"><br></div><div class="battle-history">Salazzle used <strong>Fire Blast</strong>!<br></div><div class="battle-history"><small>It's not very effective...</small><br></div><div class="battle-history"><small>A critical hit!</small><br></div><div class="battle-history"><small>(The opposing Flygon lost <abbr title="−171/301">56.8%</abbr> of its health!)</small><br></div><div class="spacer battle-history"><br></div><h2 class="battle-history">Turn 5</h2><div class="spacer battle-history"><br></div><div class="battle-history">Salazzle, come back!<br></div><div class="battle-history">Go! <strong>Gligar</strong>!<br></div><div class="spacer battle-history"><br></div><div class="battle-history">The opposing Flygon used <strong>U-turn</strong>!<br></div><div class="battle-history"><small>It's not very effective...</small><br></div><div class="battle-history"><small>(Gligar lost <abbr title="−20/334">6.0%</abbr> of its health!)</small><br></div><div class="spacer battle-history"><br></div><div class="battle-history">The opposing Flygon went back to Young Kⅰller🔪!<br></div><div class="battle-history">Young Kⅰller🔪 sent out <strong>Rhyperior</strong>!<br></div><div class="spacer battle-history"><br></div><h2 class="battle-history">Turn 6</h2><div class="spacer battle-history"><br></div><div class="battle-history">Gligar used <strong>Knock Off</strong>!<br></div><div class="battle-history"><small>(The opposing Rhyperior lost <abbr title="−46/433">10.6%</abbr> of its health!)</small><br></div><div class="battle-history"><small>Gligar knocked off the opposing Rhyperior's Shuca Berry!</small><br></div><div class="spacer battle-history"><br></div><div class="battle-history">The opposing Rhyperior used <strong>Stealth Rock</strong>!<br></div><div class="battle-history"><small>Pointed stones float in the air around your team!</small><br></div><div class="spacer battle-history"><br></div><h2 class="battle-history">Turn 7</h2><div class="spacer battle-history"><br></div><div class="battle-history">Gligar used <strong>Defog</strong>!<br></div><div class="battle-history"><small>The opposing Rhyperior's evasiveness fell!</small><br></div><div class="battle-history"><small>The pointed stones disappeared from around your team!</small><br></div><div class="spacer battle-history"><br></div><div class="battle-history">The opposing Rhyperior used <strong>Ice Punch</strong>!<br></div><div class="battle-history"><small>It's super effective!</small><br></div><div class="battle-history"><small>(Gligar lost <abbr title="−200/334">59.9%</abbr> of its health!)</small><br></div><div class="battle-history"><small>Gligar was frozen solid!</small><br></div><div class="spacer battle-history"><br></div><h2 class="battle-history">Turn 8</h2><div class="chat chatmessage-congresistaadri"><strong style="color:hsl(191,84%,42.62153691616859%)"><small>☆</small><span class="username" data-name="Congresista Adri">Congresista Adri</span>:</strong> <em>oc</em></div><div class="spacer battle-history"><br></div><div class="battle-history">Gligar, come back!<br></div><div class="battle-history">Go! <strong>Milotic</strong>!<br></div><div class="spacer battle-history"><br></div><div class="battle-history">The opposing Rhyperior used <strong>Stealth Rock</strong>!<br></div><div class="battle-history"><small>Pointed stones float in the air around your team!</small><br></div><div class="spacer battle-history"><br></div><h2 class="battle-history">Turn 9</h2><div class="spacer battle-history"><br></div><div class="battle-history">Young Kⅰller🔪 withdrew Rhyperior!<br></div><div class="battle-history">Young Kⅰller🔪 sent out <strong>Slowking</strong>!<br></div><div class="spacer battle-history"><br></div><div class="battle-history">Milotic used <strong>Hydro Pump</strong>!<br></div><div class="battle-history"><small>It's not very effective...</small><br></div><div class="battle-history"><small>(The opposing Slowking lost <abbr title="−42/392">10.7%</abbr> of its health!)</small><br></div><div class="spacer battle-history"><br></div><h2 class="battle-history">Turn 10</h2><div class="spacer battle-history"><br></div><div class="battle-history">Milotic, come back!<br></div><div class="battle-history">Go! <strong>Registeel</strong>!<br></div><div class="battle-history"><small>Pointed stones dug into Registeel!</small><br></div><div class="spacer battle-history"><br></div><div class="battle-history">The opposing Slowking used <strong>Future Sight</strong>!<br></div><div class="battle-history"><small>The opposing Slowking foresaw an attack!</small><br></div><div class="spacer battle-history"><br></div><div class="battle-history"><small>Registeel restored a little HP using its Leftovers!</small><br></div><div class="spacer battle-history"><br></div><h2 class="battle-history">Turn 11</h2><div class="spacer battle-history"><br></div><div class="battle-history">Registeel used <strong>Toxic</strong>!<br></div><div class="battle-history"><small>The opposing Slowking was badly poisoned!</small><br></div><div class="spacer battle-history"><br></div><div class="battle-history">The opposing Slowking used <strong>Fire Blast</strong>!<br></div><div class="battle-history"><small>It's super effective!</small><br></div><div class="battle-history"><small>(Registeel lost <abbr title="−112/364">30.8%</abbr> of its health!)</small><br></div><div class="spacer battle-history"><br></div><div class="battle-history"><small>Registeel restored a little HP using its Leftovers!</small><br></div><div class="battle-history"><small>The opposing Slowking was hurt by poison!</small><br></div><div class="spacer battle-history"><br></div><h2 class="battle-history">Turn 12</h2><div class="spacer battle-history"><br></div><div class="battle-history">Young Kⅰller🔪 withdrew Slowking!<br></div><div class="battle-history">Young Kⅰller🔪 sent out <strong>Virizion</strong>!<br></div><div class="spacer battle-history"><br></div><div class="battle-history">Registeel used <strong>Stealth Rock</strong>!<br></div><div class="battle-history"><small>Pointed stones float in the air around the opposing team!</small><br></div><div class="spacer battle-history"><br></div><div class="battle-history"><small>Registeel took the Future Sight attack!</small><br></div><div class="battle-history"><small>It's not very effective...</small><br></div><div class="battle-history"><small>(Registeel lost <abbr title="−42/364">11.5%</abbr> of its health!)</small><br></div><div class="battle-history"><small>Registeel restored a little HP using its Leftovers!</small><br></div><div class="spacer battle-history"><br></div><h2 class="battle-history">Turn 13</h2><div class="chat chatmessage-youngkller"><strong style="color:hsl(142,61%,40%)"><small>☆</small><span class="username" data-name="Young Kⅰller🔪">Young Kⅰller🔪</span>:</strong> <em>Usas legendarios</em></div><div class="chat chatmessage-youngkller"><strong style="color:hsl(142,61%,40%)"><small>☆</small><span class="username" data-name="Young Kⅰller🔪">Young Kⅰller🔪</span>:</strong> <em>eres una puta marica</em></div><div class="chat chatmessage-youngkller"><strong style="color:hsl(142,61%,40%)"><small>☆</small><span class="username" data-name="Young Kⅰller🔪">Young Kⅰller🔪</span>:</strong> <em>me das asco</em></div><div class="chat chatmessage-congresistaadri"><strong style="color:hsl(191,84%,42.62153691616859%)"><small>☆</small><span class="username" data-name="Congresista Adri">Congresista Adri</span>:</strong> <em>es que</em></div><div class="chat chatmessage-congresistaadri"><strong style="color:hsl(191,84%,42.62153691616859%)"><small>☆</small><span class="username" data-name="Congresista Adri">Congresista Adri</span>:</strong> <em>sin legendarios</em></div><div class="chat chatmessage-congresistaadri"><strong style="color:hsl(191,84%,42.62153691616859%)"><small>☆</small><span class="username" data-name="Congresista Adri">Congresista Adri</span>:</strong> <em>no soy nada</em></div><div class="chat chatmessage-congresistaadri"><strong style="color:hsl(191,84%,42.62153691616859%)"><small>☆</small><span class="username" data-name="Congresista Adri">Congresista Adri</span>:</strong> <em>lo 100to</em></div><div class="spacer battle-history"><br></div><div class="battle-history">Registeel, come back!<br></div><div class="battle-history">Go! <strong>Gligar</strong>!<br></div><div class="battle-history"><small>Pointed stones dug into Gligar!</small><br></div><div class="spacer battle-history"><br></div><div class="battle-history">The opposing Virizion used <strong>Close Combat</strong>!<br></div><div class="battle-history"><small>It's not very effective...</small><br></div><div class="battle-history"><small>(Gligar lost <abbr title="−49/334">14.7%</abbr> of its health!)</small><br></div><div class="battle-history"><small>The opposing Virizion's Defense fell!</small><br></div><div class="battle-history"><small>The opposing Virizion's Special Defense fell!</small><br></div><div class="spacer battle-history"><br></div><h2 class="battle-history">Turn 14</h2><div class="spacer battle-history"><br></div><div class="battle-history">The opposing Virizion used <strong>Leaf Blade</strong>!<br></div><div class="battle-history"><small>(Gligar lost <abbr title="−24/334">7.2%</abbr> of its health!)</small><br></div><div class="spacer battle-history"><br></div><div class="battle-history">Gligar fainted!<br></div><div class="spacer battle-history"><br></div><div class="battle-history">Go! <strong>Salazzle</strong>!<br></div><div class="battle-history"><small>Pointed stones dug into Salazzle!</small><br></div><div class="spacer battle-history"><br></div><h2 class="battle-history">Turn 15</h2><div class="spacer battle-history"><br></div><div class="battle-history">Salazzle used <strong>Sludge Wave</strong>!<br></div><div class="battle-history"><small>It's super effective!</small><br></div><div class="battle-history"><small>(The opposing Virizion lost <abbr title="−58/323">18.0%</abbr> of its health!)</small><br></div><div class="spacer battle-history"><br></div><div class="battle-history">The opposing Virizion fainted!<br></div><div class="spacer battle-history"><br></div><div class="battle-history">Young Kⅰller🔪 sent out <strong>Flygon</strong>!<br></div><div class="battle-history"><small>Pointed stones dug into the opposing Flygon!</small><br></div><div class="spacer battle-history"><br></div><h2 class="battle-history">Turn 16</h2><div class="spacer battle-history"><br></div><div class="battle-history">Salazzle, come back!<br></div><div class="battle-history">Go! <strong>Heracross</strong>!<br></div><div class="battle-history"><small>Pointed stones dug into Heracross!</small><br></div><div class="spacer battle-history"><br></div><div class="battle-history">The opposing Flygon used <strong>U-turn</strong>!<br></div><div class="battle-history"><small>It's not very effective...</small><br></div><div class="battle-history"><small>(Heracross lost <abbr title="−45/301">15.0%</abbr> of its health!)</small><br></div><div class="spacer battle-history"><br></div><div class="battle-history">The opposing Flygon went back to Young Kⅰller🔪!<br></div><div class="battle-history">Young Kⅰller🔪 sent out <strong>Doublade</strong>!<br></div><div class="battle-history"><small>Pointed stones dug into the opposing Doublade!</small><br></div><div class="spacer battle-history"><br></div><h2 class="battle-history">Turn 17</h2><div class="chat chatmessage-congresistaadri"><strong style="color:hsl(191,84%,42.62153691616859%)"><small>☆</small><span class="username" data-name="Congresista Adri">Congresista Adri</span>:</strong> <em>uy</em></div><div class="spacer battle-history"><br></div><div class="battle-history">Heracross used <strong>Knock Off</strong>!<br></div><div class="battle-history"><small>It's super effective!</small><br></div><div class="battle-history"><small>(The opposing Doublade lost <abbr title="−108/320">33.8%</abbr> of its health!)</small><br></div><div class="battle-history"><small>Heracross knocked off the opposing Doublade's Eviolite!</small><br></div><div class="spacer battle-history"><br></div><div class="battle-history">The opposing Doublade used <strong>Swords Dance</strong>!<br></div><div class="battle-history"><small>The opposing Doublade's Attack rose sharply!</small><br></div><div class="spacer battle-history"><br></div><h2 class="battle-history">Turn 18</h2><div class="chat chatmessage-youngkller"><strong style="color:hsl(142,61%,40%)"><small>☆</small><span class="username" data-name="Young Kⅰller🔪">Young Kⅰller🔪</span>:</strong> <em>Venga</em></div><div class="spacer battle-history"><br></div><div class="battle-history">Heracross, come back!<br></div><div class="battle-history">Go! <strong>Milotic</strong>!<br></div><div class="battle-history"><small>Pointed stones dug into Milotic!</small><br></div><div class="spacer battle-history"><br></div><div class="battle-history">Young Kⅰller🔪 withdrew Doublade!<br></div><div class="battle-history">Young Kⅰller🔪 sent out <strong>Rhyperior</strong>!<br></div><div class="battle-history"><small>Pointed stones dug into the opposing Rhyperior!</small><br></div><div class="spacer battle-history"><br></div><div class="battle-history"><small>Milotic restored a little HP using its Leftovers!</small><br></div><div class="spacer battle-history"><br></div><h2 class="battle-history">Turn 19</h2><div class="chat chatmessage-youngkller"><strong style="color:hsl(142,61%,40%)"><small>☆</small><span class="username" data-name="Young Kⅰller🔪">Young Kⅰller🔪</span>:</strong> <em>como me asquea esa mierda</em></div><div class="spacer battle-history"><br></div><div class="battle-history">Young Kⅰller🔪 withdrew Rhyperior!<br></div><div class="battle-history">Young Kⅰller🔪 sent out <strong>Slowking</strong>!<br></div><div class="battle-history"><small>Pointed stones dug into the opposing Slowking!</small><br></div><div class="spacer battle-history"><br></div><div class="battle-history">Milotic used <strong>Hydro Pump</strong>!<br></div><div class="battle-history"><small>The opposing Slowking avoided the attack!</small><br></div><div class="spacer battle-history"><br></div><div class="battle-history"><small>Milotic restored a little HP using its Leftovers!</small><br></div><div class="battle-history"><small>The opposing Slowking was hurt by poison!</small><br></div><div class="spacer battle-history"><br></div><h2 class="battle-history">Turn 20</h2><div class="spacer battle-history"><br></div><div class="battle-history">Milotic used <strong>Hidden Power</strong>!<br></div><div class="battle-history"><small>It's super effective!</small><br></div><div class="battle-history"><small>(The opposing Slowking lost <abbr title="−62/392">15.8%</abbr> of its health!)</small><br></div><div class="spacer battle-history"><br></div><div class="battle-history">The opposing Slowking used <strong>Scald</strong>!<br></div><div class="battle-history"><small>It's not very effective...</small><br></div><div class="battle-history"><small>(Milotic lost <abbr title="−45/351">12.8%</abbr> of its health!)</small><br></div><div class="spacer battle-history"><br></div><div class="battle-history"><small>Milotic restored a little HP using its Leftovers!</small><br></div><div class="battle-history"><small>The opposing Slowking was hurt by poison!</small><br></div><div class="spacer battle-history"><br></div><h2 class="battle-history">Turn 21</h2><div class="spacer battle-history"><br></div><div class="battle-history">Milotic used <strong>Hidden Power</strong>!<br></div><div class="battle-history"><small>It's super effective!</small><br></div><div class="battle-history"><small>A critical hit!</small><br></div><div class="battle-history"><small>(The opposing Slowking lost <abbr title="−98/392">25%</abbr> of its health!)</small><br></div><div class="spacer battle-history"><br></div><div class="battle-history">The opposing Slowking used <strong>Future Sight</strong>!<br></div><div class="battle-history"><small>The opposing Slowking foresaw an attack!</small><br></div><div class="spacer battle-history"><br></div><div class="battle-history"><small>Milotic restored a little HP using its Leftovers!</small><br></div><div class="battle-history"><small>The opposing Slowking was hurt by poison!</small><br></div><div class="spacer battle-history"><br></div><h2 class="battle-history">Turn 22</h2><div class="spacer battle-history"><br></div><div class="battle-history">Young Kⅰller🔪 withdrew Slowking!<br></div><div class="battle-history">Young Kⅰller🔪 sent out <strong>Flygon</strong>!<br></div><div class="battle-history"><small>Pointed stones dug into the opposing Flygon!</small><br></div><div class="spacer battle-history"><br></div><div class="battle-history">Milotic used <strong>Hidden Power</strong>!<br></div><div class="battle-history"><small>It doesn't affect the opposing Flygon...</small><br></div><div class="spacer battle-history"><br></div><div class="battle-history"><small>Milotic restored a little HP using its Leftovers!</small><br></div><div class="spacer battle-history"><br></div><h2 class="battle-history">Turn 23</h2><div class="spacer battle-history"><br></div><div class="battle-history">The opposing Flygon used <strong>Outrage</strong>!<br></div><div class="battle-history"><small>(Milotic lost <abbr title="−216/351">61.5%</abbr> of its health!)</small><br></div><div class="spacer battle-history"><br></div><div class="battle-history">Milotic used <strong>Ice Beam</strong>!<br></div><div class="battle-history"><small>It's super effective!</small><br></div><div class="battle-history"><small>(The opposing Flygon lost <abbr title="−94/301">31.2%</abbr> of its health!)</small><br></div><div class="spacer battle-history"><br></div><div class="battle-history">The opposing Flygon fainted!<br></div><div class="spacer battle-history"><br></div><div class="battle-history"><small>Milotic took the Future Sight attack!</small><br></div><div class="battle-history"><small>(Milotic lost <abbr title="−132/351">37.6%</abbr> of its health!)</small><br></div><div class="battle-history"><small>Milotic restored a little HP using its Leftovers!</small><br></div><div class="spacer battle-history"><br></div><div class="battle-history">Young Kⅰller🔪 sent out <strong>Doublade</strong>!<br></div><div class="battle-history"><small>Pointed stones dug into the opposing Doublade!</small><br></div><div class="spacer battle-history"><br></div><h2 class="battle-history">Turn 24</h2><div class="spacer battle-history"><br></div><div class="battle-history">The opposing Doublade used <strong>Sludge Bomb</strong>!<br></div><div class="battle-history"><small>(Milotic lost <abbr title="−24/351">6.8%</abbr> of its health!)</small><br></div><div class="battle-history"><small>The opposing Doublade lost some of its HP!</small><br></div><div class="spacer battle-history"><br></div><div class="battle-history">Milotic fainted!<br></div><div class="chat chatmessage-congresistaadri"><strong style="color:hsl(191,84%,42.62153691616859%)"><small>☆</small><span class="username" data-name="Congresista Adri">Congresista Adri</span>:</strong> <em>srry</em></div><div class="chat chatmessage-congresistaadri"><strong style="color:hsl(191,84%,42.62153691616859%)"><small>☆</small><span class="username" data-name="Congresista Adri">Congresista Adri</span>:</strong> <em>si me tardo</em></div><div class="chat chatmessage-congresistaadri"><strong style="color:hsl(191,84%,42.62153691616859%)"><small>☆</small><span class="username" data-name="Congresista Adri">Congresista Adri</span>:</strong> <em>ando en un group de discord</em></div><div class="chat chatmessage-congresistaadri"><strong style="color:hsl(191,84%,42.62153691616859%)"><small>☆</small><span class="username" data-name="Congresista Adri">Congresista Adri</span>:</strong> <em>hablando de RO</em></div><div class="chat chatmessage-congresistaadri"><strong style="color:hsl(191,84%,42.62153691616859%)"><small>☆</small><span class="username" data-name="Congresista Adri">Congresista Adri</span>:</strong> <em>RO = Ragnarok Online</em></div><div class="spacer battle-history"><br></div><div class="battle-history">Go! <strong>Gardevoir</strong>!<br></div><div class="battle-history"><small>Pointed stones dug into Gardevoir!</small><br></div><div class="spacer battle-history"><br></div><h2 class="battle-history">Turn 25</h2><div class="spacer battle-history"><br></div><div class="battle-history">The opposing Doublade used <strong>Sludge Bomb</strong>!<br></div><div class="battle-history"><small>It's super effective!</small><br></div><div class="battle-history"><small>A critical hit!</small><br></div><div class="battle-history"><small>(Gardevoir lost <abbr title="−243/277">87.7%</abbr> of its health!)</small><br></div><div class="battle-history"><small>The opposing Doublade lost some of its HP!</small><br></div><div class="spacer battle-history"><br></div><div class="battle-history">Gardevoir fainted!<br></div><div class="chat chatmessage-congresistaadri"><strong style="color:hsl(191,84%,42.62153691616859%)"><small>☆</small><span class="username" data-name="Congresista Adri">Congresista Adri</span>:</strong> <em>occc</em></div><div class="spacer battle-history"><br></div><div class="battle-history">Go! <strong>Salazzle</strong>!<br></div><div class="battle-history"><small>Pointed stones dug into Salazzle!</small><br></div><div class="spacer battle-history"><br></div><h2 class="battle-history">Turn 26</h2><div class="chat chatmessage-youngkller"><strong style="color:hsl(142,61%,40%)"><small>☆</small><span class="username" data-name="Young Kⅰller🔪">Young Kⅰller🔪</span>:</strong> <em>No creo que hubiera aguantado</em></div><div class="chat chatmessage-youngkller"><strong style="color:hsl(142,61%,40%)"><small>☆</small><span class="username" data-name="Young Kⅰller🔪">Young Kⅰller🔪</span>:</strong> <em>sorry babe</em></div><div class="spacer battle-history"><br></div><div class="battle-history">The opposing Doublade used <strong>Sucker Punch</strong>!<br></div><div class="battle-history"><small>(Salazzle lost <abbr title="−139/277">50.2%</abbr> of its health!)</small><br></div><div class="battle-history"><small>The opposing Doublade lost some of its HP!</small><br></div><div class="spacer battle-history"><br></div><div class="battle-history">Salazzle fainted!<br></div><div class="chat chatmessage-congresistaadri"><strong style="color:hsl(191,84%,42.62153691616859%)"><small>☆</small><span class="username" data-name="Congresista Adri">Congresista Adri</span>:</strong> <em>x yisus</em></div><div class="spacer battle-history"><br></div><div class="battle-history">Go! <strong>Heracross</strong>!<br></div><div class="battle-history"><small>Pointed stones dug into Heracross!</small><br></div><div class="spacer battle-history"><br></div><h2 class="battle-history">Turn 27</h2><div class="spacer battle-history"><br></div><div class="battle-history">Young Kⅰller🔪 withdrew Doublade!<br></div><div class="battle-history">Young Kⅰller🔪 sent out <strong>Slowking</strong>!<br></div><div class="battle-history"><small>Pointed stones dug into the opposing Slowking!</small><br></div><div class="spacer battle-history"><br></div><div class="battle-history">Heracross used <strong>Megahorn</strong>!<br></div><div class="battle-history"><small>It's super effective!</small><br></div><div class="battle-history"><small>A critical hit!</small><br></div><div class="battle-history"><small>(The opposing Slowking lost <abbr title="−120/392">30.6%</abbr> of its health!)</small><br></div><div class="spacer battle-history"><br></div><div class="battle-history">The opposing Slowking fainted!<br></div><div class="battle-history"><small>[Heracross's Moxie]</small><br></div><div class="battle-history"><small>Heracross's Attack rose!</small><br></div><div class="spacer battle-history"><br></div><div class="battle-history">Young Kⅰller🔪 sent out <strong>Doublade</strong>!<br></div><div class="battle-history"><small>Pointed stones dug into the opposing Doublade!</small><br></div><div class="spacer battle-history"><br></div><h2 class="battle-history">Turn 28</h2><div class="spacer battle-history"><br></div><div class="battle-history">Heracross used <strong>Megahorn</strong>!<br></div><div class="battle-history"><small>It's not very effective...</small><br></div><div class="battle-history"><small>(The opposing Doublade lost <abbr title="−51/320">15.9%</abbr> of its health!)</small><br></div><div class="spacer battle-history"><br></div><div class="battle-history">The opposing Doublade used <strong>Swords Dance</strong>!<br></div><div class="battle-history"><small>The opposing Doublade's Attack rose sharply!</small><br></div><div class="spacer battle-history"><br></div><h2 class="battle-history">Turn 29</h2><div class="spacer battle-history"><br></div><div class="battle-history">Heracross, come back!<br></div><div class="battle-history">Go! <strong>Registeel</strong>!<br></div><div class="battle-history"><small>Pointed stones dug into Registeel!</small><br></div><div class="spacer battle-history"><br></div><div class="battle-history">The opposing Doublade used <strong>Shadow Claw</strong>!<br></div><div class="battle-history"><small>(Registeel lost <abbr title="−145/364">39.8%</abbr> of its health!)</small><br></div><div class="spacer battle-history"><br></div><div class="battle-history"><small>Registeel restored a little HP using its Leftovers!</small><br></div><div class="spacer battle-history"><br></div><h2 class="battle-history">Turn 30</h2><div class="spacer battle-history"><br></div><div class="battle-history">Registeel used <strong>Seismic Toss</strong>!<br></div><div class="battle-history"><small>It doesn't affect the opposing Doublade...</small><br></div><div class="spacer battle-history"><br></div><div class="battle-history">The opposing Doublade used <strong>Shadow Claw</strong>!<br></div><div class="battle-history"><small>A critical hit!</small><br></div><div class="battle-history"><small>(Registeel lost <abbr title="−109/364">29.9%</abbr> of its health!)</small><br></div><div class="spacer battle-history"><br></div><div class="battle-history">Registeel fainted!<br></div><div class="spacer battle-history"><br></div><div class="battle-history">Go! <strong>Heracross</strong>!<br></div><div class="battle-history"><small>Pointed stones dug into Heracross!</small><br></div><div class="spacer battle-history"><br></div><h2 class="battle-history">Turn 31</h2><div class="spacer battle-history"><br></div><div class="battle-history">The opposing Doublade used <strong>Shadow Sneak</strong>!<br></div><div class="battle-history"><small>(Heracross lost <abbr title="−145/301">48.2%</abbr> of its health!)</small><br></div><div class="spacer battle-history"><br></div><div class="battle-history">Heracross fainted!<br></div><div class="spacer battle-history"><br></div><div class="battle-history"><strong>Young Kⅰller🔪</strong> won the battle!<br></div></div><div class="inner-preempt"></div></div></div>
</div>
<script>
let daily = Math.floor(Date.now()/1000/60/60/24);document.write('<script src="https://play.pokemonshowdown.com/js/replay-embed.js?version'+daily+'"></'+'script>');
</script>
