<!DOCTYPE html>
<meta charset="utf-8" />
<!-- version 1 -->
<title>RU replay: saimohan vs. LCezasfuck</title>
<style>
html,body {font-family:Verdana, sans-serif;font-size:10pt;margin:0;padding:0;}body{padding:12px 0;} .battle-log {font-family:Verdana, sans-serif;font-size:10pt;} .battle-log-inline {border:1px solid #AAAAAA;background:#EEF2F5;color:black;max-width:640px;margin:0 auto 80px;padding-bottom:5px;} .battle-log .inner {padding:4px 8px 0px 8px;} .battle-log .inner-preempt {padding:0 8px 4px 8px;} .battle-log .inner-after {margin-top:0.5em;} .battle-log h2 {margin:0.5em -8px;padding:4px 8px;border:1px solid #AAAAAA;background:#E0E7EA;border-left:0;border-right:0;font-family:Verdana, sans-serif;font-size:13pt;} .battle-log .chat {vertical-align:middle;padding:3px 0 3px 0;font-size:8pt;} .battle-log .chat strong {color:#40576A;} .battle-log .chat em {padding:1px 4px 1px 3px;color:#000000;font-style:normal;} .chat.mine {background:rgba(0,0,0,0.05);margin-left:-8px;margin-right:-8px;padding-left:8px;padding-right:8px;} .spoiler {color:#BBBBBB;background:#BBBBBB;padding:0px 3px;} .spoiler:hover, .spoiler:active, .spoiler-shown {color:#000000;background:#E2E2E2;padding:0px 3px;} .spoiler a {color:#BBBBBB;} .spoiler:hover a, .spoiler:active a, .spoiler-shown a {color:#2288CC;} .chat code, .chat .spoiler:hover code, .chat .spoiler:active code, .chat .spoiler-shown code {border:1px solid #C0C0C0;background:#EEEEEE;color:black;padding:0 2px;} .chat .spoiler code {border:1px solid #CCCCCC;background:#CCCCCC;color:#CCCCCC;} .battle-log .rated {padding:3px 4px;} .battle-log .rated strong {color:white;background:#89A;padding:1px 4px;border-radius:4px;} .spacer {margin-top:0.5em;} .message-announce {background:#6688AA;color:white;padding:1px 4px 2px;} .message-announce a, .broadcast-green a, .broadcast-blue a, .broadcast-red a {color:#DDEEFF;} .broadcast-green {background-color:#559955;color:white;padding:2px 4px;} .broadcast-blue {background-color:#6688AA;color:white;padding:2px 4px;} .infobox {border:1px solid #6688AA;padding:2px 4px;} .infobox-limited {max-height:200px;overflow:auto;overflow-x:hidden;} .broadcast-red {background-color:#AA5544;color:white;padding:2px 4px;} .message-learn-canlearn {font-weight:bold;color:#228822;text-decoration:underline;} .message-learn-cannotlearn {font-weight:bold;color:#CC2222;text-decoration:underline;} .message-effect-weak {font-weight:bold;color:#CC2222;} .message-effect-resist {font-weight:bold;color:#6688AA;} .message-effect-immune {font-weight:bold;color:#666666;} .message-learn-list {margin-top:0;margin-bottom:0;} .message-throttle-notice, .message-error {color:#992222;} .message-overflow, .chat small.message-overflow {font-size:0pt;} .message-overflow::before {font-size:9pt;content:'...';} .subtle {color:#3A4A66;}
</style>
<div class="wrapper replay-wrapper" style="max-width:1180px;margin:0 auto">
<input type="hidden" name="replayid" value="ru-527449984" />
<div class="battle"></div><div class="battle-log"></div><div class="replay-controls"></div><div class="replay-controls-2"></div>
<h1 style="font-weight:normal;text-align:center"><strong>RU</strong><br /><a href="http://pokemonshowdown.com/users/saimohan" class="subtle" target="_blank">saimohan</a> vs. <a href="http://pokemonshowdown.com/users/lcezasfuck" class="subtle" target="_blank">LCezasfuck</a></h1>
<script type="text/plain" class="battle-log-data">|j|saimohan
|j|LCezasfuck
|player|p1|saimohan|163
|player|p2|LCezasfuck|184
|gametype|singles
|gen|6
|tier|RU
|seed|24155,29920,5461,22975
|rule|Sleep Clause Mod: Limit one foe put to sleep
|rule|Species Clause: Limit one of each Pokémon
|rule|OHKO Clause: OHKO moves are banned
|rule|Moody Clause: Moody is banned
|rule|Evasion Moves Clause: Evasion moves are banned
|rule|Endless Battle Clause: Forcing endless battles is banned
|rule|HP Percentage Mod: HP is shown in percentages
|clearpoke
|poke|p1|Aromatisse, M|item
|poke|p1|Drapion, M, shiny|item
|poke|p1|Qwilfish, M, shiny|item
|poke|p1|Virizion, shiny|item
|poke|p1|Hitmonlee, M, shiny|item
|poke|p1|Glalie, F|item
|poke|p2|Alomomola, F|item
|poke|p2|Togetic, M|item
|poke|p2|Bronzong|item
|poke|p2|Virizion|item
|poke|p2|Glalie, F|item
|poke|p2|Hitmontop, M|item
|rule|Swagger Clause: Swagger is banned
|rule|Baton Pass Clause: Limit one Baton Passer, can't pass Spe and other stats simultaneously
|teampreview
|j|Kjlwzmg
|l|Kjlwzmg
|choice|team 3, team 2, team 1, team 4, team 5, team 6|team 3, team 2, team 1, team 4, team 5, team 6
|
|start
|switch|p1a: Qwilfish|Qwilfish, M, shiny|334\/334
|switch|p2a: U know my pain?|Bronzong|338\/338
|-ability|p1a: Qwilfish|Intimidate|boost
|-unboost|p2a: U know my pain?|atk|1
|turn|1
|choice|move taunt|move stealthrock
|
|move|p1a: Qwilfish|Taunt|p2a: U know my pain?
|-start|p2a: U know my pain?|move: Taunt
|cant|p2a: U know my pain?|move: Taunt|Stealth Rock
|
|upkeep
|turn|2
|choice|move spikes|switch 6
|
|switch|p2a: Bulk up sweep mach|Hitmontop, M|304\/304
|-ability|p2a: Bulk up sweep mach|Intimidate|boost
|-unboost|p1a: Qwilfish|atk|1
|move|p1a: Qwilfish|Spikes|p2a: Bulk up sweep mach
|-sidestart|p2: LCezasfuck|Spikes
|
|upkeep
|turn|3
|choice|move toxicspikes|move rapidspin
|
|move|p1a: Qwilfish|Toxic Spikes|p2a: Bulk up sweep mach
|-sidestart|p2: LCezasfuck|move: Toxic Spikes
|move|p2a: Bulk up sweep mach|Rapid Spin|p1a: Qwilfish
|-damage|p1a: Qwilfish|320\/334
|-sideend|p2: LCezasfuck|Spikes|[from] move: Rapid Spin|[of] p2a: Bulk up sweep mach
|-sideend|p2: LCezasfuck|Toxic Spikes|[from] move: Rapid Spin|[of] p2a: Bulk up sweep mach
|
|-heal|p1a: Qwilfish|334\/334|[from] item: Black Sludge
|upkeep
|turn|4
|choice|move scald|move suckerpunch
|
|move|p2a: Bulk up sweep mach|Sucker Punch|p1a: Qwilfish
|-damage|p1a: Qwilfish|285\/334
|move|p1a: Qwilfish|Scald|p2a: Bulk up sweep mach
|-damage|p2a: Bulk up sweep mach|249\/304
|-enditem|p2a: Bulk up sweep mach|Red Card|[of] p1a: Qwilfish
|drag|p1a: Virizion|Virizion, shiny|323\/323
|
|upkeep
|turn|5
|j|CGLMRA63A27D671U
|choice|move zenheadbutt|move toxic
|
|move|p1a: Virizion|Zen Headbutt|p2a: Bulk up sweep mach|[miss]
|-miss|p1a: Virizion|p2a: Bulk up sweep mach
|move|p2a: Bulk up sweep mach|Toxic|p1a: Virizion|[miss]
|-miss|p2a: Bulk up sweep mach|p1a: Virizion
|
|upkeep
|turn|6
|choice|move zenheadbutt|switch 3
|
|switch|p2a: Bored world|Alomomola, F|534\/534
|move|p1a: Virizion|Zen Headbutt|p2a: Bored world
|-damage|p2a: Bored world|473\/534
|-damage|p1a: Virizion|270\/323|[from] item: Rocky Helmet|[of] p2a: Bored world
|
|upkeep
|turn|7
|choice|move swordsdance|switch 3
|
|switch|p2a: Bulk up sweep mach|Hitmontop, M|249\/304
|-ability|p2a: Bulk up sweep mach|Intimidate|boost
|-unboost|p1a: Virizion|atk|1
|move|p1a: Virizion|Swords Dance|p1a: Virizion
|-boost|p1a: Virizion|atk|2
|
|upkeep
|turn|8
|choice|move leafblade|move toxic
|
|move|p1a: Virizion|Leaf Blade|p2a: Bulk up sweep mach
|-damage|p2a: Bulk up sweep mach|102\/304
|move|p2a: Bulk up sweep mach|Toxic|p1a: Virizion
|-status|p1a: Virizion|tox
|-enditem|p1a: Virizion|Lum Berry|[eat]
|-curestatus|p1a: Virizion|tox|[msg]
|
|upkeep
|turn|9
|choice|move leafblade|switch 2
|
|switch|p2a: I hate my life|Togetic, M|314\/314
|move|p1a: Virizion|Leaf Blade|p2a: I hate my life
|-resisted|p2a: I hate my life
|-damage|p2a: I hate my life|238\/314
|
|upkeep
|turn|10
|choice|move zenheadbutt|move flamethrower
|
|move|p1a: Virizion|Zen Headbutt|p2a: I hate my life
|-damage|p2a: I hate my life|160\/314
|move|p2a: I hate my life|Flamethrower|p1a: Virizion
|-supereffective|p1a: Virizion
|-damage|p1a: Virizion|180\/323
|
|upkeep
|turn|11
|choice|switch 6|move roost
|
|switch|p1a: Glalie|Glalie, F|363\/363
|move|p2a: I hate my life|Roost|p2a: I hate my life
|-heal|p2a: I hate my life|314\/314
|
|upkeep
|turn|12
|choice|move frustration mega|switch 6
|
|switch|p2a: U know my pain?|Bronzong|338\/338
|detailschange|p1a: Glalie|Glalie-Mega, F
|-mega|p1a: Glalie|Glalie|Glalitite
|move|p1a: Glalie|Frustration|p2a: U know my pain?
|-resisted|p2a: U know my pain?
|-damage|p2a: U know my pain?|239\/338
|
|-heal|p2a: U know my pain?|260\/338|[from] item: Leftovers
|upkeep
|turn|13
|choice|switch 5|move stealthrock
|
|switch|p1a: Hitmonlee|Hitmonlee, M, shiny|304\/304
|move|p2a: U know my pain?|Stealth Rock|p1a: Hitmonlee
|-sidestart|p1: saimohan|move: Stealth Rock
|
|-heal|p2a: U know my pain?|281\/338|[from] item: Leftovers
|upkeep
|turn|14
|choice|move fakeout|switch 3
|
|switch|p2a: Bored world|Alomomola, F|534\/534
|move|p1a: Hitmonlee|Fake Out|p2a: Bored world
|-crit|p2a: Bored world
|-damage|p2a: Bored world|475\/534
|-damage|p1a: Hitmonlee|254\/304|[from] item: Rocky Helmet|[of] p2a: Bored world
|
|-heal|p1a: Hitmonlee|273\/304|[from] item: Leftovers
|upkeep
|turn|15
|choice|move knockoff|move wish
|
|move|p1a: Hitmonlee|Knock Off|p2a: Bored world
|-damage|p2a: Bored world|382\/534
|-damage|p1a: Hitmonlee|223\/304|[from] item: Rocky Helmet|[of] p2a: Bored world
|-enditem|p2a: Bored world|Rocky Helmet|[from] move: Knock Off|[of] p1a: Hitmonlee
|move|p2a: Bored world|Wish|p2a: Bored world
|
|-heal|p1a: Hitmonlee|242\/304|[from] item: Leftovers
|upkeep
|turn|16
|choice|switch 2|move toxic
|
|switch|p1a: Drapion|Drapion, M, shiny|343\/343
|-damage|p1a: Drapion|301\/343|[from] Stealth Rock
|move|p2a: Bored world|Toxic|p1a: Drapion
|-immune|p1a: Drapion|[msg]
|
|-heal|p2a: Bored world|534\/534|[from] move: Wish|[wisher] Bored world
|upkeep
|turn|17
|choice|move swordsdance|move scald
|
|move|p1a: Drapion|Swords Dance|p1a: Drapion
|-boost|p1a: Drapion|atk|2
|move|p2a: Bored world|Scald|p1a: Drapion
|-damage|p1a: Drapion|240\/343
|
|upkeep
|turn|18
|choice|move poisonjab|move scald
|
|move|p1a: Drapion|Poison Jab|p2a: Bored world
|-damage|p2a: Bored world|347\/534
|-status|p2a: Bored world|psn
|move|p2a: Bored world|Scald|p1a: Drapion
|-damage|p1a: Drapion|177\/343
|
|-damage|p2a: Bored world|281\/534 psn|[from] psn
|upkeep
|turn|19
|choice|move swordsdance|switch 2
|
|switch|p2a: Bulk up sweep mach|Hitmontop, M|102\/304
|-ability|p2a: Bulk up sweep mach|Intimidate|boost
|-unboost|p1a: Drapion|atk|1
|move|p1a: Drapion|Swords Dance|p1a: Drapion
|-boost|p1a: Drapion|atk|2
|
|upkeep
|turn|20
|choice|move poisonjab|move closecombat
|
|move|p1a: Drapion|Poison Jab|p2a: Bulk up sweep mach
|-damage|p2a: Bulk up sweep mach|0 fnt
|faint|p2a: Bulk up sweep mach
|
|upkeep
|choice||switch 5
|
|switch|p2a: StallBreaker|Glalie, F|301\/301
|turn|21
|choice|move knockoff|move earthquake mega
|
|detailschange|p2a: StallBreaker|Glalie-Mega, F
|-mega|p2a: StallBreaker|Glalie|Glalitite
|move|p2a: StallBreaker|Earthquake|p1a: Drapion
|-supereffective|p1a: Drapion
|-damage|p1a: Drapion|0 fnt
|faint|p1a: Drapion
|
|upkeep
|choice|switch 2|
|
|switch|p1a: Hitmonlee|Hitmonlee, M, shiny|242\/304
|-damage|p1a: Hitmonlee|223\/304|[from] Stealth Rock
|turn|22
|choice|move fakeout|move doubleedge
|
|move|p1a: Hitmonlee|Fake Out|p2a: StallBreaker
|-damage|p2a: StallBreaker|236\/301
|cant|p2a: StallBreaker|flinch
|
|-heal|p1a: Hitmonlee|242\/304|[from] item: Leftovers
|upkeep
|turn|23
|choice|move highjumpkick|move doubleedge
|
|move|p2a: StallBreaker|Double-Edge|p1a: Hitmonlee
|-damage|p1a: Hitmonlee|0 fnt
|-damage|p2a: StallBreaker|156\/301|[from] recoil|[of] p1a: Hitmonlee
|faint|p1a: Hitmonlee
|
|upkeep
|choice|switch 3|
|
|switch|p1a: Aromatisse|Aromatisse, M|406\/406
|-damage|p1a: Aromatisse|356\/406|[from] Stealth Rock
|turn|24
|choice|move moonblast|move spikes
|
|move|p2a: StallBreaker|Spikes|p1a: Aromatisse
|-sidestart|p1: saimohan|Spikes
|move|p1a: Aromatisse|Moonblast|p2a: StallBreaker
|-damage|p2a: StallBreaker|0 fnt
|faint|p2a: StallBreaker
|
|-heal|p1a: Aromatisse|381\/406|[from] item: Leftovers
|upkeep
|choice||switch 3
|
|switch|p2a: U know my pain?|Bronzong|281\/338
|turn|25
|choice|move magiccoat|move toxic
|
|move|p1a: Aromatisse|Magic Coat|p1a: Aromatisse
|-singleturn|p1a: Aromatisse|move: Magic Coat
|move|p2a: U know my pain?|Toxic|p1a: Aromatisse
|move|p1a: Aromatisse|Toxic|p2a: U know my pain?|[from]Magic Coat
|-immune|p2a: U know my pain?|[msg]
|
|-heal|p1a: Aromatisse|406\/406|[from] item: Leftovers
|-heal|p2a: U know my pain?|302\/338|[from] item: Leftovers
|upkeep
|turn|26
|choice|switch 5|switch 6
|
|switch|p1a: Glalie|Glalie-Mega, F|363\/363
|-damage|p1a: Glalie|318\/363|[from] Spikes
|-damage|p1a: Glalie|228\/363|[from] Stealth Rock
|switch|p2a: I hate my life|Togetic, M|314\/314
|
|upkeep
|turn|27
|choice|move frustration|switch 6
|
|switch|p2a: U know my pain?|Bronzong|302\/338
|move|p1a: Glalie|Frustration|p2a: U know my pain?
|-resisted|p2a: U know my pain?
|-damage|p2a: U know my pain?|197\/338
|
|-heal|p2a: U know my pain?|218\/338|[from] item: Leftovers
|upkeep
|turn|28
|choice|move doubleedge|move gyroball
|
|move|p1a: Glalie|Double-Edge|p2a: U know my pain?
|-resisted|p2a: U know my pain?
|-damage|p2a: U know my pain?|96\/338
|-damage|p1a: Glalie|188\/363|[from] recoil|[of] p2a: U know my pain?
|move|p2a: U know my pain?|Gyro Ball|p1a: Glalie
|-supereffective|p1a: Glalie
|-damage|p1a: Glalie|0 fnt
|faint|p1a: Glalie
|
|-heal|p2a: U know my pain?|117\/338|[from] item: Leftovers
|upkeep
|choice|switch 4|
|
|switch|p1a: Qwilfish|Qwilfish, M, shiny|285\/334
|-damage|p1a: Qwilfish|244\/334|[from] Spikes
|-damage|p1a: Qwilfish|203\/334|[from] Stealth Rock
|-ability|p1a: Qwilfish|Intimidate|boost
|-unboost|p2a: U know my pain?|atk|1
|turn|29
|l|CGLMRA63A27D671U
|choice|move toxicspikes|switch 4
|
|switch|p2a: StallBreaker2|Virizion|323\/323
|move|p1a: Qwilfish|Toxic Spikes|p2a: StallBreaker2
|-sidestart|p2: LCezasfuck|move: Toxic Spikes
|
|-heal|p1a: Qwilfish|223\/334|[from] item: Black Sludge
|upkeep
|turn|30
|choice|move taunt|move swordsdance
|
|move|p2a: StallBreaker2|Swords Dance|p2a: StallBreaker2
|-boost|p2a: StallBreaker2|atk|2
|move|p1a: Qwilfish|Taunt|p2a: StallBreaker2
|-start|p2a: StallBreaker2|move: Taunt
|
|-heal|p1a: Qwilfish|243\/334|[from] item: Black Sludge
|upkeep
|turn|31
|c|★saimohan|gg
|choice|move scald|move leafblade
|
|move|p2a: StallBreaker2|Leaf Blade|p1a: Qwilfish
|-crit|p1a: Qwilfish
|-damage|p1a: Qwilfish|0 fnt
|faint|p1a: Qwilfish
|
|upkeep
|choice|switch 6|
|
|switch|p1a: Virizion|Virizion, shiny|180\/323
|-damage|p1a: Virizion|140\/323|[from] Spikes
|-damage|p1a: Virizion|120\/323|[from] Stealth Rock
|turn|32
|choice|move zenheadbutt|move leafblade
|
|move|p1a: Virizion|Zen Headbutt|p2a: StallBreaker2
|-supereffective|p2a: StallBreaker2
|-damage|p2a: StallBreaker2|121\/323
|move|p2a: StallBreaker2|Leaf Blade|p1a: Virizion
|-resisted|p1a: Virizion
|-crit|p1a: Virizion
|-damage|p1a: Virizion|0 fnt
|faint|p1a: Virizion
|
|upkeep
|choice|switch 5|
|
|switch|p1a: Aromatisse|Aromatisse, M|406\/406
|-damage|p1a: Aromatisse|356\/406|[from] Spikes
|-damage|p1a: Aromatisse|306\/406|[from] Stealth Rock
|turn|33
|choice|move psychic|move leafblade
|
|move|p2a: StallBreaker2|Leaf Blade|p1a: Aromatisse
|-damage|p1a: Aromatisse|0 fnt
|faint|p1a: Aromatisse
|
|win|LCezasfuck
|player|p1
|player|p2
|l|saimohan</script>
</div>
<div class="battle-log battle-log-inline"><div class="inner"><div class="battle-options"></div><div class="inner"><div class="chat"><small>saimohan joined.</small></div><div class="chat"><small>LCezasfuck joined.</small></div><div class=""><small>Format:</small> <br><strong>RU</strong></div><div class=""><small><em>Sleep Clause Mod:</em> Limit one foe put to sleep</small></div><div class=""><small><em>Species Clause:</em> Limit one of each Pokémon</small></div><div class=""><small><em>OHKO Clause:</em> OHKO moves are banned</small></div><div class=""><small><em>Moody Clause:</em> Moody is banned</small></div><div class=""><small><em>Evasion Moves Clause:</em> Evasion moves are banned</small></div><div class=""><small><em>Endless Battle Clause:</em> Forcing endless battles is banned</small></div><div class=""><small><em>HP Percentage Mod:</em> HP is shown in percentages</small></div><div class=""><small><em>Swagger Clause:</em> Swagger is banned</small></div><div class=""><small><em>Baton Pass Clause:</em> Limit one Baton Passer, can't pass Spe and other stats simultaneously</small></div><div class="chat battle-history"><strong>saimohan's team:</strong> <em style="color:#445566;display:block;">Aromatisse / Drapion / Qwilfish / Virizion / Hitmonlee / Glalie</em></div><div class="chat battle-history"><strong>LCezasfuck's team:</strong> <em style="color:#445566;display:block;">Alomomola / Togetic / Bronzong / Virizion / Glalie / Hitmontop</em></div><div class="chat"><small>Kjlwzmg joined.</small></div><div class="chat"><small>Kjlwzmg left.</small></div><div class="spacer battle-history"><br></div><div class="battle-history">Battle started between saimohan and LCezasfuck!<br></div><div class="spacer battle-history"><br></div><div class="battle-history">Go! <strong>Qwilfish</strong>!<br></div><div class="spacer battle-history"><br></div><div class="battle-history">LCezasfuck sent out U know my pain? (<strong>Bronzong</strong>)!<br></div><div class="battle-history"><small>[Qwilfish's Intimidate]</small><br></div><div class="battle-history"><small>The opposing U know my pain?'s Attack fell!</small><br></div><div class="spacer battle-history"><br></div><h2 class="battle-history">Turn 1</h2><div class="spacer battle-history"><br></div><div class="battle-history">Qwilfish used <strong>Taunt</strong>!<br></div><div class="battle-history"><small>The opposing U know my pain? fell for the taunt!</small><br></div><div class="spacer battle-history"><br></div><div class="battle-history">The opposing U know my pain? can't use Stealth Rock after the taunt!<br></div><div class="spacer battle-history"><br></div><h2 class="battle-history">Turn 2</h2><div class="spacer battle-history"><br></div><div class="battle-history">LCezasfuck withdrew U know my pain?!<br></div><div class="battle-history">LCezasfuck sent out Bulk up sweep mach (<strong>Hitmontop</strong>)!<br></div><div class="battle-history"><small>[The opposing Bulk up sweep mach's Intimidate]</small><br></div><div class="battle-history"><small>Qwilfish's Attack fell!</small><br></div><div class="spacer battle-history"><br></div><div class="battle-history">Qwilfish used <strong>Spikes</strong>!<br></div><div class="battle-history"><small>Spikes were scattered on the ground all around the opposing team!</small><br></div><div class="spacer battle-history"><br></div><h2 class="battle-history">Turn 3</h2><div class="spacer battle-history"><br></div><div class="battle-history">Qwilfish used <strong>Toxic Spikes</strong>!<br></div><div class="battle-history"><small>Poison spikes were scattered on the ground all around the opposing team!</small><br></div><div class="spacer battle-history"><br></div><div class="battle-history">The opposing Bulk up sweep mach used <strong>Rapid Spin</strong>!<br></div><div class="battle-history"><small>(Qwilfish lost <abbr title="−14/334">4.2%</abbr> of its health!)</small><br></div><div class="battle-history"><small>The spikes disappeared from the ground around the opposing team!</small><br></div><div class="battle-history"><small>The poison spikes disappeared from the ground around the opposing team!</small><br></div><div class="spacer battle-history"><br></div><div class="battle-history"><small>Qwilfish restored a little HP using its Black Sludge!</small><br></div><div class="spacer battle-history"><br></div><h2 class="battle-history">Turn 4</h2><div class="spacer battle-history"><br></div><div class="battle-history">The opposing Bulk up sweep mach used <strong>Sucker Punch</strong>!<br></div><div class="battle-history"><small>(Qwilfish lost <abbr title="−49/334">14.7%</abbr> of its health!)</small><br></div><div class="spacer battle-history"><br></div><div class="battle-history">Qwilfish used <strong>Scald</strong>!<br></div><div class="battle-history"><small>(The opposing Bulk up sweep mach lost <abbr title="−55/304">18.1%</abbr> of its health!)</small><br></div><div class="battle-history"><small>The opposing Bulk up sweep mach held up its Red Card against Qwilfish!</small><br></div><div class="spacer battle-history"><br></div><div class="battle-history"><strong>Virizion</strong> was dragged out!<br></div><div class="spacer battle-history"><br></div><h2 class="battle-history">Turn 5</h2><div class="chat"><small>CGLMRA63A27D671U joined.</small></div><div class="spacer battle-history"><br></div><div class="battle-history">Virizion used <strong>Zen Headbutt</strong>!<br></div><div class="battle-history"><small>The opposing Bulk up sweep mach avoided the attack!</small><br></div><div class="spacer battle-history"><br></div><div class="battle-history">The opposing Bulk up sweep mach used <strong>Toxic</strong>!<br></div><div class="battle-history"><small>Virizion avoided the attack!</small><br></div><div class="spacer battle-history"><br></div><h2 class="battle-history">Turn 6</h2><div class="spacer battle-history"><br></div><div class="battle-history">LCezasfuck withdrew Bulk up sweep mach!<br></div><div class="battle-history">LCezasfuck sent out Bored world (<strong>Alomomola</strong>)!<br></div><div class="spacer battle-history"><br></div><div class="battle-history">Virizion used <strong>Zen Headbutt</strong>!<br></div><div class="battle-history"><small>(The opposing Bored world lost <abbr title="−61/534">11.4%</abbr> of its health!)</small><br></div><div class="battle-history"><small>Virizion was hurt by the Rocky Helmet!</small><br></div><div class="spacer battle-history"><br></div><h2 class="battle-history">Turn 7</h2><div class="spacer battle-history"><br></div><div class="battle-history">LCezasfuck withdrew Bored world!<br></div><div class="battle-history">LCezasfuck sent out Bulk up sweep mach (<strong>Hitmontop</strong>)!<br></div><div class="battle-history"><small>[The opposing Bulk up sweep mach's Intimidate]</small><br></div><div class="battle-history"><small>Virizion's Attack fell!</small><br></div><div class="spacer battle-history"><br></div><div class="battle-history">Virizion used <strong>Swords Dance</strong>!<br></div><div class="battle-history"><small>Virizion's Attack rose sharply!</small><br></div><div class="spacer battle-history"><br></div><h2 class="battle-history">Turn 8</h2><div class="spacer battle-history"><br></div><div class="battle-history">Virizion used <strong>Leaf Blade</strong>!<br></div><div class="battle-history"><small>(The opposing Bulk up sweep mach lost <abbr title="−147/304">48.4%</abbr> of its health!)</small><br></div><div class="spacer battle-history"><br></div><div class="battle-history">The opposing Bulk up sweep mach used <strong>Toxic</strong>!<br></div><div class="battle-history"><small>Virizion was badly poisoned!</small><br></div><div class="battle-history"><small>Virizion ate its Lum Berry!</small><br></div><div class="battle-history"><small>Virizion was cured of its poisoning.</small><br></div><div class="spacer battle-history"><br></div><h2 class="battle-history">Turn 9</h2><div class="spacer battle-history"><br></div><div class="battle-history">LCezasfuck withdrew Bulk up sweep mach!<br></div><div class="battle-history">LCezasfuck sent out I hate my life (<strong>Togetic</strong>)!<br></div><div class="spacer battle-history"><br></div><div class="battle-history">Virizion used <strong>Leaf Blade</strong>!<br></div><div class="battle-history"><small>It's not very effective...</small><br></div><div class="battle-history"><small>(The opposing I hate my life lost <abbr title="−76/314">24.2%</abbr> of its health!)</small><br></div><div class="spacer battle-history"><br></div><h2 class="battle-history">Turn 10</h2><div class="spacer battle-history"><br></div><div class="battle-history">Virizion used <strong>Zen Headbutt</strong>!<br></div><div class="battle-history"><small>(The opposing I hate my life lost <abbr title="−78/314">24.8%</abbr> of its health!)</small><br></div><div class="spacer battle-history"><br></div><div class="battle-history">The opposing I hate my life used <strong>Flamethrower</strong>!<br></div><div class="battle-history"><small>It's super effective!</small><br></div><div class="battle-history"><small>(Virizion lost <abbr title="−90/323">27.9%</abbr> of its health!)</small><br></div><div class="spacer battle-history"><br></div><h2 class="battle-history">Turn 11</h2><div class="spacer battle-history"><br></div><div class="battle-history">Virizion, come back!<br></div><div class="battle-history">Go! <strong>Glalie</strong>!<br></div><div class="spacer battle-history"><br></div><div class="battle-history">The opposing I hate my life used <strong>Roost</strong>!<br></div><div class="battle-history"><small>The opposing I hate my life restored its HP.</small><br></div><div class="spacer battle-history"><br></div><h2 class="battle-history">Turn 12</h2><div class="spacer battle-history"><br></div><div class="battle-history">LCezasfuck withdrew I hate my life!<br></div><div class="battle-history">LCezasfuck sent out U know my pain? (<strong>Bronzong</strong>)!<br></div><div class="spacer battle-history"><br></div><div class="battle-history"><small>Glalie's Glalitite is reacting to saimohan's Mega Bracelet!</small><br>Glalie has Mega Evolved into Mega Glalie!<br></div><div class="spacer battle-history"><br></div><div class="battle-history">Glalie used <strong>Frustration</strong>!<br></div><div class="battle-history"><small>It's not very effective...</small><br></div><div class="battle-history"><small>(The opposing U know my pain? lost <abbr title="−99/338">29.3%</abbr> of its health!)</small><br></div><div class="spacer battle-history"><br></div><div class="battle-history"><small>The opposing U know my pain? restored a little HP using its Leftovers!</small><br></div><div class="spacer battle-history"><br></div><h2 class="battle-history">Turn 13</h2><div class="spacer battle-history"><br></div><div class="battle-history">Glalie, come back!<br></div><div class="battle-history">Go! <strong>Hitmonlee</strong>!<br></div><div class="spacer battle-history"><br></div><div class="battle-history">The opposing U know my pain? used <strong>Stealth Rock</strong>!<br></div><div class="battle-history"><small>Pointed stones float in the air around your team!</small><br></div><div class="spacer battle-history"><br></div><div class="battle-history"><small>The opposing U know my pain? restored a little HP using its Leftovers!</small><br></div><div class="spacer battle-history"><br></div><h2 class="battle-history">Turn 14</h2><div class="spacer battle-history"><br></div><div class="battle-history">LCezasfuck withdrew U know my pain?!<br></div><div class="battle-history">LCezasfuck sent out Bored world (<strong>Alomomola</strong>)!<br></div><div class="spacer battle-history"><br></div><div class="battle-history">Hitmonlee used <strong>Fake Out</strong>!<br></div><div class="battle-history"><small>A critical hit!</small><br></div><div class="battle-history"><small>(The opposing Bored world lost <abbr title="−59/534">11.0%</abbr> of its health!)</small><br></div><div class="battle-history"><small>Hitmonlee was hurt by the Rocky Helmet!</small><br></div><div class="spacer battle-history"><br></div><div class="battle-history"><small>Hitmonlee restored a little HP using its Leftovers!</small><br></div><div class="spacer battle-history"><br></div><h2 class="battle-history">Turn 15</h2><div class="spacer battle-history"><br></div><div class="battle-history">Hitmonlee used <strong>Knock Off</strong>!<br></div><div class="battle-history"><small>(The opposing Bored world lost <abbr title="−93/534">17.4%</abbr> of its health!)</small><br></div><div class="battle-history"><small>Hitmonlee was hurt by the Rocky Helmet!</small><br></div><div class="battle-history"><small>Hitmonlee knocked off the opposing Bored world's Rocky Helmet!</small><br></div><div class="spacer battle-history"><br></div><div class="battle-history">The opposing Bored world used <strong>Wish</strong>!<br></div><div class="spacer battle-history"><br></div><div class="battle-history"><small>Hitmonlee restored a little HP using its Leftovers!</small><br></div><div class="spacer battle-history"><br></div><h2 class="battle-history">Turn 16</h2><div class="spacer battle-history"><br></div><div class="battle-history">Hitmonlee, come back!<br></div><div class="battle-history">Go! <strong>Drapion</strong>!<br></div><div class="battle-history"><small>Pointed stones dug into Drapion!</small><br></div><div class="spacer battle-history"><br></div><div class="battle-history">The opposing Bored world used <strong>Toxic</strong>!<br></div><div class="battle-history"><small>It doesn't affect Drapion...</small><br></div><div class="spacer battle-history"><br></div><div class="battle-history"><small>Bored world's wish came true!</small><br></div><div class="spacer battle-history"><br></div><h2 class="battle-history">Turn 17</h2><div class="spacer battle-history"><br></div><div class="battle-history">Drapion used <strong>Swords Dance</strong>!<br></div><div class="battle-history"><small>Drapion's Attack rose sharply!</small><br></div><div class="spacer battle-history"><br></div><div class="battle-history">The opposing Bored world used <strong>Scald</strong>!<br></div><div class="battle-history"><small>(Drapion lost <abbr title="−61/343">17.8%</abbr> of its health!)</small><br></div><div class="spacer battle-history"><br></div><h2 class="battle-history">Turn 18</h2><div class="spacer battle-history"><br></div><div class="battle-history">Drapion used <strong>Poison Jab</strong>!<br></div><div class="battle-history"><small>(The opposing Bored world lost <abbr title="−187/534">35.0%</abbr> of its health!)</small><br></div><div class="battle-history"><small>The opposing Bored world was poisoned!</small><br></div><div class="spacer battle-history"><br></div><div class="battle-history">The opposing Bored world used <strong>Scald</strong>!<br></div><div class="battle-history"><small>(Drapion lost <abbr title="−63/343">18.4%</abbr> of its health!)</small><br></div><div class="spacer battle-history"><br></div><div class="battle-history"><small>The opposing Bored world was hurt by poison!</small><br></div><div class="spacer battle-history"><br></div><h2 class="battle-history">Turn 19</h2><div class="spacer battle-history"><br></div><div class="battle-history">LCezasfuck withdrew Bored world!<br></div><div class="battle-history">LCezasfuck sent out Bulk up sweep mach (<strong>Hitmontop</strong>)!<br></div><div class="battle-history"><small>[The opposing Bulk up sweep mach's Intimidate]</small><br></div><div class="battle-history"><small>Drapion's Attack fell!</small><br></div><div class="spacer battle-history"><br></div><div class="battle-history">Drapion used <strong>Swords Dance</strong>!<br></div><div class="battle-history"><small>Drapion's Attack rose sharply!</small><br></div><div class="spacer battle-history"><br></div><h2 class="battle-history">Turn 20</h2><div class="spacer battle-history"><br></div><div class="battle-history">Drapion used <strong>Poison Jab</strong>!<br></div><div class="battle-history"><small>(The opposing Bulk up sweep mach lost <abbr title="−102/304">33.6%</abbr> of its health!)</small><br></div><div class="spacer battle-history"><br></div><div class="battle-history">The opposing Bulk up sweep mach fainted!<br></div><div class="spacer battle-history"><br></div><div class="battle-history">LCezasfuck sent out StallBreaker (<strong>Glalie</strong>)!<br></div><div class="spacer battle-history"><br></div><h2 class="battle-history">Turn 21</h2><div class="spacer battle-history"><br></div><div class="battle-history"><small>The opposing StallBreaker's Glalitite is reacting to LCezasfuck's Mega Bracelet!</small><br>The opposing StallBreaker has Mega Evolved into Mega Glalie!<br></div><div class="spacer battle-history"><br></div><div class="battle-history">The opposing StallBreaker used <strong>Earthquake</strong>!<br></div><div class="battle-history"><small>It's super effective!</small><br></div><div class="battle-history"><small>(Drapion lost <abbr title="−177/343">51.6%</abbr> of its health!)</small><br></div><div class="spacer battle-history"><br></div><div class="battle-history">Drapion fainted!<br></div><div class="spacer battle-history"><br></div><div class="battle-history">Go! <strong>Hitmonlee</strong>!<br></div><div class="battle-history"><small>Pointed stones dug into Hitmonlee!</small><br></div><div class="spacer battle-history"><br></div><h2 class="battle-history">Turn 22</h2><div class="spacer battle-history"><br></div><div class="battle-history">Hitmonlee used <strong>Fake Out</strong>!<br></div><div class="battle-history"><small>(The opposing StallBreaker lost <abbr title="−65/301">21.6%</abbr> of its health!)</small><br></div><div class="spacer battle-history"><br></div><div class="battle-history">The opposing StallBreaker flinched and couldn't move!<br></div><div class="spacer battle-history"><br></div><div class="battle-history"><small>Hitmonlee restored a little HP using its Leftovers!</small><br></div><div class="spacer battle-history"><br></div><h2 class="battle-history">Turn 23</h2><div class="spacer battle-history"><br></div><div class="battle-history">The opposing StallBreaker used <strong>Double-Edge</strong>!<br></div><div class="battle-history"><small>(Hitmonlee lost <abbr title="−242/304">79.6%</abbr> of its health!)</small><br></div><div class="battle-history"><small>The opposing StallBreaker is damaged by the recoil!</small><br></div><div class="spacer battle-history"><br></div><div class="battle-history">Hitmonlee fainted!<br></div><div class="spacer battle-history"><br></div><div class="battle-history">Go! <strong>Aromatisse</strong>!<br></div><div class="battle-history"><small>Pointed stones dug into Aromatisse!</small><br></div><div class="spacer battle-history"><br></div><h2 class="battle-history">Turn 24</h2><div class="spacer battle-history"><br></div><div class="battle-history">The opposing StallBreaker used <strong>Spikes</strong>!<br></div><div class="battle-history"><small>Spikes were scattered on the ground all around your team!</small><br></div><div class="spacer battle-history"><br></div><div class="battle-history">Aromatisse used <strong>Moonblast</strong>!<br></div><div class="battle-history"><small>(The opposing StallBreaker lost <abbr title="−156/301">51.8%</abbr> of its health!)</small><br></div><div class="spacer battle-history"><br></div><div class="battle-history">The opposing StallBreaker fainted!<br></div><div class="spacer battle-history"><br></div><div class="battle-history"><small>Aromatisse restored a little HP using its Leftovers!</small><br></div><div class="spacer battle-history"><br></div><div class="battle-history">LCezasfuck sent out U know my pain? (<strong>Bronzong</strong>)!<br></div><div class="spacer battle-history"><br></div><h2 class="battle-history">Turn 25</h2><div class="spacer battle-history"><br></div><div class="battle-history">Aromatisse used <strong>Magic Coat</strong>!<br></div><div class="battle-history"><small>Aromatisse shrouded itself with Magic Coat!</small><br></div><div class="spacer battle-history"><br></div><div class="battle-history">The opposing U know my pain? used <strong>Toxic</strong>!<br></div><div class="spacer battle-history"><br></div><div class="battle-history">Aromatisse bounced the Toxic back!<br></div><div class="battle-history"><small>It doesn't affect the opposing U know my pain?...</small><br></div><div class="spacer battle-history"><br></div><div class="battle-history"><small>Aromatisse restored a little HP using its Leftovers!</small><br></div><div class="battle-history"><small>The opposing U know my pain? restored a little HP using its Leftovers!</small><br></div><div class="spacer battle-history"><br></div><h2 class="battle-history">Turn 26</h2><div class="spacer battle-history"><br></div><div class="battle-history">Aromatisse, come back!<br></div><div class="battle-history">Go! Glalie (<strong>Glalie-Mega</strong>)!<br></div><div class="battle-history"><small>Glalie is hurt by the spikes!</small><br></div><div class="battle-history"><small>Pointed stones dug into Glalie!</small><br></div><div class="spacer battle-history"><br></div><div class="battle-history">LCezasfuck withdrew U know my pain?!<br></div><div class="battle-history">LCezasfuck sent out I hate my life (<strong>Togetic</strong>)!<br></div><div class="spacer battle-history"><br></div><h2 class="battle-history">Turn 27</h2><div class="spacer battle-history"><br></div><div class="battle-history">LCezasfuck withdrew I hate my life!<br></div><div class="battle-history">LCezasfuck sent out U know my pain? (<strong>Bronzong</strong>)!<br></div><div class="spacer battle-history"><br></div><div class="battle-history">Glalie used <strong>Frustration</strong>!<br></div><div class="battle-history"><small>It's not very effective...</small><br></div><div class="battle-history"><small>(The opposing U know my pain? lost <abbr title="−105/338">31.1%</abbr> of its health!)</small><br></div><div class="spacer battle-history"><br></div><div class="battle-history"><small>The opposing U know my pain? restored a little HP using its Leftovers!</small><br></div><div class="spacer battle-history"><br></div><h2 class="battle-history">Turn 28</h2><div class="spacer battle-history"><br></div><div class="battle-history">Glalie used <strong>Double-Edge</strong>!<br></div><div class="battle-history"><small>It's not very effective...</small><br></div><div class="battle-history"><small>(The opposing U know my pain? lost <abbr title="−122/338">36.1%</abbr> of its health!)</small><br></div><div class="battle-history"><small>Glalie is damaged by the recoil!</small><br></div><div class="spacer battle-history"><br></div><div class="battle-history">The opposing U know my pain? used <strong>Gyro Ball</strong>!<br></div><div class="battle-history"><small>It's super effective!</small><br></div><div class="battle-history"><small>(Glalie lost <abbr title="−188/363">51.8%</abbr> of its health!)</small><br></div><div class="spacer battle-history"><br></div><div class="battle-history">Glalie fainted!<br></div><div class="spacer battle-history"><br></div><div class="battle-history"><small>The opposing U know my pain? restored a little HP using its Leftovers!</small><br></div><div class="spacer battle-history"><br></div><div class="battle-history">Go! <strong>Qwilfish</strong>!<br></div><div class="battle-history"><small>Qwilfish is hurt by the spikes!</small><br></div><div class="battle-history"><small>Pointed stones dug into Qwilfish!</small><br></div><div class="battle-history"><small>[Qwilfish's Intimidate]</small><br></div><div class="battle-history"><small>The opposing U know my pain?'s Attack fell!</small><br></div><div class="spacer battle-history"><br></div><h2 class="battle-history">Turn 29</h2><div class="chat"><small>CGLMRA63A27D671U left.</small></div><div class="spacer battle-history"><br></div><div class="battle-history">LCezasfuck withdrew U know my pain?!<br></div><div class="battle-history">LCezasfuck sent out StallBreaker2 (<strong>Virizion</strong>)!<br></div><div class="spacer battle-history"><br></div><div class="battle-history">Qwilfish used <strong>Toxic Spikes</strong>!<br></div><div class="battle-history"><small>Poison spikes were scattered on the ground all around the opposing team!</small><br></div><div class="spacer battle-history"><br></div><div class="battle-history"><small>Qwilfish restored a little HP using its Black Sludge!</small><br></div><div class="spacer battle-history"><br></div><h2 class="battle-history">Turn 30</h2><div class="spacer battle-history"><br></div><div class="battle-history">The opposing StallBreaker2 used <strong>Swords Dance</strong>!<br></div><div class="battle-history"><small>The opposing StallBreaker2's Attack rose sharply!</small><br></div><div class="spacer battle-history"><br></div><div class="battle-history">Qwilfish used <strong>Taunt</strong>!<br></div><div class="battle-history"><small>The opposing StallBreaker2 fell for the taunt!</small><br></div><div class="spacer battle-history"><br></div><div class="battle-history"><small>Qwilfish restored a little HP using its Black Sludge!</small><br></div><div class="spacer battle-history"><br></div><h2 class="battle-history">Turn 31</h2><div class="chat chatmessage-saimohan"><strong style="color:hsl(55,75%,34.23802893421876%)"><small>★</small><span class="username" data-name="saimohan">saimohan</span>:</strong> <em>gg</em></div><div class="spacer battle-history"><br></div><div class="battle-history">The opposing StallBreaker2 used <strong>Leaf Blade</strong>!<br></div><div class="battle-history"><small>A critical hit!</small><br></div><div class="battle-history"><small>(Qwilfish lost <abbr title="−243/334">72.8%</abbr> of its health!)</small><br></div><div class="spacer battle-history"><br></div><div class="battle-history">Qwilfish fainted!<br></div><div class="spacer battle-history"><br></div><div class="battle-history">Go! <strong>Virizion</strong>!<br></div><div class="battle-history"><small>Virizion is hurt by the spikes!</small><br></div><div class="battle-history"><small>Pointed stones dug into Virizion!</small><br></div><div class="spacer battle-history"><br></div><h2 class="battle-history">Turn 32</h2><div class="spacer battle-history"><br></div><div class="battle-history">Virizion used <strong>Zen Headbutt</strong>!<br></div><div class="battle-history"><small>It's super effective!</small><br></div><div class="battle-history"><small>(The opposing StallBreaker2 lost <abbr title="−202/323">62.5%</abbr> of its health!)</small><br></div><div class="spacer battle-history"><br></div><div class="battle-history">The opposing StallBreaker2 used <strong>Leaf Blade</strong>!<br></div><div class="battle-history"><small>It's not very effective...</small><br></div><div class="battle-history"><small>A critical hit!</small><br></div><div class="battle-history"><small>(Virizion lost <abbr title="−120/323">37.2%</abbr> of its health!)</small><br></div><div class="spacer battle-history"><br></div><div class="battle-history">Virizion fainted!<br></div><div class="spacer battle-history"><br></div><div class="battle-history">Go! <strong>Aromatisse</strong>!<br></div><div class="battle-history"><small>Aromatisse is hurt by the spikes!</small><br></div><div class="battle-history"><small>Pointed stones dug into Aromatisse!</small><br></div><div class="spacer battle-history"><br></div><h2 class="battle-history">Turn 33</h2><div class="spacer battle-history"><br></div><div class="battle-history">The opposing StallBreaker2 used <strong>Leaf Blade</strong>!<br></div><div class="battle-history"><small>(Aromatisse lost <abbr title="−306/406">75.4%</abbr> of its health!)</small><br></div><div class="spacer battle-history"><br></div><div class="battle-history">Aromatisse fainted!<br></div><div class="spacer battle-history"><br></div><div class="battle-history"><strong>LCezasfuck</strong> won the battle!<br></div><div class="chat"><small>saimohan left.</small></div></div><div class="inner-preempt"></div></div></div>
</div>
<script>
let daily = Math.floor(Date.now()/1000/60/60/24);document.write('<script src="https://play.pokemonshowdown.com/js/replay-embed.js?version'+daily+'"></'+'script>');
</script>
