<!DOCTYPE html>
<meta charset="utf-8" />
<!-- version 1 -->
<title>RU replay: Finchinator vs. Raakan</title>
<style>
html,body {font-family:Verdana, sans-serif;font-size:10pt;margin:0;padding:0;}body{padding:12px 0;} .battle-log {font-family:Verdana, sans-serif;font-size:10pt;} .battle-log-inline {border:1px solid #AAAAAA;background:#EEF2F5;color:black;max-width:640px;margin:0 auto 80px;padding-bottom:5px;} .battle-log .inner {padding:4px 8px 0px 8px;} .battle-log .inner-preempt {padding:0 8px 4px 8px;} .battle-log .inner-after {margin-top:0.5em;} .battle-log h2 {margin:0.5em -8px;padding:4px 8px;border:1px solid #AAAAAA;background:#E0E7EA;border-left:0;border-right:0;font-family:Verdana, sans-serif;font-size:13pt;} .battle-log .chat {vertical-align:middle;padding:3px 0 3px 0;font-size:8pt;} .battle-log .chat strong {color:#40576A;} .battle-log .chat em {padding:1px 4px 1px 3px;color:#000000;font-style:normal;} .chat.mine {background:rgba(0,0,0,0.05);margin-left:-8px;margin-right:-8px;padding-left:8px;padding-right:8px;} .spoiler {color:#BBBBBB;background:#BBBBBB;padding:0px 3px;} .spoiler:hover, .spoiler:active, .spoiler-shown {color:#000000;background:#E2E2E2;padding:0px 3px;} .spoiler a {color:#BBBBBB;} .spoiler:hover a, .spoiler:active a, .spoiler-shown a {color:#2288CC;} .chat code, .chat .spoiler:hover code, .chat .spoiler:active code, .chat .spoiler-shown code {border:1px solid #C0C0C0;background:#EEEEEE;color:black;padding:0 2px;} .chat .spoiler code {border:1px solid #CCCCCC;background:#CCCCCC;color:#CCCCCC;} .battle-log .rated {padding:3px 4px;} .battle-log .rated strong {color:white;background:#89A;padding:1px 4px;border-radius:4px;} .spacer {margin-top:0.5em;} .message-announce {background:#6688AA;color:white;padding:1px 4px 2px;} .message-announce a, .broadcast-green a, .broadcast-blue a, .broadcast-red a {color:#DDEEFF;} .broadcast-green {background-color:#559955;color:white;padding:2px 4px;} .broadcast-blue {background-color:#6688AA;color:white;padding:2px 4px;} .infobox {border:1px solid #6688AA;padding:2px 4px;} .infobox-limited {max-height:200px;overflow:auto;overflow-x:hidden;} .broadcast-red {background-color:#AA5544;color:white;padding:2px 4px;} .message-learn-canlearn {font-weight:bold;color:#228822;text-decoration:underline;} .message-learn-cannotlearn {font-weight:bold;color:#CC2222;text-decoration:underline;} .message-effect-weak {font-weight:bold;color:#CC2222;} .message-effect-resist {font-weight:bold;color:#6688AA;} .message-effect-immune {font-weight:bold;color:#666666;} .message-learn-list {margin-top:0;margin-bottom:0;} .message-throttle-notice, .message-error {color:#992222;} .message-overflow, .chat small.message-overflow {font-size:0pt;} .message-overflow::before {font-size:9pt;content:'...';} .subtle {color:#3A4A66;}
</style>
<div class="wrapper replay-wrapper" style="max-width:1180px;margin:0 auto">
<input type="hidden" name="replayid" value="smogtours-ru-285648" />
<div class="battle"></div><div class="battle-log"></div><div class="replay-controls"></div><div class="replay-controls-2"></div>
<h1 style="font-weight:normal;text-align:center"><strong>RU</strong><br /><a href="http://pokemonshowdown.com/users/finchinator" class="subtle" target="_blank">Finchinator</a> vs. <a href="http://pokemonshowdown.com/users/raakan" class="subtle" target="_blank">Raakan</a></h1>
<script type="text/plain" class="battle-log-data">|J|Finchinator
|J|Raakan
|player|p1|Finchinator|162
|player|p2|Raakan|170
|gametype|singles
|gen|6
|tier|RU
|seed|58403,56450,46704,2049
|rule|Sleep Clause Mod: Limit one foe put to sleep
|rule|Species Clause: Limit one of each Pokémon
|rule|OHKO Clause: OHKO moves are banned
|rule|Moody Clause: Moody is banned
|rule|Evasion Moves Clause: Evasion moves are banned
|rule|Endless Battle Clause: Forcing endless battles is banned
|rule|HP Percentage Mod: HP is shown in percentages
|clearpoke
|poke|p1|Gurdurr, F|item
|poke|p1|Absol, M|item
|poke|p1|Registeel|item
|poke|p1|Blastoise, M|item
|poke|p1|Rotom-Mow|item
|poke|p1|Emboar, M|item
|poke|p2|Aurorus, M|item
|poke|p2|Flygon, M|item
|poke|p2|Alomomola, M|item
|poke|p2|Granbull, F|item
|poke|p2|Registeel|item
|poke|p2|Sigilyph, M|item
|rule|Swagger Clause: Swagger is banned
|rule|Baton Pass Clause: Limit one Baton Passer, can't pass Spe and other stats simultaneously
|teampreview
|c|☆Finchinator|GLHF
|c|☆Raakan|u2
|J|Vileman
|J|clueless
|c|+Vileman|bro
|c|+Vileman|cm cofag just won
|c|+Vileman|F*CK
|J|Mr. Aldo
|J|urban
|c|+Vileman|what woulda stopped it
|c|+Vileman|nothing
|J|EviGaro
|J|rozes
|c|☆Finchinator|lol
|c|+Mr. Aldo|oh, gl hf on caps
|c|+Mr. Aldo|this gonna be good
|c|☆Finchinator|tf
|J|Omfuga
|choice|team 5, team 2, team 3, team 4, team 1, team 6|team 2, team 1, team 3, team 4, team 5, team 6
|
|start
|switch|p1a: ro|Rotom-Mow|241\/241
|switch|p2a: Flygon|Flygon, M|364\/364
|turn|1
|J|A is for Avril
|J|Feliburn
|choice|move hiddenpower|move uturn
|
|move|p2a: Flygon|U-turn|p1a: ro
|-supereffective|p1a: ro
|-damage|p1a: ro|139\/241
|choice||switch 5
|
|switch|p2a: Registeel|Registeel|364\/364
|move|p1a: ro|Hidden Power|p2a: Registeel
|-resisted|p2a: Registeel
|-damage|p2a: Registeel|346\/364
|
|upkeep
|turn|2
|choice|move willowisp|move toxic
|
|move|p1a: ro|Will-O-Wisp|p2a: Registeel
|-status|p2a: Registeel|brn
|move|p2a: Registeel|Toxic|p1a: ro
|-status|p1a: ro|tox
|
|-damage|p1a: ro|124\/241 tox|[from] psn
|-damage|p2a: Registeel|301\/364 brn|[from] brn
|upkeep
|turn|3
|choice|move voltswitch|move stealthrock
|
|move|p1a: ro|Volt Switch|p2a: Registeel
|-damage|p2a: Registeel|243\/364 brn
|choice|switch 3|
|
|switch|p1a: roze|Registeel|364\/364
|move|p2a: Registeel|Stealth Rock|p1a: roze
|-sidestart|p1: Finchinator|move: Stealth Rock
|
|-damage|p2a: Registeel|198\/364 brn|[from] brn
|upkeep
|turn|4
|choice|move stealthrock|switch 5
|
|switch|p2a: Flygon|Flygon, M|364\/364
|move|p1a: roze|Stealth Rock|p2a: Flygon
|-sidestart|p2: Raakan|move: Stealth Rock
|
|upkeep
|turn|5
|choice|move toxic|move earthquake
|
|move|p2a: Flygon|Earthquake|p1a: roze
|-supereffective|p1a: roze
|-damage|p1a: roze|212\/364
|move|p1a: roze|Toxic|p2a: Flygon
|-status|p2a: Flygon|tox
|
|-heal|p1a: roze|234\/364|[from] item: Leftovers
|-damage|p2a: Flygon|342\/364 tox|[from] psn
|upkeep
|turn|6
|choice|move thunderwave|move earthquake
|
|move|p2a: Flygon|Earthquake|p1a: roze
|-supereffective|p1a: roze
|-damage|p1a: roze|72\/364
|move|p1a: roze|Thunder Wave|p2a: Flygon
|-immune|p2a: Flygon|[msg]
|
|-heal|p2a: Flygon|364\/364 tox|[from] item: Leftovers
|-heal|p1a: roze|94\/364|[from] item: Leftovers
|-damage|p2a: Flygon|320\/364 tox|[from] psn
|upkeep
|turn|7
|c|☆Finchinator|how
|choice|move thunderwave|move uturn
|
|move|p2a: Flygon|U-turn|p1a: roze
|-resisted|p1a: roze
|-damage|p1a: roze|75\/364
|c|☆Finchinator|FUCK
|choice||switch 4
|
|switch|p2a: Granbull|Granbull, F|383\/383
|-damage|p2a: Granbull|336\/383|[from] Stealth Rock
|-ability|p2a: Granbull|Intimidate|boost
|-fail|p1a: roze|unboost|[from] ability: Clear Body|[of] p1a: roze
|move|p1a: roze|Thunder Wave|p2a: Granbull
|-status|p2a: Granbull|par
|
|-heal|p1a: roze|97\/364|[from] item: Leftovers
|-heal|p2a: Granbull|359\/383 par|[from] item: Leftovers
|upkeep
|turn|8
|c|☆Finchinator|im so good
|choice|move seismictoss|move firepunch
|
|move|p1a: roze|Seismic Toss|p2a: Granbull
|-damage|p2a: Granbull|259\/383 par
|move|p2a: Granbull|Fire Punch|p1a: roze
|-supereffective|p1a: roze
|-damage|p1a: roze|0 fnt
|faint|p1a: roze
|
|-heal|p2a: Granbull|282\/383 par|[from] item: Leftovers
|upkeep
|choice|switch 3|
|
|switch|p1a: ro|Rotom-Mow|124\/241 tox
|-damage|p1a: ro|94\/241 tox|[from] Stealth Rock
|turn|9
|J|anime character
|choice|move leafstorm|switch 5
|
|switch|p2a: Registeel|Registeel|198\/364 brn
|-damage|p2a: Registeel|176\/364 brn|[from] Stealth Rock
|move|p1a: ro|Leaf Storm|p2a: Registeel
|-resisted|p2a: Registeel
|-damage|p2a: Registeel|115\/364 brn
|-unboost|p1a: ro|spa|2
|
|-damage|p1a: ro|79\/241 tox|[from] psn
|-damage|p2a: Registeel|70\/364 brn|[from] brn
|upkeep
|turn|10
|choice|move voltswitch|move thunderwave
|
|move|p1a: ro|Volt Switch|p2a: Registeel
|-damage|p2a: Registeel|40\/364 brn
|choice|switch 4|
|
|switch|p1a: roz|Blastoise, M|362\/362
|-damage|p1a: roz|317\/362|[from] Stealth Rock
|move|p2a: Registeel|Thunder Wave|p1a: roz
|-status|p1a: roz|par
|
|-heal|p1a: roz|339\/362 par|[from] item: Leftovers
|-damage|p2a: Registeel|0 fnt|[from] brn
|upkeep
|faint|p2a: Registeel
|c|☆Finchinator|ur a god
|c|☆Finchinator|too
|c|☆Finchinator|oml
|c|☆Raakan|lmfao
|c|☆Finchinator|users like us
|c|☆Finchinator|shouldn't be allowed to wield thunder wave
|c|☆Finchinator|TBH
|choice||switch 2
|
|switch|p2a: Aurorus|Aurorus, M|387\/387
|-damage|p2a: Aurorus|291\/387|[from] Stealth Rock
|turn|11
|choice|switch 6|move freezedry
|
|switch|p1a: r|Emboar, M|361\/361
|-damage|p1a: r|316\/361|[from] Stealth Rock
|move|p2a: Aurorus|Freeze-Dry|p1a: r
|-resisted|p1a: r
|-damage|p1a: r|193\/361
|
|upkeep
|turn|12
|choice|switch 6|switch 5
|
|switch|p1a: roz|Blastoise, M|339\/362 par
|-damage|p1a: roz|294\/362 par|[from] Stealth Rock
|switch|p2a: Granbull|Granbull, F|282\/383 par
|-damage|p2a: Granbull|235\/383 par|[from] Stealth Rock
|-ability|p2a: Granbull|Intimidate|boost
|-unboost|p1a: roz|atk|1
|
|-heal|p1a: roz|316\/362 par|[from] item: Leftovers
|-heal|p2a: Granbull|258\/383 par|[from] item: Leftovers
|upkeep
|turn|13
|choice|move rapidspin|move healbell
|
|move|p1a: roz|Rapid Spin|p2a: Granbull
|-damage|p2a: Granbull|250\/383 par
|-sideend|p1: Finchinator|Stealth Rock|[from] move: Rapid Spin|[of] p1a: roz
|move|p2a: Granbull|Heal Bell|p2a: Granbull
|-activate|p2a: Granbull|move: Heal Bell
|-curestatus|p2a: Granbull|par|[msg]
|-curestatus|p2: Flygon|tox|[msg]
|
|-heal|p2a: Granbull|273\/383|[from] item: Leftovers
|-heal|p1a: roz|338\/362 par|[from] item: Leftovers
|upkeep
|turn|14
|choice|move refresh|switch 6
|
|switch|p2a: Sigilyph|Sigilyph, M|303\/303
|move|p1a: roz|Refresh|p1a: roz
|-curestatus|p1a: roz|par|[msg]
|
|-heal|p1a: roz|360\/362|[from] item: Leftovers
|upkeep
|turn|15
|choice|move scald|move calmmind
|
|move|p2a: Sigilyph|Calm Mind|p2a: Sigilyph
|-boost|p2a: Sigilyph|spa|1
|-boost|p2a: Sigilyph|spd|1
|move|p1a: roz|Scald|p2a: Sigilyph
|-damage|p2a: Sigilyph|242\/303
|-status|p2a: Sigilyph|brn
|
|-heal|p1a: roz|362\/362|[from] item: Leftovers
|upkeep
|turn|16
|choice|move scald|move airslash
|
|move|p2a: Sigilyph|Air Slash|p1a: roz
|-damage|p1a: roz|179\/362
|cant|p1a: roz|flinch
|
|-heal|p1a: roz|201\/362|[from] item: Leftovers
|upkeep
|turn|17
|choice|move scald|move airslash
|
|move|p2a: Sigilyph|Air Slash|p1a: roz
|-damage|p1a: roz|10\/362
|move|p1a: roz|Scald|p2a: Sigilyph
|-damage|p2a: Sigilyph|139\/303 brn
|
|-heal|p1a: roz|32\/362|[from] item: Leftovers
|upkeep
|turn|18
|choice|move scald|move roost
|
|move|p2a: Sigilyph|Roost|p2a: Sigilyph
|-heal|p2a: Sigilyph|291\/303 brn
|move|p1a: roz|Scald|p2a: Sigilyph
|-damage|p2a: Sigilyph|189\/303 brn
|
|-heal|p1a: roz|54\/362|[from] item: Leftovers
|upkeep
|turn|19
|choice|move scald|move airslash
|
|move|p2a: Sigilyph|Air Slash|p1a: roz
|-damage|p1a: roz|0 fnt
|faint|p1a: roz
|
|upkeep
|choice|switch 2|
|
|switch|p1a: rozes|Absol, M|271\/271
|turn|20
|c|☆Raakan|hm
|choice|move swordsdance|move airslash
|
|move|p2a: Sigilyph|Air Slash|p1a: rozes
|-damage|p1a: rozes|0 fnt
|faint|p1a: rozes
|
|upkeep
|c|☆Finchinator|gg
|c|☆Raakan|gg
|choice|switch 6|
|
|switch|p1a: r|Emboar, M|193\/361
|turn|21
|choice|move wildcharge|switch 6
|
|switch|p2a: Granbull|Granbull, F|273\/383
|-damage|p2a: Granbull|226\/383|[from] Stealth Rock
|-ability|p2a: Granbull|Intimidate|boost
|-unboost|p1a: r|atk|1
|move|p1a: r|Wild Charge|p2a: Granbull
|-damage|p2a: Granbull|144\/383
|-damage|p1a: r|172\/361|[from] recoil|[of] p2a: Granbull
|
|-heal|p2a: Granbull|167\/383|[from] item: Leftovers
|upkeep
|turn|22
|L|EviGaro
|choice|move wildcharge|move playrough
|
|move|p1a: r|Wild Charge|p2a: Granbull
|-crit|p2a: Granbull
|-damage|p2a: Granbull|0 fnt
|-damage|p1a: r|130\/361|[from] recoil|[of] p2a: Granbull
|faint|p2a: Granbull
|
|upkeep
|c|+Vileman|bop
|c|☆Raakan|ow
|choice||switch 4
|
|switch|p2a: Flygon|Flygon, M|320\/364
|-damage|p2a: Flygon|298\/364|[from] Stealth Rock
|turn|23
|choice|switch 4|move uturn
|
|switch|p1a: ro|Rotom-Mow|79\/241 tox
|move|p2a: Flygon|U-turn|p1a: ro
|-supereffective|p1a: ro
|-damage|p1a: ro|0 fnt
|faint|p1a: ro
|choice||switch 3
|
|switch|p2a: Alomomola|Alomomola, M|497\/497
|-damage|p2a: Alomomola|435\/497|[from] Stealth Rock
|
|-heal|p2a: Alomomola|466\/497|[from] item: Leftovers
|upkeep
|choice|switch 5|
|
|switch|p1a: rozes_irl|Gurdurr, F|374\/374
|turn|24
|choice|move bulkup|move knockoff
|
|move|p2a: Alomomola|Knock Off|p1a: rozes_irl
|-resisted|p1a: rozes_irl
|-damage|p1a: rozes_irl|349\/374
|-enditem|p1a: rozes_irl|Eviolite|[from] move: Knock Off|[of] p2a: Alomomola
|move|p1a: rozes_irl|Bulk Up|p1a: rozes_irl
|-boost|p1a: rozes_irl|atk|1
|-boost|p1a: rozes_irl|def|1
|
|-heal|p2a: Alomomola|497\/497|[from] item: Leftovers
|upkeep
|turn|25
|J|EviGaro
|choice|move bulkup|move scald
|
|move|p2a: Alomomola|Scald|p1a: rozes_irl
|-damage|p1a: rozes_irl|282\/374
|-status|p1a: rozes_irl|brn
|move|p1a: rozes_irl|Bulk Up|p1a: rozes_irl
|-boost|p1a: rozes_irl|atk|1
|-boost|p1a: rozes_irl|def|1
|
|-damage|p1a: rozes_irl|236\/374 brn|[from] brn
|upkeep
|turn|26
|choice|move bulkup|move scald
|
|move|p2a: Alomomola|Scald|p1a: rozes_irl
|-damage|p1a: rozes_irl|164\/374 brn
|move|p1a: rozes_irl|Bulk Up|p1a: rozes_irl
|-boost|p1a: rozes_irl|atk|1
|-boost|p1a: rozes_irl|def|1
|
|-damage|p1a: rozes_irl|118\/374 brn|[from] brn
|upkeep
|turn|27
|choice|move drainpunch|move protect
|
|move|p2a: Alomomola|Protect|p2a: Alomomola
|-singleturn|p2a: Alomomola|Protect
|move|p1a: rozes_irl|Drain Punch|p2a: Alomomola
|-activate|p2a: Alomomola|move: Protect
|
|-damage|p1a: rozes_irl|72\/374 brn|[from] brn
|upkeep
|turn|28
|choice|move drainpunch|move scald
|
|move|p2a: Alomomola|Scald|p1a: rozes_irl
|-damage|p1a: rozes_irl|0 fnt
|faint|p1a: rozes_irl
|
|upkeep
|choice|switch 4|
|
|switch|p1a: r|Emboar, M|130\/361
|turn|29
|choice|move wildcharge|move protect
|
|move|p2a: Alomomola|Protect|p2a: Alomomola
|-singleturn|p2a: Alomomola|Protect
|move|p1a: r|Wild Charge|p2a: Alomomola
|-activate|p2a: Alomomola|move: Protect
|
|upkeep
|turn|30
|choice|move wildcharge|switch 3
|
|switch|p2a: Flygon|Flygon, M|298\/364
|-damage|p2a: Flygon|276\/364|[from] Stealth Rock
|move|p1a: r|Wild Charge|p2a: Flygon
|-immune|p2a: Flygon|[msg]
|
|-heal|p2a: Flygon|298\/364|[from] item: Leftovers
|upkeep
|turn|31
|c|☆Finchinator|g g s
|L|rozes
|c|☆Raakan|ggs
|-message|Finchinator forfeited.
|
|win|Raakan</script>
</div>
<div class="battle-log battle-log-inline"><div class="inner"><div class="battle-options"></div><div class="inner"><div class=""><small>Format:</small> <br><strong>RU</strong></div><div class=""><small><em>Sleep Clause Mod:</em> Limit one foe put to sleep</small></div><div class=""><small><em>Species Clause:</em> Limit one of each Pokémon</small></div><div class=""><small><em>OHKO Clause:</em> OHKO moves are banned</small></div><div class=""><small><em>Moody Clause:</em> Moody is banned</small></div><div class=""><small><em>Evasion Moves Clause:</em> Evasion moves are banned</small></div><div class=""><small><em>Endless Battle Clause:</em> Forcing endless battles is banned</small></div><div class=""><small><em>HP Percentage Mod:</em> HP is shown in percentages</small></div><div class=""><small><em>Swagger Clause:</em> Swagger is banned</small></div><div class=""><small><em>Baton Pass Clause:</em> Limit one Baton Passer, can't pass Spe and other stats simultaneously</small></div><div class="chat battle-history"><strong>Finchinator's team:</strong> <em style="color:#445566;display:block;">Gurdurr / Absol / Registeel / Blastoise / Rotom-Mow / Emboar</em></div><div class="chat battle-history"><strong>Raakan's team:</strong> <em style="color:#445566;display:block;">Aurorus / Flygon / Alomomola / Granbull / Registeel / Sigilyph</em></div><div class="chat chatmessage-finchinator"><strong style="color:hsl(235,76%,58.96121738613333%)"><small>☆</small><span class="username" data-name="Finchinator">Finchinator</span>:</strong> <em>GLHF</em></div><div class="chat chatmessage-raakan"><strong style="color:hsl(220,74%,53.80487636371733%)"><small>☆</small><span class="username" data-name="Raakan">Raakan</span>:</strong> <em>u2</em></div><div class="chat chatmessage-vileman"><strong style="color:hsl(32,50%,40.63069963958335%)"><small>+</small><span class="username" data-name="Vileman">Vileman</span>:</strong> <em>bro</em></div><div class="chat chatmessage-vileman"><strong style="color:hsl(32,50%,40.63069963958335%)"><small>+</small><span class="username" data-name="Vileman">Vileman</span>:</strong> <em>cm cofag just won</em></div><div class="chat chatmessage-vileman"><strong style="color:hsl(32,50%,40.63069963958335%)"><small>+</small><span class="username" data-name="Vileman">Vileman</span>:</strong> <em>F*CK</em></div><div class="chat chatmessage-vileman"><strong style="color:hsl(32,50%,40.63069963958335%)"><small>+</small><span class="username" data-name="Vileman">Vileman</span>:</strong> <em>what woulda stopped it</em></div><div class="chat chatmessage-vileman"><strong style="color:hsl(32,50%,40.63069963958335%)"><small>+</small><span class="username" data-name="Vileman">Vileman</span>:</strong> <em>nothing</em></div><div class="chat chatmessage-finchinator"><strong style="color:hsl(235,76%,58.96121738613333%)"><small>☆</small><span class="username" data-name="Finchinator">Finchinator</span>:</strong> <em>lol</em></div><div class="chat chatmessage-mraldo"><strong style="color:hsl(234,45%,61.885059011812395%)"><small>+</small><span class="username" data-name="Mr. Aldo">Mr. Aldo</span>:</strong> <em>oh, gl hf on caps</em></div><div class="chat chatmessage-mraldo"><strong style="color:hsl(234,45%,61.885059011812395%)"><small>+</small><span class="username" data-name="Mr. Aldo">Mr. Aldo</span>:</strong> <em>this gonna be good</em></div><div class="chat chatmessage-finchinator"><strong style="color:hsl(235,76%,58.96121738613333%)"><small>☆</small><span class="username" data-name="Finchinator">Finchinator</span>:</strong> <em>tf</em></div><div class="spacer battle-history"><br></div><div class="battle-history">Battle started between Finchinator and Raakan!<br></div><div class="spacer battle-history"><br></div><div class="battle-history">Go! ro (<strong>Rotom-Mow</strong>)!<br></div><div class="spacer battle-history"><br></div><div class="battle-history">Raakan sent out <strong>Flygon</strong>!<br></div><div class="spacer battle-history"><br></div><h2 class="battle-history">Turn 1</h2><div class="spacer battle-history"><br></div><div class="battle-history">The opposing Flygon used <strong>U-turn</strong>!<br></div><div class="battle-history"><small>It's super effective!</small><br></div><div class="battle-history"><small>(ro lost <abbr title="−102/241">42.3%</abbr> of its health!)</small><br></div><div class="spacer battle-history"><br></div><div class="battle-history">The opposing Flygon went back to Raakan!<br></div><div class="battle-history">Raakan sent out <strong>Registeel</strong>!<br></div><div class="spacer battle-history"><br></div><div class="battle-history">ro used <strong>Hidden Power</strong>!<br></div><div class="battle-history"><small>It's not very effective...</small><br></div><div class="battle-history"><small>(The opposing Registeel lost <abbr title="−18/364">4.9%</abbr> of its health!)</small><br></div><div class="spacer battle-history"><br></div><h2 class="battle-history">Turn 2</h2><div class="spacer battle-history"><br></div><div class="battle-history">ro used <strong>Will-O-Wisp</strong>!<br></div><div class="battle-history"><small>The opposing Registeel was burned!</small><br></div><div class="spacer battle-history"><br></div><div class="battle-history">The opposing Registeel used <strong>Toxic</strong>!<br></div><div class="battle-history"><small>ro was badly poisoned!</small><br></div><div class="spacer battle-history"><br></div><div class="battle-history"><small>ro was hurt by poison!</small><br></div><div class="battle-history"><small>The opposing Registeel was hurt by its burn!</small><br></div><div class="spacer battle-history"><br></div><h2 class="battle-history">Turn 3</h2><div class="spacer battle-history"><br></div><div class="battle-history">ro used <strong>Volt Switch</strong>!<br></div><div class="battle-history"><small>(The opposing Registeel lost <abbr title="−58/364">15.9%</abbr> of its health!)</small><br></div><div class="spacer battle-history"><br></div><div class="battle-history">ro went back to Finchinator!<br></div><div class="battle-history">Go! roze (<strong>Registeel</strong>)!<br></div><div class="spacer battle-history"><br></div><div class="battle-history">The opposing Registeel used <strong>Stealth Rock</strong>!<br></div><div class="battle-history"><small>Pointed stones float in the air around your team!</small><br></div><div class="spacer battle-history"><br></div><div class="battle-history"><small>The opposing Registeel was hurt by its burn!</small><br></div><div class="spacer battle-history"><br></div><h2 class="battle-history">Turn 4</h2><div class="spacer battle-history"><br></div><div class="battle-history">Raakan withdrew Registeel!<br></div><div class="battle-history">Raakan sent out <strong>Flygon</strong>!<br></div><div class="spacer battle-history"><br></div><div class="battle-history">roze used <strong>Stealth Rock</strong>!<br></div><div class="battle-history"><small>Pointed stones float in the air around the opposing team!</small><br></div><div class="spacer battle-history"><br></div><h2 class="battle-history">Turn 5</h2><div class="spacer battle-history"><br></div><div class="battle-history">The opposing Flygon used <strong>Earthquake</strong>!<br></div><div class="battle-history"><small>It's super effective!</small><br></div><div class="battle-history"><small>(roze lost <abbr title="−152/364">41.8%</abbr> of its health!)</small><br></div><div class="spacer battle-history"><br></div><div class="battle-history">roze used <strong>Toxic</strong>!<br></div><div class="battle-history"><small>The opposing Flygon was badly poisoned!</small><br></div><div class="spacer battle-history"><br></div><div class="battle-history"><small>roze restored a little HP using its Leftovers!</small><br></div><div class="battle-history"><small>The opposing Flygon was hurt by poison!</small><br></div><div class="spacer battle-history"><br></div><h2 class="battle-history">Turn 6</h2><div class="spacer battle-history"><br></div><div class="battle-history">The opposing Flygon used <strong>Earthquake</strong>!<br></div><div class="battle-history"><small>It's super effective!</small><br></div><div class="battle-history"><small>(roze lost <abbr title="−162/364">44.5%</abbr> of its health!)</small><br></div><div class="spacer battle-history"><br></div><div class="battle-history">roze used <strong>Thunder Wave</strong>!<br></div><div class="battle-history"><small>It doesn't affect the opposing Flygon...</small><br></div><div class="spacer battle-history"><br></div><div class="battle-history"><small>The opposing Flygon restored a little HP using its Leftovers!</small><br></div><div class="battle-history"><small>roze restored a little HP using its Leftovers!</small><br></div><div class="battle-history"><small>The opposing Flygon was hurt by poison!</small><br></div><div class="spacer battle-history"><br></div><h2 class="battle-history">Turn 7</h2><div class="chat chatmessage-finchinator"><strong style="color:hsl(235,76%,58.96121738613333%)"><small>☆</small><span class="username" data-name="Finchinator">Finchinator</span>:</strong> <em>how</em></div><div class="spacer battle-history"><br></div><div class="battle-history">The opposing Flygon used <strong>U-turn</strong>!<br></div><div class="battle-history"><small>It's not very effective...</small><br></div><div class="battle-history"><small>(roze lost <abbr title="−19/364">5.2%</abbr> of its health!)</small><br></div><div class="chat chatmessage-finchinator"><strong style="color:hsl(235,76%,58.96121738613333%)"><small>☆</small><span class="username" data-name="Finchinator">Finchinator</span>:</strong> <em>FUCK</em></div><div class="spacer battle-history"><br></div><div class="battle-history">The opposing Flygon went back to Raakan!<br></div><div class="battle-history">Raakan sent out <strong>Granbull</strong>!<br></div><div class="battle-history"><small>Pointed stones dug into the opposing Granbull!</small><br></div><div class="battle-history"><small>[The opposing Granbull's Intimidate]</small><br></div><div class="battle-history"><small>[roze's Clear Body]</small><br><small>roze's stats were not lowered!</small><br></div><div class="spacer battle-history"><br></div><div class="battle-history">roze used <strong>Thunder Wave</strong>!<br></div><div class="battle-history"><small>The opposing Granbull is paralyzed! It may be unable to move!</small><br></div><div class="spacer battle-history"><br></div><div class="battle-history"><small>roze restored a little HP using its Leftovers!</small><br></div><div class="battle-history"><small>The opposing Granbull restored a little HP using its Leftovers!</small><br></div><div class="spacer battle-history"><br></div><h2 class="battle-history">Turn 8</h2><div class="chat chatmessage-finchinator"><strong style="color:hsl(235,76%,58.96121738613333%)"><small>☆</small><span class="username" data-name="Finchinator">Finchinator</span>:</strong> <em>im so good</em></div><div class="spacer battle-history"><br></div><div class="battle-history">roze used <strong>Seismic Toss</strong>!<br></div><div class="battle-history"><small>(The opposing Granbull lost <abbr title="−100/383">26.1%</abbr> of its health!)</small><br></div><div class="spacer battle-history"><br></div><div class="battle-history">The opposing Granbull used <strong>Fire Punch</strong>!<br></div><div class="battle-history"><small>It's super effective!</small><br></div><div class="battle-history"><small>(roze lost <abbr title="−97/364">26.6%</abbr> of its health!)</small><br></div><div class="spacer battle-history"><br></div><div class="battle-history">roze fainted!<br></div><div class="spacer battle-history"><br></div><div class="battle-history"><small>The opposing Granbull restored a little HP using its Leftovers!</small><br></div><div class="spacer battle-history"><br></div><div class="battle-history">Go! ro (<strong>Rotom-Mow</strong>)!<br></div><div class="battle-history"><small>Pointed stones dug into ro!</small><br></div><div class="spacer battle-history"><br></div><h2 class="battle-history">Turn 9</h2><div class="spacer battle-history"><br></div><div class="battle-history">Raakan withdrew Granbull!<br></div><div class="battle-history">Raakan sent out <strong>Registeel</strong>!<br></div><div class="battle-history"><small>Pointed stones dug into the opposing Registeel!</small><br></div><div class="spacer battle-history"><br></div><div class="battle-history">ro used <strong>Leaf Storm</strong>!<br></div><div class="battle-history"><small>It's not very effective...</small><br></div><div class="battle-history"><small>(The opposing Registeel lost <abbr title="−61/364">16.8%</abbr> of its health!)</small><br></div><div class="battle-history"><small>ro's Special Attack fell harshly!</small><br></div><div class="spacer battle-history"><br></div><div class="battle-history"><small>ro was hurt by poison!</small><br></div><div class="battle-history"><small>The opposing Registeel was hurt by its burn!</small><br></div><div class="spacer battle-history"><br></div><h2 class="battle-history">Turn 10</h2><div class="spacer battle-history"><br></div><div class="battle-history">ro used <strong>Volt Switch</strong>!<br></div><div class="battle-history"><small>(The opposing Registeel lost <abbr title="−30/364">8.2%</abbr> of its health!)</small><br></div><div class="spacer battle-history"><br></div><div class="battle-history">ro went back to Finchinator!<br></div><div class="battle-history">Go! roz (<strong>Blastoise</strong>)!<br></div><div class="battle-history"><small>Pointed stones dug into roz!</small><br></div><div class="spacer battle-history"><br></div><div class="battle-history">The opposing Registeel used <strong>Thunder Wave</strong>!<br></div><div class="battle-history"><small>roz is paralyzed! It may be unable to move!</small><br></div><div class="spacer battle-history"><br></div><div class="battle-history"><small>roz restored a little HP using its Leftovers!</small><br></div><div class="battle-history"><small>The opposing Registeel was hurt by its burn!</small><br></div><div class="spacer battle-history"><br></div><div class="battle-history">The opposing Registeel fainted!<br></div><div class="chat chatmessage-finchinator"><strong style="color:hsl(235,76%,58.96121738613333%)"><small>☆</small><span class="username" data-name="Finchinator">Finchinator</span>:</strong> <em>ur a god</em></div><div class="chat chatmessage-finchinator"><strong style="color:hsl(235,76%,58.96121738613333%)"><small>☆</small><span class="username" data-name="Finchinator">Finchinator</span>:</strong> <em>too</em></div><div class="chat chatmessage-finchinator"><strong style="color:hsl(235,76%,58.96121738613333%)"><small>☆</small><span class="username" data-name="Finchinator">Finchinator</span>:</strong> <em>oml</em></div><div class="chat chatmessage-raakan"><strong style="color:hsl(220,74%,53.80487636371733%)"><small>☆</small><span class="username" data-name="Raakan">Raakan</span>:</strong> <em>lmfao</em></div><div class="chat chatmessage-finchinator"><strong style="color:hsl(235,76%,58.96121738613333%)"><small>☆</small><span class="username" data-name="Finchinator">Finchinator</span>:</strong> <em>users like us</em></div><div class="chat chatmessage-finchinator"><strong style="color:hsl(235,76%,58.96121738613333%)"><small>☆</small><span class="username" data-name="Finchinator">Finchinator</span>:</strong> <em>shouldn't be allowed to wield thunder wave</em></div><div class="chat chatmessage-finchinator"><strong style="color:hsl(235,76%,58.96121738613333%)"><small>☆</small><span class="username" data-name="Finchinator">Finchinator</span>:</strong> <em>TBH</em></div><div class="spacer battle-history"><br></div><div class="battle-history">Raakan sent out <strong>Aurorus</strong>!<br></div><div class="battle-history"><small>Pointed stones dug into the opposing Aurorus!</small><br></div><div class="spacer battle-history"><br></div><h2 class="battle-history">Turn 11</h2><div class="spacer battle-history"><br></div><div class="battle-history">roz, come back!<br></div><div class="battle-history">Go! r (<strong>Emboar</strong>)!<br></div><div class="battle-history"><small>Pointed stones dug into r!</small><br></div><div class="spacer battle-history"><br></div><div class="battle-history">The opposing Aurorus used <strong>Freeze-Dry</strong>!<br></div><div class="battle-history"><small>It's not very effective...</small><br></div><div class="battle-history"><small>(r lost <abbr title="−123/361">34.1%</abbr> of its health!)</small><br></div><div class="spacer battle-history"><br></div><h2 class="battle-history">Turn 12</h2><div class="spacer battle-history"><br></div><div class="battle-history">r, come back!<br></div><div class="battle-history">Go! roz (<strong>Blastoise</strong>)!<br></div><div class="battle-history"><small>Pointed stones dug into roz!</small><br></div><div class="spacer battle-history"><br></div><div class="battle-history">Raakan withdrew Aurorus!<br></div><div class="battle-history">Raakan sent out <strong>Granbull</strong>!<br></div><div class="battle-history"><small>Pointed stones dug into the opposing Granbull!</small><br></div><div class="battle-history"><small>[The opposing Granbull's Intimidate]</small><br></div><div class="battle-history"><small>roz's Attack fell!</small><br></div><div class="spacer battle-history"><br></div><div class="battle-history"><small>roz restored a little HP using its Leftovers!</small><br></div><div class="battle-history"><small>The opposing Granbull restored a little HP using its Leftovers!</small><br></div><div class="spacer battle-history"><br></div><h2 class="battle-history">Turn 13</h2><div class="spacer battle-history"><br></div><div class="battle-history">roz used <strong>Rapid Spin</strong>!<br></div><div class="battle-history"><small>(The opposing Granbull lost <abbr title="−8/383">2.1%</abbr> of its health!)</small><br></div><div class="battle-history"><small>The pointed stones disappeared from around your team!</small><br></div><div class="spacer battle-history"><br></div><div class="battle-history">The opposing Granbull used <strong>Heal Bell</strong>!<br></div><div class="battle-history"><small>A bell chimed!</small><br></div><div class="battle-history"><small>The opposing Granbull was cured of paralysis.</small><br></div><div class="battle-history"><small>The opposing Flygon was cured of its poisoning.</small><br></div><div class="spacer battle-history"><br></div><div class="battle-history"><small>The opposing Granbull restored a little HP using its Leftovers!</small><br></div><div class="battle-history"><small>roz restored a little HP using its Leftovers!</small><br></div><div class="spacer battle-history"><br></div><h2 class="battle-history">Turn 14</h2><div class="spacer battle-history"><br></div><div class="battle-history">Raakan withdrew Granbull!<br></div><div class="battle-history">Raakan sent out <strong>Sigilyph</strong>!<br></div><div class="spacer battle-history"><br></div><div class="battle-history">roz used <strong>Refresh</strong>!<br></div><div class="battle-history"><small>roz was cured of paralysis.</small><br></div><div class="spacer battle-history"><br></div><div class="battle-history"><small>roz restored a little HP using its Leftovers!</small><br></div><div class="spacer battle-history"><br></div><h2 class="battle-history">Turn 15</h2><div class="spacer battle-history"><br></div><div class="battle-history">The opposing Sigilyph used <strong>Calm Mind</strong>!<br></div><div class="battle-history"><small>The opposing Sigilyph's Special Attack rose!</small><br></div><div class="battle-history"><small>The opposing Sigilyph's Special Defense rose!</small><br></div><div class="spacer battle-history"><br></div><div class="battle-history">roz used <strong>Scald</strong>!<br></div><div class="battle-history"><small>(The opposing Sigilyph lost <abbr title="−61/303">20.1%</abbr> of its health!)</small><br></div><div class="battle-history"><small>The opposing Sigilyph was burned!</small><br></div><div class="spacer battle-history"><br></div><div class="battle-history"><small>roz restored a little HP using its Leftovers!</small><br></div><div class="spacer battle-history"><br></div><h2 class="battle-history">Turn 16</h2><div class="spacer battle-history"><br></div><div class="battle-history">The opposing Sigilyph used <strong>Air Slash</strong>!<br></div><div class="battle-history"><small>(roz lost <abbr title="−183/362">50.6%</abbr> of its health!)</small><br></div><div class="spacer battle-history"><br></div><div class="battle-history">roz flinched and couldn't move!<br></div><div class="spacer battle-history"><br></div><div class="battle-history"><small>roz restored a little HP using its Leftovers!</small><br></div><div class="spacer battle-history"><br></div><h2 class="battle-history">Turn 17</h2><div class="spacer battle-history"><br></div><div class="battle-history">The opposing Sigilyph used <strong>Air Slash</strong>!<br></div><div class="battle-history"><small>(roz lost <abbr title="−191/362">52.8%</abbr> of its health!)</small><br></div><div class="spacer battle-history"><br></div><div class="battle-history">roz used <strong>Scald</strong>!<br></div><div class="battle-history"><small>(The opposing Sigilyph lost <abbr title="−103/303">34.0%</abbr> of its health!)</small><br></div><div class="spacer battle-history"><br></div><div class="battle-history"><small>roz restored a little HP using its Leftovers!</small><br></div><div class="spacer battle-history"><br></div><h2 class="battle-history">Turn 18</h2><div class="spacer battle-history"><br></div><div class="battle-history">The opposing Sigilyph used <strong>Roost</strong>!<br></div><div class="battle-history"><small>The opposing Sigilyph restored its HP.</small><br></div><div class="spacer battle-history"><br></div><div class="battle-history">roz used <strong>Scald</strong>!<br></div><div class="battle-history"><small>(The opposing Sigilyph lost <abbr title="−102/303">33.7%</abbr> of its health!)</small><br></div><div class="spacer battle-history"><br></div><div class="battle-history"><small>roz restored a little HP using its Leftovers!</small><br></div><div class="spacer battle-history"><br></div><h2 class="battle-history">Turn 19</h2><div class="spacer battle-history"><br></div><div class="battle-history">The opposing Sigilyph used <strong>Air Slash</strong>!<br></div><div class="battle-history"><small>(roz lost <abbr title="−54/362">14.9%</abbr> of its health!)</small><br></div><div class="spacer battle-history"><br></div><div class="battle-history">roz fainted!<br></div><div class="spacer battle-history"><br></div><div class="battle-history">Go! rozes (<strong>Absol</strong>)!<br></div><div class="spacer battle-history"><br></div><h2 class="battle-history">Turn 20</h2><div class="chat chatmessage-raakan"><strong style="color:hsl(220,74%,53.80487636371733%)"><small>☆</small><span class="username" data-name="Raakan">Raakan</span>:</strong> <em>hm</em></div><div class="spacer battle-history"><br></div><div class="battle-history">The opposing Sigilyph used <strong>Air Slash</strong>!<br></div><div class="battle-history"><small>(rozes lost <abbr title="−271/271">100%</abbr> of its health!)</small><br></div><div class="spacer battle-history"><br></div><div class="battle-history">rozes fainted!<br></div><div class="chat chatmessage-finchinator"><strong style="color:hsl(235,76%,58.96121738613333%)"><small>☆</small><span class="username" data-name="Finchinator">Finchinator</span>:</strong> <em>gg</em></div><div class="chat chatmessage-raakan"><strong style="color:hsl(220,74%,53.80487636371733%)"><small>☆</small><span class="username" data-name="Raakan">Raakan</span>:</strong> <em>gg</em></div><div class="spacer battle-history"><br></div><div class="battle-history">Go! r (<strong>Emboar</strong>)!<br></div><div class="spacer battle-history"><br></div><h2 class="battle-history">Turn 21</h2><div class="spacer battle-history"><br></div><div class="battle-history">Raakan withdrew Sigilyph!<br></div><div class="battle-history">Raakan sent out <strong>Granbull</strong>!<br></div><div class="battle-history"><small>Pointed stones dug into the opposing Granbull!</small><br></div><div class="battle-history"><small>[The opposing Granbull's Intimidate]</small><br></div><div class="battle-history"><small>r's Attack fell!</small><br></div><div class="spacer battle-history"><br></div><div class="battle-history">r used <strong>Wild Charge</strong>!<br></div><div class="battle-history"><small>(The opposing Granbull lost <abbr title="−82/383">21.4%</abbr> of its health!)</small><br></div><div class="battle-history"><small>r is damaged by the recoil!</small><br></div><div class="spacer battle-history"><br></div><div class="battle-history"><small>The opposing Granbull restored a little HP using its Leftovers!</small><br></div><div class="spacer battle-history"><br></div><h2 class="battle-history">Turn 22</h2><div class="spacer battle-history"><br></div><div class="battle-history">r used <strong>Wild Charge</strong>!<br></div><div class="battle-history"><small>A critical hit!</small><br></div><div class="battle-history"><small>(The opposing Granbull lost <abbr title="−167/383">43.6%</abbr> of its health!)</small><br></div><div class="battle-history"><small>r is damaged by the recoil!</small><br></div><div class="spacer battle-history"><br></div><div class="battle-history">The opposing Granbull fainted!<br></div><div class="chat chatmessage-vileman"><strong style="color:hsl(32,50%,40.63069963958335%)"><small>+</small><span class="username" data-name="Vileman">Vileman</span>:</strong> <em>bop</em></div><div class="chat chatmessage-raakan"><strong style="color:hsl(220,74%,53.80487636371733%)"><small>☆</small><span class="username" data-name="Raakan">Raakan</span>:</strong> <em>ow</em></div><div class="spacer battle-history"><br></div><div class="battle-history">Raakan sent out <strong>Flygon</strong>!<br></div><div class="battle-history"><small>Pointed stones dug into the opposing Flygon!</small><br></div><div class="spacer battle-history"><br></div><h2 class="battle-history">Turn 23</h2><div class="spacer battle-history"><br></div><div class="battle-history">r, come back!<br></div><div class="battle-history">Go! ro (<strong>Rotom-Mow</strong>)!<br></div><div class="spacer battle-history"><br></div><div class="battle-history">The opposing Flygon used <strong>U-turn</strong>!<br></div><div class="battle-history"><small>It's super effective!</small><br></div><div class="battle-history"><small>(ro lost <abbr title="−79/241">32.8%</abbr> of its health!)</small><br></div><div class="spacer battle-history"><br></div><div class="battle-history">ro fainted!<br></div><div class="spacer battle-history"><br></div><div class="battle-history">The opposing Flygon went back to Raakan!<br></div><div class="battle-history">Raakan sent out <strong>Alomomola</strong>!<br></div><div class="battle-history"><small>Pointed stones dug into the opposing Alomomola!</small><br></div><div class="spacer battle-history"><br></div><div class="battle-history"><small>The opposing Alomomola restored a little HP using its Leftovers!</small><br></div><div class="spacer battle-history"><br></div><div class="battle-history">Go! rozes_irl (<strong>Gurdurr</strong>)!<br></div><div class="spacer battle-history"><br></div><h2 class="battle-history">Turn 24</h2><div class="spacer battle-history"><br></div><div class="battle-history">The opposing Alomomola used <strong>Knock Off</strong>!<br></div><div class="battle-history"><small>It's not very effective...</small><br></div><div class="battle-history"><small>(rozes_irl lost <abbr title="−25/374">6.7%</abbr> of its health!)</small><br></div><div class="battle-history"><small>The opposing Alomomola knocked off rozes_irl's Eviolite!</small><br></div><div class="spacer battle-history"><br></div><div class="battle-history">rozes_irl used <strong>Bulk Up</strong>!<br></div><div class="battle-history"><small>rozes_irl's Attack rose!</small><br></div><div class="battle-history"><small>rozes_irl's Defense rose!</small><br></div><div class="spacer battle-history"><br></div><div class="battle-history"><small>The opposing Alomomola restored a little HP using its Leftovers!</small><br></div><div class="spacer battle-history"><br></div><h2 class="battle-history">Turn 25</h2><div class="spacer battle-history"><br></div><div class="battle-history">The opposing Alomomola used <strong>Scald</strong>!<br></div><div class="battle-history"><small>(rozes_irl lost <abbr title="−67/374">17.9%</abbr> of its health!)</small><br></div><div class="battle-history"><small>rozes_irl was burned!</small><br></div><div class="spacer battle-history"><br></div><div class="battle-history">rozes_irl used <strong>Bulk Up</strong>!<br></div><div class="battle-history"><small>rozes_irl's Attack rose!</small><br></div><div class="battle-history"><small>rozes_irl's Defense rose!</small><br></div><div class="spacer battle-history"><br></div><div class="battle-history"><small>rozes_irl was hurt by its burn!</small><br></div><div class="spacer battle-history"><br></div><h2 class="battle-history">Turn 26</h2><div class="spacer battle-history"><br></div><div class="battle-history">The opposing Alomomola used <strong>Scald</strong>!<br></div><div class="battle-history"><small>(rozes_irl lost <abbr title="−72/374">19.3%</abbr> of its health!)</small><br></div><div class="spacer battle-history"><br></div><div class="battle-history">rozes_irl used <strong>Bulk Up</strong>!<br></div><div class="battle-history"><small>rozes_irl's Attack rose!</small><br></div><div class="battle-history"><small>rozes_irl's Defense rose!</small><br></div><div class="spacer battle-history"><br></div><div class="battle-history"><small>rozes_irl was hurt by its burn!</small><br></div><div class="spacer battle-history"><br></div><h2 class="battle-history">Turn 27</h2><div class="spacer battle-history"><br></div><div class="battle-history">The opposing Alomomola used <strong>Protect</strong>!<br></div><div class="battle-history"><small>The opposing Alomomola protected itself!</small><br></div><div class="spacer battle-history"><br></div><div class="battle-history">rozes_irl used <strong>Drain Punch</strong>!<br></div><div class="battle-history"><small>The opposing Alomomola protected itself!</small><br></div><div class="spacer battle-history"><br></div><div class="battle-history"><small>rozes_irl was hurt by its burn!</small><br></div><div class="spacer battle-history"><br></div><h2 class="battle-history">Turn 28</h2><div class="spacer battle-history"><br></div><div class="battle-history">The opposing Alomomola used <strong>Scald</strong>!<br></div><div class="battle-history"><small>(rozes_irl lost <abbr title="−72/374">19.3%</abbr> of its health!)</small><br></div><div class="spacer battle-history"><br></div><div class="battle-history">rozes_irl fainted!<br></div><div class="spacer battle-history"><br></div><div class="battle-history">Go! r (<strong>Emboar</strong>)!<br></div><div class="spacer battle-history"><br></div><h2 class="battle-history">Turn 29</h2><div class="spacer battle-history"><br></div><div class="battle-history">The opposing Alomomola used <strong>Protect</strong>!<br></div><div class="battle-history"><small>The opposing Alomomola protected itself!</small><br></div><div class="spacer battle-history"><br></div><div class="battle-history">r used <strong>Wild Charge</strong>!<br></div><div class="battle-history"><small>The opposing Alomomola protected itself!</small><br></div><div class="spacer battle-history"><br></div><h2 class="battle-history">Turn 30</h2><div class="spacer battle-history"><br></div><div class="battle-history">Raakan withdrew Alomomola!<br></div><div class="battle-history">Raakan sent out <strong>Flygon</strong>!<br></div><div class="battle-history"><small>Pointed stones dug into the opposing Flygon!</small><br></div><div class="spacer battle-history"><br></div><div class="battle-history">r used <strong>Wild Charge</strong>!<br></div><div class="battle-history"><small>It doesn't affect the opposing Flygon...</small><br></div><div class="spacer battle-history"><br></div><div class="battle-history"><small>The opposing Flygon restored a little HP using its Leftovers!</small><br></div><div class="spacer battle-history"><br></div><h2 class="battle-history">Turn 31</h2><div class="chat chatmessage-finchinator"><strong style="color:hsl(235,76%,58.96121738613333%)"><small>☆</small><span class="username" data-name="Finchinator">Finchinator</span>:</strong> <em>g g s</em></div><div class="chat chatmessage-raakan"><strong style="color:hsl(220,74%,53.80487636371733%)"><small>☆</small><span class="username" data-name="Raakan">Raakan</span>:</strong> <em>ggs</em></div><div class="spacer battle-history"><br></div><div class="battle-history"><small>Finchinator forfeited.</small><br></div><div class="spacer battle-history"><br></div><div class="battle-history"><strong>Raakan</strong> won the battle!<br></div></div><div class="inner-preempt"></div></div></div>
</div>
<script>
let daily = Math.floor(Date.now()/1000/60/60/24);document.write('<script src="https://play.pokemonshowdown.com/js/replay-embed.js?version'+daily+'"></'+'script>');
</script>
