<!DOCTYPE html>
<meta charset="utf-8" />
<!-- version 1 -->
<title>RU replay: Carloo vs. Arifeen.</title>
<style>
html,body {font-family:Verdana, sans-serif;font-size:10pt;margin:0;padding:0;}body{padding:12px 0;} .battle-log {font-family:Verdana, sans-serif;font-size:10pt;} .battle-log-inline {border:1px solid #AAAAAA;background:#EEF2F5;color:black;max-width:640px;margin:0 auto 80px;padding-bottom:5px;} .battle-log .inner {padding:4px 8px 0px 8px;} .battle-log .inner-preempt {padding:0 8px 4px 8px;} .battle-log .inner-after {margin-top:0.5em;} .battle-log h2 {margin:0.5em -8px;padding:4px 8px;border:1px solid #AAAAAA;background:#E0E7EA;border-left:0;border-right:0;font-family:Verdana, sans-serif;font-size:13pt;} .battle-log .chat {vertical-align:middle;padding:3px 0 3px 0;font-size:8pt;} .battle-log .chat strong {color:#40576A;} .battle-log .chat em {padding:1px 4px 1px 3px;color:#000000;font-style:normal;} .chat.mine {background:rgba(0,0,0,0.05);margin-left:-8px;margin-right:-8px;padding-left:8px;padding-right:8px;} .spoiler {color:#BBBBBB;background:#BBBBBB;padding:0px 3px;} .spoiler:hover, .spoiler:active, .spoiler-shown {color:#000000;background:#E2E2E2;padding:0px 3px;} .spoiler a {color:#BBBBBB;} .spoiler:hover a, .spoiler:active a, .spoiler-shown a {color:#2288CC;} .chat code, .chat .spoiler:hover code, .chat .spoiler:active code, .chat .spoiler-shown code {border:1px solid #C0C0C0;background:#EEEEEE;color:black;padding:0 2px;} .chat .spoiler code {border:1px solid #CCCCCC;background:#CCCCCC;color:#CCCCCC;} .battle-log .rated {padding:3px 4px;} .battle-log .rated strong {color:white;background:#89A;padding:1px 4px;border-radius:4px;} .spacer {margin-top:0.5em;} .message-announce {background:#6688AA;color:white;padding:1px 4px 2px;} .message-announce a, .broadcast-green a, .broadcast-blue a, .broadcast-red a {color:#DDEEFF;} .broadcast-green {background-color:#559955;color:white;padding:2px 4px;} .broadcast-blue {background-color:#6688AA;color:white;padding:2px 4px;} .infobox {border:1px solid #6688AA;padding:2px 4px;} .infobox-limited {max-height:200px;overflow:auto;overflow-x:hidden;} .broadcast-red {background-color:#AA5544;color:white;padding:2px 4px;} .message-learn-canlearn {font-weight:bold;color:#228822;text-decoration:underline;} .message-learn-cannotlearn {font-weight:bold;color:#CC2222;text-decoration:underline;} .message-effect-weak {font-weight:bold;color:#CC2222;} .message-effect-resist {font-weight:bold;color:#6688AA;} .message-effect-immune {font-weight:bold;color:#666666;} .message-learn-list {margin-top:0;margin-bottom:0;} .message-throttle-notice, .message-error {color:#992222;} .message-overflow, .chat small.message-overflow {font-size:0pt;} .message-overflow::before {font-size:9pt;content:'...';} .subtle {color:#3A4A66;}
</style>
<div class="wrapper replay-wrapper" style="max-width:1180px;margin:0 auto">
<input type="hidden" name="replayid" value="smogtours-ru-229237" />
<div class="battle"></div><div class="battle-log"></div><div class="replay-controls"></div><div class="replay-controls-2"></div>
<h1 style="font-weight:normal;text-align:center"><strong>RU</strong><br /><a href="http://pokemonshowdown.com/users/carloo" class="subtle" target="_blank">Carloo</a> vs. <a href="http://pokemonshowdown.com/users/arifeen" class="subtle" target="_blank">Arifeen.</a></h1>
<script type="text/plain" class="battle-log-data">|J|Carloo
|J|Arifeen.
|player|p1|Carloo|10
|player|p2|Arifeen.|#ari
|gametype|singles
|gen|6
|tier|RU
|seed|24630,51766,33307,61322
|rule|Sleep Clause Mod: Limit one foe put to sleep
|rule|Species Clause: Limit one of each Pokémon
|rule|OHKO Clause: OHKO moves are banned
|rule|Moody Clause: Moody is banned
|rule|Evasion Moves Clause: Evasion moves are banned
|rule|Endless Battle Clause: Forcing endless battles is banned
|rule|HP Percentage Mod: HP is shown in percentages
|clearpoke
|poke|p1|Gurdurr, M|item
|poke|p1|Jellicent, F|item
|poke|p1|Sigilyph, M|item
|poke|p1|Flygon, M|item
|poke|p1|Registeel|item
|poke|p1|Drapion, M|item
|poke|p2|Houndoom, M|item
|poke|p2|Jellicent, F, shiny|item
|poke|p2|Steelix, F|item
|poke|p2|Xatu, M|item
|poke|p2|Virizion|item
|poke|p2|Glalie, F|item
|rule|Swagger Clause: Swagger is banned
|rule|Baton Pass Clause: Limit one Baton Passer, can't pass Spe and other stats simultaneously
|teampreview
|J|Manipulative
|J|DrReuniclus3
|c|+Manipulative|bop
|c|★Arifeen.|hf
|c|★Carloo|u2
|J|False偽
|choice|team 1, team 2, team 3, team 4, team 5, team 6|team 1, team 2, team 3, team 4, team 5, team 6
|
|start
|switch|p1a: Gurdurr|Gurdurr, M|374\/374
|switch|p2a: Houndoom|Houndoom, M|291\/291
|turn|1
|J|TSR
|J|Teddeh
|choice|move bulkup|switch 4
|
|switch|p2a: Xatu|Xatu, M|333\/333
|move|p1a: Gurdurr|Bulk Up|p1a: Gurdurr
|-boost|p1a: Gurdurr|atk|1
|-boost|p1a: Gurdurr|def|1
|
|upkeep
|turn|2
|J|GrilledClawitzer
|choice|move knockoff|move calmmind
|
|move|p2a: Xatu|Calm Mind|p2a: Xatu
|-boost|p2a: Xatu|spa|1
|-boost|p2a: Xatu|spd|1
|move|p1a: Gurdurr|Knock Off|p2a: Xatu
|-supereffective|p2a: Xatu
|-damage|p2a: Xatu|39\/333
|-enditem|p2a: Xatu|Charti Berry|[from] move: Knock Off|[of] p1a: Gurdurr
|
|upkeep
|turn|3
|choice|switch 6|move psyshock
|
|switch|p1a: Drapion|Drapion, M|281\/281
|move|p2a: Xatu|Psyshock|p1a: Drapion
|-immune|p1a: Drapion|[msg]
|
|upkeep
|turn|4
|choice|move pursuit|switch 3
|
|-activate|p2a: Xatu|move: Pursuit
|move|p1a: Drapion|Pursuit|p2a: Xatu|[from]Pursuit
|-supereffective|p2a: Xatu
|-damage|p2a: Xatu|0 fnt
|faint|p2a: Xatu
|
|upkeep
|choice||switch 3
|
|switch|p2a: Steelix|Steelix, F|353\/353
|turn|5
|J|Eyan
|choice|switch 2|move stealthrock
|
|switch|p1a: Jellicent|Jellicent, F|404\/404
|move|p2a: Steelix|Stealth Rock|p1a: Jellicent
|-sidestart|p1: Carloo|move: Stealth Rock
|
|upkeep
|turn|6
|J|Mr.378
|choice|move taunt|switch 4
|
|switch|p2a: Houndoom|Houndoom, M|291\/291
|move|p1a: Jellicent|Taunt|p2a: Houndoom
|-start|p2a: Houndoom|move: Taunt
|
|upkeep
|turn|7
|J|Vileman
|J|bunny of death
|choice|switch 2|switch 5
|
|switch|p2a: Virizion|Virizion|323\/323
|switch|p1a: Drapion|Drapion, M|281\/281
|-damage|p1a: Drapion|246\/281|[from] Stealth Rock
|
|upkeep
|turn|8
|choice|move knockoff|switch 4
|
|switch|p2a: Steelix|Steelix, F|353\/353
|move|p1a: Drapion|Knock Off|p2a: Steelix
|-damage|p2a: Steelix|269\/353
|-enditem|p2a: Steelix|Leftovers|[from] move: Knock Off|[of] p1a: Drapion
|
|upkeep
|turn|9
|choice|switch 3|move toxic
|
|switch|p1a: Sigilyph|Sigilyph, M|348\/348
|move|p2a: Steelix|Toxic|p1a: Sigilyph
|-status|p1a: Sigilyph|tox
|
|upkeep
|turn|10
|J|Chillarmy
|choice|switch 2|switch 5
|
|switch|p1a: Jellicent|Jellicent, F|404\/404
|-damage|p1a: Jellicent|354\/404|[from] Stealth Rock
|switch|p2a: Houndoom|Houndoom, M|291\/291
|
|upkeep
|turn|11
|choice|move recover|switch 4
|
|switch|p2a: Virizion|Virizion|323\/323
|move|p1a: Jellicent|Recover|p1a: Jellicent
|-heal|p1a: Jellicent|404\/404
|
|upkeep
|turn|12
|choice|switch 2|move leafblade
|
|switch|p1a: Sigilyph|Sigilyph, M|348\/348 tox
|move|p2a: Virizion|Leaf Blade|p1a: Sigilyph
|-resisted|p1a: Sigilyph
|-damage|p1a: Sigilyph|278\/348 tox
|
|upkeep
|turn|13
|choice|move airslash|switch 4
|
|switch|p2a: Houndoom|Houndoom, M|291\/291
|move|p1a: Sigilyph|Air Slash|p2a: Houndoom
|-damage|p2a: Houndoom|179\/291
|
|upkeep
|turn|14
|choice|move airslash|move hiddenpower
|
|move|p2a: Houndoom|Hidden Power|p1a: Sigilyph
|-supereffective|p1a: Sigilyph
|-damage|p1a: Sigilyph|106\/348 tox
|move|p1a: Sigilyph|Air Slash|p2a: Houndoom
|-damage|p2a: Houndoom|67\/291
|
|upkeep
|turn|15
|choice|switch 5|switch 4
|
|switch|p2a: Virizion|Virizion|323\/323
|switch|p1a: Registeel|Registeel|364\/364
|-damage|p1a: Registeel|342\/364|[from] Stealth Rock
|
|-heal|p1a: Registeel|364\/364|[from] item: Leftovers
|upkeep
|turn|16
|choice|move stealthrock|move swordsdance
|
|move|p2a: Virizion|Swords Dance|p2a: Virizion
|-boost|p2a: Virizion|atk|2
|move|p1a: Registeel|Stealth Rock|p2a: Virizion
|-sidestart|p2: Arifeen.|move: Stealth Rock
|
|upkeep
|turn|17
|choice|switch 5|move closecombat
|
|switch|p1a: Sigilyph|Sigilyph, M|106\/348 tox
|move|p2a: Virizion|Close Combat|p1a: Sigilyph
|-resisted|p1a: Sigilyph
|-damage|p1a: Sigilyph|8\/348 tox
|-unboost|p2a: Virizion|def|1
|-unboost|p2a: Virizion|spd|1
|
|upkeep
|turn|18
|J|madoka欢乐颂
|choice|move airslash|move leafblade
|
|move|p2a: Virizion|Leaf Blade|p1a: Sigilyph
|-resisted|p1a: Sigilyph
|-damage|p1a: Sigilyph|0 fnt
|faint|p1a: Sigilyph
|
|upkeep
|choice|switch 3|
|
|switch|p1a: Drapion|Drapion, M|246\/281
|-damage|p1a: Drapion|211\/281|[from] Stealth Rock
|turn|19
|choice|move poisonjab|switch 5
|
|switch|p2a: Steelix|Steelix, F|269\/353
|-damage|p2a: Steelix|258\/353|[from] Stealth Rock
|move|p1a: Drapion|Poison Jab|p2a: Steelix
|-immune|p2a: Steelix|[msg]
|
|upkeep
|turn|20
|choice|switch 2|switch 2
|
|switch|p1a: Jellicent|Jellicent, F|404\/404
|-damage|p1a: Jellicent|354\/404|[from] Stealth Rock
|switch|p2a: Jellicent|Jellicent, F, shiny|403\/403
|-damage|p2a: Jellicent|353\/403|[from] Stealth Rock
|
|upkeep
|turn|21
|choice|move willowisp|move taunt
|
|move|p1a: Jellicent|Will-O-Wisp|p2a: Jellicent|[miss]
|-miss|p1a: Jellicent|p2a: Jellicent
|move|p2a: Jellicent|Taunt|p1a: Jellicent
|-start|p1a: Jellicent|move: Taunt
|
|upkeep
|turn|22
|choice|move hex|move scald
|
|move|p1a: Jellicent|Hex|p2a: Jellicent
|-supereffective|p2a: Jellicent
|-crit|p2a: Jellicent
|-damage|p2a: Jellicent|159\/403
|move|p2a: Jellicent|Scald|p1a: Jellicent
|-heal|p1a: Jellicent|404\/404|[from] ability: Water Absorb|[of] p2a: Jellicent
|
|upkeep
|turn|23
|choice|move hex|move recover
|
|move|p1a: Jellicent|Hex|p2a: Jellicent
|-supereffective|p2a: Jellicent
|-damage|p2a: Jellicent|33\/403
|move|p2a: Jellicent|Recover|p2a: Jellicent
|-heal|p2a: Jellicent|235\/403
|
|upkeep
|turn|24
|choice|move hex|move recover
|
|move|p1a: Jellicent|Hex|p2a: Jellicent
|-supereffective|p2a: Jellicent
|-damage|p2a: Jellicent|97\/403
|move|p2a: Jellicent|Recover|p2a: Jellicent
|-heal|p2a: Jellicent|299\/403
|
|-end|p1a: Jellicent|move: Taunt
|upkeep
|turn|25
|choice|move willowisp|switch 4
|
|switch|p2a: Houndoom|Houndoom, M|67\/291
|-damage|p2a: Houndoom|0 fnt|[from] Stealth Rock
|faint|p2a: Houndoom
|move|p1a: Jellicent|Will-O-Wisp|p2: Houndoom|[notarget]
|-notarget
|
|upkeep
|choice||switch 5
|
|switch|p2a: Virizion|Virizion|323\/323
|-damage|p2a: Virizion|303\/323|[from] Stealth Rock
|turn|26
|choice|move hex|move leafblade
|
|move|p2a: Virizion|Leaf Blade|p1a: Jellicent
|-supereffective|p1a: Jellicent
|-damage|p1a: Jellicent|138\/404
|move|p1a: Jellicent|Hex|p2a: Virizion
|-damage|p2a: Virizion|249\/323
|
|upkeep
|turn|27
|choice|move hex|move leafblade
|
|move|p2a: Virizion|Leaf Blade|p1a: Jellicent
|-supereffective|p1a: Jellicent
|-damage|p1a: Jellicent|0 fnt
|faint|p1a: Jellicent
|
|upkeep
|choice|switch 4|
|
|switch|p1a: Flygon|Flygon, M|301\/301
|-damage|p1a: Flygon|283\/301|[from] Stealth Rock
|turn|28
|choice|move dragonclaw|move leafblade
|
|move|p2a: Virizion|Leaf Blade|p1a: Flygon
|-damage|p1a: Flygon|136\/301
|move|p1a: Flygon|Dragon Claw|p2a: Virizion
|-damage|p2a: Virizion|32\/323
|
|upkeep
|turn|29
|choice|move dragonclaw|move closecombat
|
|move|p2a: Virizion|Close Combat|p1a: Flygon
|-damage|p1a: Flygon|0 fnt
|-unboost|p2a: Virizion|def|1
|-unboost|p2a: Virizion|spd|1
|faint|p1a: Flygon
|
|upkeep
|choice|switch 2|
|
|switch|p1a: Drapion|Drapion, M|211\/281
|-damage|p1a: Drapion|176\/281|[from] Stealth Rock
|turn|30
|choice|move pursuit|move closecombat
|
|move|p1a: Drapion|Pursuit|p2a: Virizion
|-resisted|p2a: Virizion
|-damage|p2a: Virizion|0 fnt
|faint|p2a: Virizion
|
|upkeep
|choice||switch 6
|
|switch|p2a: Glalie|Glalie, F|301\/301
|-damage|p2a: Glalie|226\/301|[from] Stealth Rock
|turn|31
|choice|move pursuit|move spikes mega
|
|detailschange|p2a: Glalie|Glalie-Mega, F
|-mega|p2a: Glalie|Glalie|Glalitite
|move|p1a: Drapion|Pursuit|p2a: Glalie
|-crit|p2a: Glalie
|-damage|p2a: Glalie|55\/301
|move|p2a: Glalie|Spikes|p1a: Drapion
|-sidestart|p1: Carloo|Spikes
|
|upkeep
|turn|32
|c|★Arifeen.|-
|choice|move pursuit|move iceshard
|
|move|p2a: Glalie|Ice Shard|p1a: Drapion
|-damage|p1a: Drapion|119\/281
|move|p1a: Drapion|Pursuit|p2a: Glalie
|-damage|p2a: Glalie|0 fnt
|faint|p2a: Glalie
|
|upkeep
|choice||switch 2
|
|switch|p2a: Steelix|Steelix, F|258\/353
|-damage|p2a: Steelix|247\/353|[from] Stealth Rock
|turn|33
|choice|switch 5|move earthquake
|
|switch|p1a: Registeel|Registeel|364\/364
|-damage|p1a: Registeel|342\/364|[from] Stealth Rock
|-damage|p1a: Registeel|297\/364|[from] Spikes
|move|p2a: Steelix|Earthquake|p1a: Registeel
|-supereffective|p1a: Registeel
|-damage|p1a: Registeel|147\/364
|
|-heal|p1a: Registeel|169\/364|[from] item: Leftovers
|upkeep
|turn|34
|choice|move seismictoss|move earthquake
|
|move|p1a: Registeel|Seismic Toss|p2a: Steelix
|-damage|p2a: Steelix|147\/353
|move|p2a: Steelix|Earthquake|p1a: Registeel
|-supereffective|p1a: Registeel
|-damage|p1a: Registeel|13\/364
|
|-heal|p1a: Registeel|35\/364|[from] item: Leftovers
|upkeep
|turn|35
|choice|move seismictoss|move earthquake
|
|move|p1a: Registeel|Seismic Toss|p2a: Steelix
|-damage|p2a: Steelix|47\/353
|move|p2a: Steelix|Earthquake|p1a: Registeel
|-supereffective|p1a: Registeel
|-damage|p1a: Registeel|0 fnt
|faint|p1a: Registeel
|
|upkeep
|choice|switch 6|
|
|switch|p1a: Gurdurr|Gurdurr, M|374\/374
|-damage|p1a: Gurdurr|351\/374|[from] Stealth Rock
|-damage|p1a: Gurdurr|305\/374|[from] Spikes
|turn|36
|choice|move bulkup|move heavyslam
|
|move|p1a: Gurdurr|Bulk Up|p1a: Gurdurr
|-boost|p1a: Gurdurr|atk|1
|-boost|p1a: Gurdurr|def|1
|move|p2a: Steelix|Heavy Slam|p1a: Gurdurr
|-damage|p1a: Gurdurr|244\/374
|
|upkeep
|turn|37
|choice|move drainpunch|move heavyslam
|
|move|p1a: Gurdurr|Drain Punch|p2a: Steelix
|-supereffective|p2a: Steelix
|-damage|p2a: Steelix|0 fnt
|-heal|p1a: Gurdurr|268\/374|[from] drain|[of] p2a: Steelix
|faint|p2a: Steelix
|
|upkeep
|choice||switch 4
|
|switch|p2a: Jellicent|Jellicent, F, shiny|299\/403
|-damage|p2a: Jellicent|249\/403|[from] Stealth Rock
|turn|38
|choice|move knockoff|move scald
|
|move|p2a: Jellicent|Scald|p1a: Gurdurr
|-crit|p1a: Gurdurr
|-damage|p1a: Gurdurr|130\/374
|move|p1a: Gurdurr|Knock Off|p2a: Jellicent
|-supereffective|p2a: Jellicent
|-enditem|p2a: Jellicent|Colbur Berry|[eat]
|-enditem|p2a: Jellicent|Colbur Berry|[weaken]
|-damage|p2a: Jellicent|88\/403
|
|upkeep
|turn|39
|choice|move knockoff|move recover
|
|move|p2a: Jellicent|Recover|p2a: Jellicent
|-heal|p2a: Jellicent|290\/403
|move|p1a: Gurdurr|Knock Off|p2a: Jellicent
|-supereffective|p2a: Jellicent
|-damage|p2a: Jellicent|80\/403
|
|upkeep
|turn|40
|choice|move knockoff|move recover
|
|move|p2a: Jellicent|Recover|p2a: Jellicent
|-heal|p2a: Jellicent|282\/403
|move|p1a: Gurdurr|Knock Off|p2a: Jellicent
|-supereffective|p2a: Jellicent
|-damage|p2a: Jellicent|66\/403
|
|upkeep
|turn|41
|choice|move knockoff|move scald
|
|move|p2a: Jellicent|Scald|p1a: Gurdurr
|-damage|p1a: Gurdurr|42\/374
|move|p1a: Gurdurr|Knock Off|p2a: Jellicent
|-supereffective|p2a: Jellicent
|-damage|p2a: Jellicent|0 fnt
|faint|p2a: Jellicent
|
|win|Carloo</script>
</div>
<div class="battle-log battle-log-inline"><div class="inner"><div class="battle-options"></div><div class="inner"><div class=""><small>Format:</small> <br><strong>RU</strong></div><div class=""><small><em>Sleep Clause Mod:</em> Limit one foe put to sleep</small></div><div class=""><small><em>Species Clause:</em> Limit one of each Pokémon</small></div><div class=""><small><em>OHKO Clause:</em> OHKO moves are banned</small></div><div class=""><small><em>Moody Clause:</em> Moody is banned</small></div><div class=""><small><em>Evasion Moves Clause:</em> Evasion moves are banned</small></div><div class=""><small><em>Endless Battle Clause:</em> Forcing endless battles is banned</small></div><div class=""><small><em>HP Percentage Mod:</em> HP is shown in percentages</small></div><div class=""><small><em>Swagger Clause:</em> Swagger is banned</small></div><div class=""><small><em>Baton Pass Clause:</em> Limit one Baton Passer, can't pass Spe and other stats simultaneously</small></div><div class="chat battle-history"><strong>Carloo's team:</strong> <em style="color:#445566;display:block;">Gurdurr / Jellicent / Sigilyph / Flygon / Registeel / Drapion</em></div><div class="chat battle-history"><strong>Arifeen.'s team:</strong> <em style="color:#445566;display:block;">Houndoom / Jellicent / Steelix / Xatu / Virizion / Glalie</em></div><div class="chat chatmessage-manipulative"><strong style="color:hsl(245,69%,64.06639321633334%)"><small>+</small><span class="username" data-name="Manipulative">Manipulative</span>:</strong> <em>bop</em></div><div class="chat chatmessage-arifeen"><strong style="color:hsl(351,68%,47.77101180383878%)"><small>★</small><span class="username" data-name="Arifeen.">Arifeen.</span>:</strong> <em>hf</em></div><div class="chat chatmessage-carloo"><strong style="color:hsl(281,49%,54.02316540208655%)"><small>★</small><span class="username" data-name="Carloo">Carloo</span>:</strong> <em>u2</em></div><div class="spacer battle-history"><br></div><div class="battle-history">Battle started between Carloo and Arifeen.!<br></div><div class="spacer battle-history"><br></div><div class="battle-history">Go! <strong>Gurdurr</strong>!<br></div><div class="spacer battle-history"><br></div><div class="battle-history">Arifeen. sent out <strong>Houndoom</strong>!<br></div><div class="spacer battle-history"><br></div><h2 class="battle-history">Turn 1</h2><div class="spacer battle-history"><br></div><div class="battle-history">Arifeen. withdrew Houndoom!<br></div><div class="battle-history">Arifeen. sent out <strong>Xatu</strong>!<br></div><div class="spacer battle-history"><br></div><div class="battle-history">Gurdurr used <strong>Bulk Up</strong>!<br></div><div class="battle-history"><small>Gurdurr's Attack rose!</small><br></div><div class="battle-history"><small>Gurdurr's Defense rose!</small><br></div><div class="spacer battle-history"><br></div><h2 class="battle-history">Turn 2</h2><div class="spacer battle-history"><br></div><div class="battle-history">The opposing Xatu used <strong>Calm Mind</strong>!<br></div><div class="battle-history"><small>The opposing Xatu's Special Attack rose!</small><br></div><div class="battle-history"><small>The opposing Xatu's Special Defense rose!</small><br></div><div class="spacer battle-history"><br></div><div class="battle-history">Gurdurr used <strong>Knock Off</strong>!<br></div><div class="battle-history"><small>It's super effective!</small><br></div><div class="battle-history"><small>(The opposing Xatu lost <abbr title="−294/333">88.3%</abbr> of its health!)</small><br></div><div class="battle-history"><small>Gurdurr knocked off the opposing Xatu's Charti Berry!</small><br></div><div class="spacer battle-history"><br></div><h2 class="battle-history">Turn 3</h2><div class="spacer battle-history"><br></div><div class="battle-history">Gurdurr, come back!<br></div><div class="battle-history">Go! <strong>Drapion</strong>!<br></div><div class="spacer battle-history"><br></div><div class="battle-history">The opposing Xatu used <strong>Psyshock</strong>!<br></div><div class="battle-history"><small>It doesn't affect Drapion...</small><br></div><div class="spacer battle-history"><br></div><h2 class="battle-history">Turn 4</h2><div class="spacer battle-history"><br></div><div class="battle-history"><small>(The opposing Xatu is being withdrawn...)</small><br></div><div class="spacer battle-history"><br></div><div class="battle-history">Drapion used <strong>Pursuit</strong>!<br></div><div class="battle-history"><small>It's super effective!</small><br></div><div class="battle-history"><small>(The opposing Xatu lost <abbr title="−39/333">11.7%</abbr> of its health!)</small><br></div><div class="spacer battle-history"><br></div><div class="battle-history">The opposing Xatu fainted!<br></div><div class="spacer battle-history"><br></div><div class="battle-history">Arifeen. sent out <strong>Steelix</strong>!<br></div><div class="spacer battle-history"><br></div><h2 class="battle-history">Turn 5</h2><div class="spacer battle-history"><br></div><div class="battle-history">Drapion, come back!<br></div><div class="battle-history">Go! <strong>Jellicent</strong>!<br></div><div class="spacer battle-history"><br></div><div class="battle-history">The opposing Steelix used <strong>Stealth Rock</strong>!<br></div><div class="battle-history"><small>Pointed stones float in the air around your team!</small><br></div><div class="spacer battle-history"><br></div><h2 class="battle-history">Turn 6</h2><div class="spacer battle-history"><br></div><div class="battle-history">Arifeen. withdrew Steelix!<br></div><div class="battle-history">Arifeen. sent out <strong>Houndoom</strong>!<br></div><div class="spacer battle-history"><br></div><div class="battle-history">Jellicent used <strong>Taunt</strong>!<br></div><div class="battle-history"><small>The opposing Houndoom fell for the taunt!</small><br></div><div class="spacer battle-history"><br></div><h2 class="battle-history">Turn 7</h2><div class="spacer battle-history"><br></div><div class="battle-history">Arifeen. withdrew Houndoom!<br></div><div class="battle-history">Arifeen. sent out <strong>Virizion</strong>!<br></div><div class="spacer battle-history"><br></div><div class="battle-history">Jellicent, come back!<br></div><div class="battle-history">Go! <strong>Drapion</strong>!<br></div><div class="battle-history"><small>Pointed stones dug into Drapion!</small><br></div><div class="spacer battle-history"><br></div><h2 class="battle-history">Turn 8</h2><div class="spacer battle-history"><br></div><div class="battle-history">Arifeen. withdrew Virizion!<br></div><div class="battle-history">Arifeen. sent out <strong>Steelix</strong>!<br></div><div class="spacer battle-history"><br></div><div class="battle-history">Drapion used <strong>Knock Off</strong>!<br></div><div class="battle-history"><small>(The opposing Steelix lost <abbr title="−84/353">23.8%</abbr> of its health!)</small><br></div><div class="battle-history"><small>Drapion knocked off the opposing Steelix's Leftovers!</small><br></div><div class="spacer battle-history"><br></div><h2 class="battle-history">Turn 9</h2><div class="spacer battle-history"><br></div><div class="battle-history">Drapion, come back!<br></div><div class="battle-history">Go! <strong>Sigilyph</strong>!<br></div><div class="spacer battle-history"><br></div><div class="battle-history">The opposing Steelix used <strong>Toxic</strong>!<br></div><div class="battle-history"><small>Sigilyph was badly poisoned!</small><br></div><div class="spacer battle-history"><br></div><h2 class="battle-history">Turn 10</h2><div class="spacer battle-history"><br></div><div class="battle-history">Sigilyph, come back!<br></div><div class="battle-history">Go! <strong>Jellicent</strong>!<br></div><div class="battle-history"><small>Pointed stones dug into Jellicent!</small><br></div><div class="spacer battle-history"><br></div><div class="battle-history">Arifeen. withdrew Steelix!<br></div><div class="battle-history">Arifeen. sent out <strong>Houndoom</strong>!<br></div><div class="spacer battle-history"><br></div><h2 class="battle-history">Turn 11</h2><div class="spacer battle-history"><br></div><div class="battle-history">Arifeen. withdrew Houndoom!<br></div><div class="battle-history">Arifeen. sent out <strong>Virizion</strong>!<br></div><div class="spacer battle-history"><br></div><div class="battle-history">Jellicent used <strong>Recover</strong>!<br></div><div class="battle-history"><small>Jellicent restored its HP.</small><br></div><div class="spacer battle-history"><br></div><h2 class="battle-history">Turn 12</h2><div class="spacer battle-history"><br></div><div class="battle-history">Jellicent, come back!<br></div><div class="battle-history">Go! <strong>Sigilyph</strong>!<br></div><div class="spacer battle-history"><br></div><div class="battle-history">The opposing Virizion used <strong>Leaf Blade</strong>!<br></div><div class="battle-history"><small>It's not very effective...</small><br></div><div class="battle-history"><small>(Sigilyph lost <abbr title="−70/348">20.1%</abbr> of its health!)</small><br></div><div class="spacer battle-history"><br></div><h2 class="battle-history">Turn 13</h2><div class="spacer battle-history"><br></div><div class="battle-history">Arifeen. withdrew Virizion!<br></div><div class="battle-history">Arifeen. sent out <strong>Houndoom</strong>!<br></div><div class="spacer battle-history"><br></div><div class="battle-history">Sigilyph used <strong>Air Slash</strong>!<br></div><div class="battle-history"><small>(The opposing Houndoom lost <abbr title="−112/291">38.5%</abbr> of its health!)</small><br></div><div class="spacer battle-history"><br></div><h2 class="battle-history">Turn 14</h2><div class="spacer battle-history"><br></div><div class="battle-history">The opposing Houndoom used <strong>Hidden Power</strong>!<br></div><div class="battle-history"><small>It's super effective!</small><br></div><div class="battle-history"><small>(Sigilyph lost <abbr title="−172/348">49.4%</abbr> of its health!)</small><br></div><div class="spacer battle-history"><br></div><div class="battle-history">Sigilyph used <strong>Air Slash</strong>!<br></div><div class="battle-history"><small>(The opposing Houndoom lost <abbr title="−112/291">38.5%</abbr> of its health!)</small><br></div><div class="spacer battle-history"><br></div><h2 class="battle-history">Turn 15</h2><div class="spacer battle-history"><br></div><div class="battle-history">Arifeen. withdrew Houndoom!<br></div><div class="battle-history">Arifeen. sent out <strong>Virizion</strong>!<br></div><div class="spacer battle-history"><br></div><div class="battle-history">Sigilyph, come back!<br></div><div class="battle-history">Go! <strong>Registeel</strong>!<br></div><div class="battle-history"><small>Pointed stones dug into Registeel!</small><br></div><div class="spacer battle-history"><br></div><div class="battle-history"><small>Registeel restored a little HP using its Leftovers!</small><br></div><div class="spacer battle-history"><br></div><h2 class="battle-history">Turn 16</h2><div class="spacer battle-history"><br></div><div class="battle-history">The opposing Virizion used <strong>Swords Dance</strong>!<br></div><div class="battle-history"><small>The opposing Virizion's Attack rose sharply!</small><br></div><div class="spacer battle-history"><br></div><div class="battle-history">Registeel used <strong>Stealth Rock</strong>!<br></div><div class="battle-history"><small>Pointed stones float in the air around the opposing team!</small><br></div><div class="spacer battle-history"><br></div><h2 class="battle-history">Turn 17</h2><div class="spacer battle-history"><br></div><div class="battle-history">Registeel, come back!<br></div><div class="battle-history">Go! <strong>Sigilyph</strong>!<br></div><div class="spacer battle-history"><br></div><div class="battle-history">The opposing Virizion used <strong>Close Combat</strong>!<br></div><div class="battle-history"><small>It's not very effective...</small><br></div><div class="battle-history"><small>(Sigilyph lost <abbr title="−98/348">28.2%</abbr> of its health!)</small><br></div><div class="battle-history"><small>The opposing Virizion's Defense fell!</small><br></div><div class="battle-history"><small>The opposing Virizion's Special Defense fell!</small><br></div><div class="spacer battle-history"><br></div><h2 class="battle-history">Turn 18</h2><div class="spacer battle-history"><br></div><div class="battle-history">The opposing Virizion used <strong>Leaf Blade</strong>!<br></div><div class="battle-history"><small>It's not very effective...</small><br></div><div class="battle-history"><small>(Sigilyph lost <abbr title="−8/348">2.3%</abbr> of its health!)</small><br></div><div class="spacer battle-history"><br></div><div class="battle-history">Sigilyph fainted!<br></div><div class="spacer battle-history"><br></div><div class="battle-history">Go! <strong>Drapion</strong>!<br></div><div class="battle-history"><small>Pointed stones dug into Drapion!</small><br></div><div class="spacer battle-history"><br></div><h2 class="battle-history">Turn 19</h2><div class="spacer battle-history"><br></div><div class="battle-history">Arifeen. withdrew Virizion!<br></div><div class="battle-history">Arifeen. sent out <strong>Steelix</strong>!<br></div><div class="battle-history"><small>Pointed stones dug into the opposing Steelix!</small><br></div><div class="spacer battle-history"><br></div><div class="battle-history">Drapion used <strong>Poison Jab</strong>!<br></div><div class="battle-history"><small>It doesn't affect the opposing Steelix...</small><br></div><div class="spacer battle-history"><br></div><h2 class="battle-history">Turn 20</h2><div class="spacer battle-history"><br></div><div class="battle-history">Drapion, come back!<br></div><div class="battle-history">Go! <strong>Jellicent</strong>!<br></div><div class="battle-history"><small>Pointed stones dug into Jellicent!</small><br></div><div class="spacer battle-history"><br></div><div class="battle-history">Arifeen. withdrew Steelix!<br></div><div class="battle-history">Arifeen. sent out <strong>Jellicent</strong>!<br></div><div class="battle-history"><small>Pointed stones dug into the opposing Jellicent!</small><br></div><div class="spacer battle-history"><br></div><h2 class="battle-history">Turn 21</h2><div class="spacer battle-history"><br></div><div class="battle-history">Jellicent used <strong>Will-O-Wisp</strong>!<br></div><div class="battle-history"><small>The opposing Jellicent avoided the attack!</small><br></div><div class="spacer battle-history"><br></div><div class="battle-history">The opposing Jellicent used <strong>Taunt</strong>!<br></div><div class="battle-history"><small>Jellicent fell for the taunt!</small><br></div><div class="spacer battle-history"><br></div><h2 class="battle-history">Turn 22</h2><div class="spacer battle-history"><br></div><div class="battle-history">Jellicent used <strong>Hex</strong>!<br></div><div class="battle-history"><small>It's super effective!</small><br></div><div class="battle-history"><small>A critical hit!</small><br></div><div class="battle-history"><small>(The opposing Jellicent lost <abbr title="−194/403">48.1%</abbr> of its health!)</small><br></div><div class="spacer battle-history"><br></div><div class="battle-history">The opposing Jellicent used <strong>Scald</strong>!<br></div><div class="battle-history"><small>[Jellicent's Water Absorb]</small><br><small>Jellicent restored its HP.</small><br></div><div class="spacer battle-history"><br></div><h2 class="battle-history">Turn 23</h2><div class="spacer battle-history"><br></div><div class="battle-history">Jellicent used <strong>Hex</strong>!<br></div><div class="battle-history"><small>It's super effective!</small><br></div><div class="battle-history"><small>(The opposing Jellicent lost <abbr title="−126/403">31.3%</abbr> of its health!)</small><br></div><div class="spacer battle-history"><br></div><div class="battle-history">The opposing Jellicent used <strong>Recover</strong>!<br></div><div class="battle-history"><small>The opposing Jellicent restored its HP.</small><br></div><div class="spacer battle-history"><br></div><h2 class="battle-history">Turn 24</h2><div class="spacer battle-history"><br></div><div class="battle-history">Jellicent used <strong>Hex</strong>!<br></div><div class="battle-history"><small>It's super effective!</small><br></div><div class="battle-history"><small>(The opposing Jellicent lost <abbr title="−138/403">34.2%</abbr> of its health!)</small><br></div><div class="spacer battle-history"><br></div><div class="battle-history">The opposing Jellicent used <strong>Recover</strong>!<br></div><div class="battle-history"><small>The opposing Jellicent restored its HP.</small><br></div><div class="spacer battle-history"><br></div><div class="battle-history"><small>Jellicent's taunt wore off!</small><br></div><div class="spacer battle-history"><br></div><h2 class="battle-history">Turn 25</h2><div class="spacer battle-history"><br></div><div class="battle-history">Arifeen. withdrew Jellicent!<br></div><div class="battle-history">Arifeen. sent out <strong>Houndoom</strong>!<br></div><div class="battle-history"><small>Pointed stones dug into the opposing Houndoom!</small><br></div><div class="spacer battle-history"><br></div><div class="battle-history">The opposing Houndoom fainted!<br></div><div class="battle-history">Jellicent used <strong>Will-O-Wisp</strong>!<br></div><div class="battle-history"><small>But there was no target...</small><br></div><div class="spacer battle-history"><br></div><div class="battle-history">Arifeen. sent out <strong>Virizion</strong>!<br></div><div class="battle-history"><small>Pointed stones dug into the opposing Virizion!</small><br></div><div class="spacer battle-history"><br></div><h2 class="battle-history">Turn 26</h2><div class="spacer battle-history"><br></div><div class="battle-history">The opposing Virizion used <strong>Leaf Blade</strong>!<br></div><div class="battle-history"><small>It's super effective!</small><br></div><div class="battle-history"><small>(Jellicent lost <abbr title="−266/404">65.8%</abbr> of its health!)</small><br></div><div class="spacer battle-history"><br></div><div class="battle-history">Jellicent used <strong>Hex</strong>!<br></div><div class="battle-history"><small>(The opposing Virizion lost <abbr title="−54/323">16.7%</abbr> of its health!)</small><br></div><div class="spacer battle-history"><br></div><h2 class="battle-history">Turn 27</h2><div class="spacer battle-history"><br></div><div class="battle-history">The opposing Virizion used <strong>Leaf Blade</strong>!<br></div><div class="battle-history"><small>It's super effective!</small><br></div><div class="battle-history"><small>(Jellicent lost <abbr title="−138/404">34.2%</abbr> of its health!)</small><br></div><div class="spacer battle-history"><br></div><div class="battle-history">Jellicent fainted!<br></div><div class="spacer battle-history"><br></div><div class="battle-history">Go! <strong>Flygon</strong>!<br></div><div class="battle-history"><small>Pointed stones dug into Flygon!</small><br></div><div class="spacer battle-history"><br></div><h2 class="battle-history">Turn 28</h2><div class="spacer battle-history"><br></div><div class="battle-history">The opposing Virizion used <strong>Leaf Blade</strong>!<br></div><div class="battle-history"><small>(Flygon lost <abbr title="−147/301">48.8%</abbr> of its health!)</small><br></div><div class="spacer battle-history"><br></div><div class="battle-history">Flygon used <strong>Dragon Claw</strong>!<br></div><div class="battle-history"><small>(The opposing Virizion lost <abbr title="−217/323">67.2%</abbr> of its health!)</small><br></div><div class="spacer battle-history"><br></div><h2 class="battle-history">Turn 29</h2><div class="spacer battle-history"><br></div><div class="battle-history">The opposing Virizion used <strong>Close Combat</strong>!<br></div><div class="battle-history"><small>(Flygon lost <abbr title="−136/301">45.2%</abbr> of its health!)</small><br></div><div class="battle-history"><small>The opposing Virizion's Defense fell!</small><br></div><div class="battle-history"><small>The opposing Virizion's Special Defense fell!</small><br></div><div class="spacer battle-history"><br></div><div class="battle-history">Flygon fainted!<br></div><div class="spacer battle-history"><br></div><div class="battle-history">Go! <strong>Drapion</strong>!<br></div><div class="battle-history"><small>Pointed stones dug into Drapion!</small><br></div><div class="spacer battle-history"><br></div><h2 class="battle-history">Turn 30</h2><div class="spacer battle-history"><br></div><div class="battle-history">Drapion used <strong>Pursuit</strong>!<br></div><div class="battle-history"><small>It's not very effective...</small><br></div><div class="battle-history"><small>(The opposing Virizion lost <abbr title="−32/323">9.9%</abbr> of its health!)</small><br></div><div class="spacer battle-history"><br></div><div class="battle-history">The opposing Virizion fainted!<br></div><div class="spacer battle-history"><br></div><div class="battle-history">Arifeen. sent out <strong>Glalie</strong>!<br></div><div class="battle-history"><small>Pointed stones dug into the opposing Glalie!</small><br></div><div class="spacer battle-history"><br></div><h2 class="battle-history">Turn 31</h2><div class="spacer battle-history"><br></div><div class="battle-history"><small>The opposing Glalie's Glalitite is reacting to Arifeen.'s Mega Bracelet!</small><br>The opposing Glalie has Mega Evolved into Mega Glalie!<br></div><div class="spacer battle-history"><br></div><div class="battle-history">Drapion used <strong>Pursuit</strong>!<br></div><div class="battle-history"><small>A critical hit!</small><br></div><div class="battle-history"><small>(The opposing Glalie lost <abbr title="−171/301">56.8%</abbr> of its health!)</small><br></div><div class="spacer battle-history"><br></div><div class="battle-history">The opposing Glalie used <strong>Spikes</strong>!<br></div><div class="battle-history"><small>Spikes were scattered on the ground all around your team!</small><br></div><div class="spacer battle-history"><br></div><h2 class="battle-history">Turn 32</h2><div class="chat chatmessage-arifeen"><strong style="color:hsl(351,68%,47.77101180383878%)"><small>★</small><span class="username" data-name="Arifeen.">Arifeen.</span>:</strong> <em>-</em></div><div class="spacer battle-history"><br></div><div class="battle-history">The opposing Glalie used <strong>Ice Shard</strong>!<br></div><div class="battle-history"><small>(Drapion lost <abbr title="−57/281">20.3%</abbr> of its health!)</small><br></div><div class="spacer battle-history"><br></div><div class="battle-history">Drapion used <strong>Pursuit</strong>!<br></div><div class="battle-history"><small>(The opposing Glalie lost <abbr title="−55/301">18.3%</abbr> of its health!)</small><br></div><div class="spacer battle-history"><br></div><div class="battle-history">The opposing Glalie fainted!<br></div><div class="spacer battle-history"><br></div><div class="battle-history">Arifeen. sent out <strong>Steelix</strong>!<br></div><div class="battle-history"><small>Pointed stones dug into the opposing Steelix!</small><br></div><div class="spacer battle-history"><br></div><h2 class="battle-history">Turn 33</h2><div class="spacer battle-history"><br></div><div class="battle-history">Drapion, come back!<br></div><div class="battle-history">Go! <strong>Registeel</strong>!<br></div><div class="battle-history"><small>Pointed stones dug into Registeel!</small><br></div><div class="battle-history"><small>Registeel is hurt by the spikes!</small><br></div><div class="spacer battle-history"><br></div><div class="battle-history">The opposing Steelix used <strong>Earthquake</strong>!<br></div><div class="battle-history"><small>It's super effective!</small><br></div><div class="battle-history"><small>(Registeel lost <abbr title="−150/364">41.2%</abbr> of its health!)</small><br></div><div class="spacer battle-history"><br></div><div class="battle-history"><small>Registeel restored a little HP using its Leftovers!</small><br></div><div class="spacer battle-history"><br></div><h2 class="battle-history">Turn 34</h2><div class="spacer battle-history"><br></div><div class="battle-history">Registeel used <strong>Seismic Toss</strong>!<br></div><div class="battle-history"><small>(The opposing Steelix lost <abbr title="−100/353">28.3%</abbr> of its health!)</small><br></div><div class="spacer battle-history"><br></div><div class="battle-history">The opposing Steelix used <strong>Earthquake</strong>!<br></div><div class="battle-history"><small>It's super effective!</small><br></div><div class="battle-history"><small>(Registeel lost <abbr title="−156/364">42.9%</abbr> of its health!)</small><br></div><div class="spacer battle-history"><br></div><div class="battle-history"><small>Registeel restored a little HP using its Leftovers!</small><br></div><div class="spacer battle-history"><br></div><h2 class="battle-history">Turn 35</h2><div class="spacer battle-history"><br></div><div class="battle-history">Registeel used <strong>Seismic Toss</strong>!<br></div><div class="battle-history"><small>(The opposing Steelix lost <abbr title="−100/353">28.3%</abbr> of its health!)</small><br></div><div class="spacer battle-history"><br></div><div class="battle-history">The opposing Steelix used <strong>Earthquake</strong>!<br></div><div class="battle-history"><small>It's super effective!</small><br></div><div class="battle-history"><small>(Registeel lost <abbr title="−35/364">9.6%</abbr> of its health!)</small><br></div><div class="spacer battle-history"><br></div><div class="battle-history">Registeel fainted!<br></div><div class="spacer battle-history"><br></div><div class="battle-history">Go! <strong>Gurdurr</strong>!<br></div><div class="battle-history"><small>Pointed stones dug into Gurdurr!</small><br></div><div class="battle-history"><small>Gurdurr is hurt by the spikes!</small><br></div><div class="spacer battle-history"><br></div><h2 class="battle-history">Turn 36</h2><div class="spacer battle-history"><br></div><div class="battle-history">Gurdurr used <strong>Bulk Up</strong>!<br></div><div class="battle-history"><small>Gurdurr's Attack rose!</small><br></div><div class="battle-history"><small>Gurdurr's Defense rose!</small><br></div><div class="spacer battle-history"><br></div><div class="battle-history">The opposing Steelix used <strong>Heavy Slam</strong>!<br></div><div class="battle-history"><small>(Gurdurr lost <abbr title="−61/374">16.3%</abbr> of its health!)</small><br></div><div class="spacer battle-history"><br></div><h2 class="battle-history">Turn 37</h2><div class="spacer battle-history"><br></div><div class="battle-history">Gurdurr used <strong>Drain Punch</strong>!<br></div><div class="battle-history"><small>It's super effective!</small><br></div><div class="battle-history"><small>(The opposing Steelix lost <abbr title="−47/353">13.3%</abbr> of its health!)</small><br></div><div class="battle-history"><small>The opposing Steelix had its energy drained!</small><br></div><div class="spacer battle-history"><br></div><div class="battle-history">The opposing Steelix fainted!<br></div><div class="spacer battle-history"><br></div><div class="battle-history">Arifeen. sent out <strong>Jellicent</strong>!<br></div><div class="battle-history"><small>Pointed stones dug into the opposing Jellicent!</small><br></div><div class="spacer battle-history"><br></div><h2 class="battle-history">Turn 38</h2><div class="spacer battle-history"><br></div><div class="battle-history">The opposing Jellicent used <strong>Scald</strong>!<br></div><div class="battle-history"><small>A critical hit!</small><br></div><div class="battle-history"><small>(Gurdurr lost <abbr title="−138/374">36.9%</abbr> of its health!)</small><br></div><div class="spacer battle-history"><br></div><div class="battle-history">Gurdurr used <strong>Knock Off</strong>!<br></div><div class="battle-history"><small>It's super effective!</small><br></div><div class="battle-history"><small>The opposing Jellicent ate its Colbur Berry!</small><br></div><div class="battle-history"><small>The Colbur Berry weakened the damage to the opposing Jellicent!</small><br></div><div class="battle-history"><small>(The opposing Jellicent lost <abbr title="−161/403">40.0%</abbr> of its health!)</small><br></div><div class="spacer battle-history"><br></div><h2 class="battle-history">Turn 39</h2><div class="spacer battle-history"><br></div><div class="battle-history">The opposing Jellicent used <strong>Recover</strong>!<br></div><div class="battle-history"><small>The opposing Jellicent restored its HP.</small><br></div><div class="spacer battle-history"><br></div><div class="battle-history">Gurdurr used <strong>Knock Off</strong>!<br></div><div class="battle-history"><small>It's super effective!</small><br></div><div class="battle-history"><small>(The opposing Jellicent lost <abbr title="−210/403">52.1%</abbr> of its health!)</small><br></div><div class="spacer battle-history"><br></div><h2 class="battle-history">Turn 40</h2><div class="spacer battle-history"><br></div><div class="battle-history">The opposing Jellicent used <strong>Recover</strong>!<br></div><div class="battle-history"><small>The opposing Jellicent restored its HP.</small><br></div><div class="spacer battle-history"><br></div><div class="battle-history">Gurdurr used <strong>Knock Off</strong>!<br></div><div class="battle-history"><small>It's super effective!</small><br></div><div class="battle-history"><small>(The opposing Jellicent lost <abbr title="−216/403">53.6%</abbr> of its health!)</small><br></div><div class="spacer battle-history"><br></div><h2 class="battle-history">Turn 41</h2><div class="spacer battle-history"><br></div><div class="battle-history">The opposing Jellicent used <strong>Scald</strong>!<br></div><div class="battle-history"><small>(Gurdurr lost <abbr title="−88/374">23.5%</abbr> of its health!)</small><br></div><div class="spacer battle-history"><br></div><div class="battle-history">Gurdurr used <strong>Knock Off</strong>!<br></div><div class="battle-history"><small>It's super effective!</small><br></div><div class="battle-history"><small>(The opposing Jellicent lost <abbr title="−66/403">16.4%</abbr> of its health!)</small><br></div><div class="spacer battle-history"><br></div><div class="battle-history">The opposing Jellicent fainted!<br></div><div class="spacer battle-history"><br></div><div class="battle-history"><strong>Carloo</strong> won the battle!<br></div></div><div class="inner-preempt"></div></div></div>
</div>
<script>
let daily = Math.floor(Date.now()/1000/60/60/24);document.write('<script src="https://play.pokemonshowdown.com/js/replay-embed.js?version'+daily+'"></'+'script>');
</script>
