<!DOCTYPE html>
<meta charset="utf-8" />
<!-- version 1 -->
<title>RU replay: megafaggo vs. Slyssassins</title>
<style>
html,body {font-family:Verdana, sans-serif;font-size:10pt;margin:0;padding:0;}body{padding:12px 0;} .battle-log {font-family:Verdana, sans-serif;font-size:10pt;} .battle-log-inline {border:1px solid #AAAAAA;background:#EEF2F5;color:black;max-width:640px;margin:0 auto 80px;padding-bottom:5px;} .battle-log .inner {padding:4px 8px 0px 8px;} .battle-log .inner-preempt {padding:0 8px 4px 8px;} .battle-log .inner-after {margin-top:0.5em;} .battle-log h2 {margin:0.5em -8px;padding:4px 8px;border:1px solid #AAAAAA;background:#E0E7EA;border-left:0;border-right:0;font-family:Verdana, sans-serif;font-size:13pt;} .battle-log .chat {vertical-align:middle;padding:3px 0 3px 0;font-size:8pt;} .battle-log .chat strong {color:#40576A;} .battle-log .chat em {padding:1px 4px 1px 3px;color:#000000;font-style:normal;} .chat.mine {background:rgba(0,0,0,0.05);margin-left:-8px;margin-right:-8px;padding-left:8px;padding-right:8px;} .spoiler {color:#BBBBBB;background:#BBBBBB;padding:0px 3px;} .spoiler:hover, .spoiler:active, .spoiler-shown {color:#000000;background:#E2E2E2;padding:0px 3px;} .spoiler a {color:#BBBBBB;} .spoiler:hover a, .spoiler:active a, .spoiler-shown a {color:#2288CC;} .chat code, .chat .spoiler:hover code, .chat .spoiler:active code, .chat .spoiler-shown code {border:1px solid #C0C0C0;background:#EEEEEE;color:black;padding:0 2px;} .chat .spoiler code {border:1px solid #CCCCCC;background:#CCCCCC;color:#CCCCCC;} .battle-log .rated {padding:3px 4px;} .battle-log .rated strong {color:white;background:#89A;padding:1px 4px;border-radius:4px;} .spacer {margin-top:0.5em;} .message-announce {background:#6688AA;color:white;padding:1px 4px 2px;} .message-announce a, .broadcast-green a, .broadcast-blue a, .broadcast-red a {color:#DDEEFF;} .broadcast-green {background-color:#559955;color:white;padding:2px 4px;} .broadcast-blue {background-color:#6688AA;color:white;padding:2px 4px;} .infobox {border:1px solid #6688AA;padding:2px 4px;} .infobox-limited {max-height:200px;overflow:auto;overflow-x:hidden;} .broadcast-red {background-color:#AA5544;color:white;padding:2px 4px;} .message-learn-canlearn {font-weight:bold;color:#228822;text-decoration:underline;} .message-learn-cannotlearn {font-weight:bold;color:#CC2222;text-decoration:underline;} .message-effect-weak {font-weight:bold;color:#CC2222;} .message-effect-resist {font-weight:bold;color:#6688AA;} .message-effect-immune {font-weight:bold;color:#666666;} .message-learn-list {margin-top:0;margin-bottom:0;} .message-throttle-notice, .message-error {color:#992222;} .message-overflow, .chat small.message-overflow {font-size:0pt;} .message-overflow::before {font-size:9pt;content:'...';} .subtle {color:#3A4A66;}
</style>
<div class="wrapper replay-wrapper" style="max-width:1180px;margin:0 auto">
<input type="hidden" name="replayid" value="ru-502444899" />
<div class="battle"></div><div class="battle-log"></div><div class="replay-controls"></div><div class="replay-controls-2"></div>
<h1 style="font-weight:normal;text-align:center"><strong>RU</strong><br /><a href="http://pokemonshowdown.com/users/megafaggo" class="subtle" target="_blank">megafaggo</a> vs. <a href="http://pokemonshowdown.com/users/slyssassins" class="subtle" target="_blank">Slyssassins</a></h1>
<script type="text/plain" class="battle-log-data">|j|megafaggo
|j|Slyssassins
|player|p1|megafaggo|170
|player|p2|Slyssassins|293
|gametype|singles
|gen|6
|tier|RU
|rated
|seed|48519,63054,65359,62179
|rule|Sleep Clause Mod: Limit one foe put to sleep
|rule|Species Clause: Limit one of each Pokémon
|rule|OHKO Clause: OHKO moves are banned
|rule|Moody Clause: Moody is banned
|rule|Evasion Moves Clause: Evasion moves are banned
|rule|Endless Battle Clause: Forcing endless battles is banned
|rule|HP Percentage Mod: HP is shown in percentages
|clearpoke
|poke|p1|Ambipom, M|item
|poke|p1|Rotom, shiny|item
|poke|p1|Blastoise, M, shiny|item
|poke|p1|Leavanny, M, shiny|item
|poke|p1|Exploud, F, shiny|item
|poke|p1|Fletchinder, M|
|poke|p2|Diancie|item
|poke|p2|Druddigon, F|item
|poke|p2|Sigilyph, F|item
|poke|p2|Venusaur, M|item
|poke|p2|Meloetta|item
|poke|p2|Jellicent, M|item
|rule|Swagger Clause: Swagger is banned
|rule|Baton Pass Clause: Limit one Baton Passer, can't pass Spe and other stats simultaneously
|teampreview
|choice|team 4, team 2, team 3, team 1, team 5, team 6|team 6, team 2, team 3, team 4, team 5, team 1
|
|start
|switch|p1a: Leavanny|Leavanny, M, shiny|291\/291
|switch|p2a: Jellicent|Jellicent, M|341\/341
|turn|1
|choice|move stickyweb|move protect
|
|move|p2a: Jellicent|Protect|p2a: Jellicent
|-singleturn|p2a: Jellicent|Protect
|move|p1a: Leavanny|Sticky Web|p2a: Jellicent
|-sidestart|p2: Slyssassins|move: Sticky Web
|
|upkeep
|turn|2
|choice|move knockoff|move willowisp
|
|move|p1a: Leavanny|Knock Off|p2a: Jellicent
|-supereffective|p2a: Jellicent
|-damage|p2a: Jellicent|65\/341
|-enditem|p2a: Jellicent|Leftovers|[from] move: Knock Off|[of] p1a: Leavanny
|move|p2a: Jellicent|Will-O-Wisp|p1a: Leavanny
|-status|p1a: Leavanny|brn
|
|-damage|p1a: Leavanny|255\/291 brn|[from] brn
|upkeep
|turn|3
|choice|move leafblade|switch 3
|
|switch|p2a: Sigilyph|Sigilyph, F|285\/285
|move|p1a: Leavanny|Leaf Blade|p2a: Sigilyph
|-resisted|p2a: Sigilyph
|-damage|p2a: Sigilyph|244\/285
|
|-damage|p1a: Leavanny|219\/291 brn|[from] brn
|upkeep
|turn|4
|choice|move knockoff|move airslash
|
|move|p2a: Sigilyph|Air Slash|p1a: Leavanny
|-supereffective|p1a: Leavanny
|-damage|p1a: Leavanny|0 fnt
|faint|p1a: Leavanny
|
|upkeep
|choice|switch 2|
|
|switch|p1a: Rotom|Rotom, shiny|241\/241
|turn|5
|choice|move willowisp|move psychic
|
|move|p2a: Sigilyph|Psychic|p1a: Rotom
|-damage|p1a: Rotom|85\/241
|move|p1a: Rotom|Will-O-Wisp|p2a: Sigilyph|[miss]
|-miss|p1a: Rotom|p2a: Sigilyph
|
|upkeep
|turn|6
|choice|move thunderbolt|move psychic
|
|move|p2a: Sigilyph|Psychic|p1a: Rotom
|-damage|p1a: Rotom|0 fnt
|faint|p1a: Rotom
|
|upkeep
|choice|switch 3|
|
|switch|p1a: Blastoise|Blastoise, M, shiny|362\/362
|turn|7
|choice|move icebeam|move energyball
|
|move|p2a: Sigilyph|Energy Ball|p1a: Blastoise
|-supereffective|p1a: Blastoise
|-crit|p1a: Blastoise
|-damage|p1a: Blastoise|198\/362
|move|p1a: Blastoise|Ice Beam|p2a: Sigilyph
|-supereffective|p2a: Sigilyph
|-damage|p2a: Sigilyph|6\/285
|-enditem|p2a: Sigilyph|Sitrus Berry|[eat]
|-heal|p2a: Sigilyph|77\/285|[from] item: Sitrus Berry
|
|upkeep
|turn|8
|choice|move icebeam|move energyball
|
|move|p2a: Sigilyph|Energy Ball|p1a: Blastoise
|-supereffective|p1a: Blastoise
|-damage|p1a: Blastoise|74\/362
|move|p1a: Blastoise|Ice Beam|p2a: Sigilyph
|-supereffective|p2a: Sigilyph
|-damage|p2a: Sigilyph|0 fnt
|faint|p2a: Sigilyph
|
|upkeep
|choice||switch 4
|
|switch|p2a: Venusaur|Venusaur, M|301\/301
|-activate|p2a: Venusaur|move: Sticky Web
|-unboost|p2a: Venusaur|spe|1
|turn|9
|choice|move icebeam|move gigadrain
|
|move|p1a: Blastoise|Ice Beam|p2a: Venusaur
|-supereffective|p2a: Venusaur
|-damage|p2a: Venusaur|185\/301
|move|p2a: Venusaur|Giga Drain|p1a: Blastoise
|-supereffective|p1a: Blastoise
|-damage|p1a: Blastoise|0 fnt
|-heal|p2a: Venusaur|222\/301|[from] drain|[of] p1a: Blastoise
|faint|p1a: Blastoise
|
|-heal|p2a: Venusaur|240\/301|[from] item: Leftovers
|upkeep
|choice|switch 6|
|
|switch|p1a: Fletchinder|Fletchinder, M|303\/303
|turn|10
|choice|move swordsdance|switch 6
|
|switch|p2a: Diancie|Diancie|241\/241
|-activate|p2a: Diancie|move: Sticky Web
|-fail|p2a: Diancie|unboost|[from] ability: Clear Body|[of] p2a: Diancie
|move|p1a: Fletchinder|Swords Dance|p1a: Fletchinder
|-boost|p1a: Fletchinder|atk|2
|
|upkeep
|turn|11
|choice|switch 5|move diamondstorm
|
|switch|p1a: Exploud|Exploud, F, shiny|349\/349
|move|p2a: Diancie|Diamond Storm|p1a: Exploud
|-damage|p1a: Exploud|138\/349
|
|upkeep
|turn|12
|choice|move surf|move toxic
|
|move|p1a: Exploud|Surf|p2a: Diancie
|-supereffective|p2a: Diancie
|-damage|p2a: Diancie|49\/241
|move|p2a: Diancie|Toxic|p1a: Exploud
|-status|p1a: Exploud|tox
|
|-heal|p2a: Diancie|64\/241|[from] item: Leftovers
|-damage|p1a: Exploud|117\/349 tox|[from] psn
|upkeep
|turn|13
|choice|move surf|switch 3
|
|switch|p2a: Jellicent|Jellicent, M|65\/341
|-activate|p2a: Jellicent|move: Sticky Web
|-unboost|p2a: Jellicent|spe|1
|move|p1a: Exploud|Surf|p2a: Jellicent
|-heal|p2a: Jellicent|150\/341|[from] ability: Water Absorb|[of] p1a: Exploud
|
|-damage|p1a: Exploud|75\/349 tox|[from] psn
|upkeep
|turn|14
|-message|megafaggo forfeited.
|
|win|Slyssassins
|player|p1
|player|p2
|l|megafaggo</script>
</div>
<div class="battle-log battle-log-inline"><div class="inner"><div class="battle-options"></div><div class="inner"><div class="chat"><small>megafaggo joined.</small></div><div class="chat"><small>Slyssassins joined.</small></div><div class=""><small>Format:</small> <br><strong>RU</strong></div><div class="rated"><strong>Rated battle</strong></div><div class=""><small><em>Sleep Clause Mod:</em> Limit one foe put to sleep</small></div><div class=""><small><em>Species Clause:</em> Limit one of each Pokémon</small></div><div class=""><small><em>OHKO Clause:</em> OHKO moves are banned</small></div><div class=""><small><em>Moody Clause:</em> Moody is banned</small></div><div class=""><small><em>Evasion Moves Clause:</em> Evasion moves are banned</small></div><div class=""><small><em>Endless Battle Clause:</em> Forcing endless battles is banned</small></div><div class=""><small><em>HP Percentage Mod:</em> HP is shown in percentages</small></div><div class=""><small><em>Swagger Clause:</em> Swagger is banned</small></div><div class=""><small><em>Baton Pass Clause:</em> Limit one Baton Passer, can't pass Spe and other stats simultaneously</small></div><div class="chat battle-history"><strong>megafaggo's team:</strong> <em style="color:#445566;display:block;">Ambipom / Rotom / Blastoise / Leavanny / Exploud / Fletchinder</em></div><div class="chat battle-history"><strong>Slyssassins's team:</strong> <em style="color:#445566;display:block;">Diancie / Druddigon / Sigilyph / Venusaur / Meloetta / Jellicent</em></div><div class="spacer battle-history"><br></div><div class="battle-history">Battle started between megafaggo and Slyssassins!<br></div><div class="spacer battle-history"><br></div><div class="battle-history">Go! <strong>Leavanny</strong>!<br></div><div class="spacer battle-history"><br></div><div class="battle-history">Slyssassins sent out <strong>Jellicent</strong>!<br></div><div class="spacer battle-history"><br></div><h2 class="battle-history">Turn 1</h2><div class="spacer battle-history"><br></div><div class="battle-history">The opposing Jellicent used <strong>Protect</strong>!<br></div><div class="battle-history"><small>The opposing Jellicent protected itself!</small><br></div><div class="spacer battle-history"><br></div><div class="battle-history">Leavanny used <strong>Sticky Web</strong>!<br></div><div class="battle-history"><small>A sticky web spreads out on the ground around the opposing team!</small><br></div><div class="spacer battle-history"><br></div><h2 class="battle-history">Turn 2</h2><div class="spacer battle-history"><br></div><div class="battle-history">Leavanny used <strong>Knock Off</strong>!<br></div><div class="battle-history"><small>It's super effective!</small><br></div><div class="battle-history"><small>(The opposing Jellicent lost <abbr title="−276/341">80.9%</abbr> of its health!)</small><br></div><div class="battle-history"><small>Leavanny knocked off the opposing Jellicent's Leftovers!</small><br></div><div class="spacer battle-history"><br></div><div class="battle-history">The opposing Jellicent used <strong>Will-O-Wisp</strong>!<br></div><div class="battle-history"><small>Leavanny was burned!</small><br></div><div class="spacer battle-history"><br></div><div class="battle-history"><small>Leavanny was hurt by its burn!</small><br></div><div class="spacer battle-history"><br></div><h2 class="battle-history">Turn 3</h2><div class="spacer battle-history"><br></div><div class="battle-history">Slyssassins withdrew Jellicent!<br></div><div class="battle-history">Slyssassins sent out <strong>Sigilyph</strong>!<br></div><div class="spacer battle-history"><br></div><div class="battle-history">Leavanny used <strong>Leaf Blade</strong>!<br></div><div class="battle-history"><small>It's not very effective...</small><br></div><div class="battle-history"><small>(The opposing Sigilyph lost <abbr title="−41/285">14.4%</abbr> of its health!)</small><br></div><div class="spacer battle-history"><br></div><div class="battle-history"><small>Leavanny was hurt by its burn!</small><br></div><div class="spacer battle-history"><br></div><h2 class="battle-history">Turn 4</h2><div class="spacer battle-history"><br></div><div class="battle-history">The opposing Sigilyph used <strong>Air Slash</strong>!<br></div><div class="battle-history"><small>It's super effective!</small><br></div><div class="battle-history"><small>(Leavanny lost <abbr title="−219/291">75.3%</abbr> of its health!)</small><br></div><div class="spacer battle-history"><br></div><div class="battle-history">Leavanny fainted!<br></div><div class="spacer battle-history"><br></div><div class="battle-history">Go! <strong>Rotom</strong>!<br></div><div class="spacer battle-history"><br></div><h2 class="battle-history">Turn 5</h2><div class="spacer battle-history"><br></div><div class="battle-history">The opposing Sigilyph used <strong>Psychic</strong>!<br></div><div class="battle-history"><small>(Rotom lost <abbr title="−156/241">64.7%</abbr> of its health!)</small><br></div><div class="spacer battle-history"><br></div><div class="battle-history">Rotom used <strong>Will-O-Wisp</strong>!<br></div><div class="battle-history"><small>The opposing Sigilyph avoided the attack!</small><br></div><div class="spacer battle-history"><br></div><h2 class="battle-history">Turn 6</h2><div class="spacer battle-history"><br></div><div class="battle-history">The opposing Sigilyph used <strong>Psychic</strong>!<br></div><div class="battle-history"><small>(Rotom lost <abbr title="−85/241">35.3%</abbr> of its health!)</small><br></div><div class="spacer battle-history"><br></div><div class="battle-history">Rotom fainted!<br></div><div class="spacer battle-history"><br></div><div class="battle-history">Go! <strong>Blastoise</strong>!<br></div><div class="spacer battle-history"><br></div><h2 class="battle-history">Turn 7</h2><div class="spacer battle-history"><br></div><div class="battle-history">The opposing Sigilyph used <strong>Energy Ball</strong>!<br></div><div class="battle-history"><small>It's super effective!</small><br></div><div class="battle-history"><small>A critical hit!</small><br></div><div class="battle-history"><small>(Blastoise lost <abbr title="−164/362">45.3%</abbr> of its health!)</small><br></div><div class="spacer battle-history"><br></div><div class="battle-history">Blastoise used <strong>Ice Beam</strong>!<br></div><div class="battle-history"><small>It's super effective!</small><br></div><div class="battle-history"><small>(The opposing Sigilyph lost <abbr title="−238/285">83.5%</abbr> of its health!)</small><br></div><div class="battle-history"><small>The opposing Sigilyph ate its Sitrus Berry!</small><br></div><div class="battle-history"><small>The opposing Sigilyph restored HP using its Sitrus Berry!</small><br></div><div class="spacer battle-history"><br></div><h2 class="battle-history">Turn 8</h2><div class="spacer battle-history"><br></div><div class="battle-history">The opposing Sigilyph used <strong>Energy Ball</strong>!<br></div><div class="battle-history"><small>It's super effective!</small><br></div><div class="battle-history"><small>(Blastoise lost <abbr title="−124/362">34.3%</abbr> of its health!)</small><br></div><div class="spacer battle-history"><br></div><div class="battle-history">Blastoise used <strong>Ice Beam</strong>!<br></div><div class="battle-history"><small>It's super effective!</small><br></div><div class="battle-history"><small>(The opposing Sigilyph lost <abbr title="−77/285">27.0%</abbr> of its health!)</small><br></div><div class="spacer battle-history"><br></div><div class="battle-history">The opposing Sigilyph fainted!<br></div><div class="spacer battle-history"><br></div><div class="battle-history">Slyssassins sent out <strong>Venusaur</strong>!<br></div><div class="battle-history"><small>The opposing Venusaur was caught in a sticky web!</small><br></div><div class="battle-history"><small>The opposing Venusaur's Speed fell!</small><br></div><div class="spacer battle-history"><br></div><h2 class="battle-history">Turn 9</h2><div class="spacer battle-history"><br></div><div class="battle-history">Blastoise used <strong>Ice Beam</strong>!<br></div><div class="battle-history"><small>It's super effective!</small><br></div><div class="battle-history"><small>(The opposing Venusaur lost <abbr title="−116/301">38.5%</abbr> of its health!)</small><br></div><div class="spacer battle-history"><br></div><div class="battle-history">The opposing Venusaur used <strong>Giga Drain</strong>!<br></div><div class="battle-history"><small>It's super effective!</small><br></div><div class="battle-history"><small>(Blastoise lost <abbr title="−74/362">20.4%</abbr> of its health!)</small><br></div><div class="battle-history"><small>Blastoise had its energy drained!</small><br></div><div class="spacer battle-history"><br></div><div class="battle-history">Blastoise fainted!<br></div><div class="spacer battle-history"><br></div><div class="battle-history"><small>The opposing Venusaur restored a little HP using its Leftovers!</small><br></div><div class="spacer battle-history"><br></div><div class="battle-history">Go! <strong>Fletchinder</strong>!<br></div><div class="spacer battle-history"><br></div><h2 class="battle-history">Turn 10</h2><div class="spacer battle-history"><br></div><div class="battle-history">Slyssassins withdrew Venusaur!<br></div><div class="battle-history">Slyssassins sent out <strong>Diancie</strong>!<br></div><div class="battle-history"><small>The opposing Diancie was caught in a sticky web!</small><br></div><div class="battle-history"><small>[The opposing Diancie's Clear Body]</small><br><small>The opposing Diancie's stats were not lowered!</small><br></div><div class="spacer battle-history"><br></div><div class="battle-history">Fletchinder used <strong>Swords Dance</strong>!<br></div><div class="battle-history"><small>Fletchinder's Attack rose sharply!</small><br></div><div class="spacer battle-history"><br></div><h2 class="battle-history">Turn 11</h2><div class="spacer battle-history"><br></div><div class="battle-history">Fletchinder, come back!<br></div><div class="battle-history">Go! <strong>Exploud</strong>!<br></div><div class="spacer battle-history"><br></div><div class="battle-history">The opposing Diancie used <strong>Diamond Storm</strong>!<br></div><div class="battle-history"><small>(Exploud lost <abbr title="−211/349">60.5%</abbr> of its health!)</small><br></div><div class="spacer battle-history"><br></div><h2 class="battle-history">Turn 12</h2><div class="spacer battle-history"><br></div><div class="battle-history">Exploud used <strong>Surf</strong>!<br></div><div class="battle-history"><small>It's super effective!</small><br></div><div class="battle-history"><small>(The opposing Diancie lost <abbr title="−192/241">79.7%</abbr> of its health!)</small><br></div><div class="spacer battle-history"><br></div><div class="battle-history">The opposing Diancie used <strong>Toxic</strong>!<br></div><div class="battle-history"><small>Exploud was badly poisoned!</small><br></div><div class="spacer battle-history"><br></div><div class="battle-history"><small>The opposing Diancie restored a little HP using its Leftovers!</small><br></div><div class="battle-history"><small>Exploud was hurt by poison!</small><br></div><div class="spacer battle-history"><br></div><h2 class="battle-history">Turn 13</h2><div class="spacer battle-history"><br></div><div class="battle-history">Slyssassins withdrew Diancie!<br></div><div class="battle-history">Slyssassins sent out <strong>Jellicent</strong>!<br></div><div class="battle-history"><small>The opposing Jellicent was caught in a sticky web!</small><br></div><div class="battle-history"><small>The opposing Jellicent's Speed fell!</small><br></div><div class="spacer battle-history"><br></div><div class="battle-history">Exploud used <strong>Surf</strong>!<br></div><div class="battle-history"><small>[The opposing Jellicent's Water Absorb]</small><br><small>The opposing Jellicent restored its HP.</small><br></div><div class="spacer battle-history"><br></div><div class="battle-history"><small>Exploud was hurt by poison!</small><br></div><div class="spacer battle-history"><br></div><h2 class="battle-history">Turn 14</h2><div class="spacer battle-history"><br></div><div class="battle-history"><small>megafaggo forfeited.</small><br></div><div class="spacer battle-history"><br></div><div class="battle-history"><strong>Slyssassins</strong> won the battle!<br></div><div class="chat"><small>megafaggo left.</small></div></div><div class="inner-preempt"></div></div></div>
</div>
<script>
let daily = Math.floor(Date.now()/1000/60/60/24);document.write('<script src="https://play.pokemonshowdown.com/js/replay-embed.js?version'+daily+'"></'+'script>');
</script>
