<!DOCTYPE html>
<meta charset="utf-8" />
<!-- version 1 -->
<title>RU replay: LCezasfuck vs. Carulio</title>
<style>
html,body {font-family:Verdana, sans-serif;font-size:10pt;margin:0;padding:0;}body{padding:12px 0;} .battle-log {font-family:Verdana, sans-serif;font-size:10pt;} .battle-log-inline {border:1px solid #AAAAAA;background:#EEF2F5;color:black;max-width:640px;margin:0 auto 80px;padding-bottom:5px;} .battle-log .inner {padding:4px 8px 0px 8px;} .battle-log .inner-preempt {padding:0 8px 4px 8px;} .battle-log .inner-after {margin-top:0.5em;} .battle-log h2 {margin:0.5em -8px;padding:4px 8px;border:1px solid #AAAAAA;background:#E0E7EA;border-left:0;border-right:0;font-family:Verdana, sans-serif;font-size:13pt;} .battle-log .chat {vertical-align:middle;padding:3px 0 3px 0;font-size:8pt;} .battle-log .chat strong {color:#40576A;} .battle-log .chat em {padding:1px 4px 1px 3px;color:#000000;font-style:normal;} .chat.mine {background:rgba(0,0,0,0.05);margin-left:-8px;margin-right:-8px;padding-left:8px;padding-right:8px;} .spoiler {color:#BBBBBB;background:#BBBBBB;padding:0px 3px;} .spoiler:hover, .spoiler:active, .spoiler-shown {color:#000000;background:#E2E2E2;padding:0px 3px;} .spoiler a {color:#BBBBBB;} .spoiler:hover a, .spoiler:active a, .spoiler-shown a {color:#2288CC;} .chat code, .chat .spoiler:hover code, .chat .spoiler:active code, .chat .spoiler-shown code {border:1px solid #C0C0C0;background:#EEEEEE;color:black;padding:0 2px;} .chat .spoiler code {border:1px solid #CCCCCC;background:#CCCCCC;color:#CCCCCC;} .battle-log .rated {padding:3px 4px;} .battle-log .rated strong {color:white;background:#89A;padding:1px 4px;border-radius:4px;} .spacer {margin-top:0.5em;} .message-announce {background:#6688AA;color:white;padding:1px 4px 2px;} .message-announce a, .broadcast-green a, .broadcast-blue a, .broadcast-red a {color:#DDEEFF;} .broadcast-green {background-color:#559955;color:white;padding:2px 4px;} .broadcast-blue {background-color:#6688AA;color:white;padding:2px 4px;} .infobox {border:1px solid #6688AA;padding:2px 4px;} .infobox-limited {max-height:200px;overflow:auto;overflow-x:hidden;} .broadcast-red {background-color:#AA5544;color:white;padding:2px 4px;} .message-learn-canlearn {font-weight:bold;color:#228822;text-decoration:underline;} .message-learn-cannotlearn {font-weight:bold;color:#CC2222;text-decoration:underline;} .message-effect-weak {font-weight:bold;color:#CC2222;} .message-effect-resist {font-weight:bold;color:#6688AA;} .message-effect-immune {font-weight:bold;color:#666666;} .message-learn-list {margin-top:0;margin-bottom:0;} .message-throttle-notice, .message-error {color:#992222;} .message-overflow, .chat small.message-overflow {font-size:0pt;} .message-overflow::before {font-size:9pt;content:'...';} .subtle {color:#3A4A66;}
</style>
<div class="wrapper replay-wrapper" style="max-width:1180px;margin:0 auto">
<input type="hidden" name="replayid" value="ru-497076927" />
<div class="battle"></div><div class="battle-log"></div><div class="replay-controls"></div><div class="replay-controls-2"></div>
<h1 style="font-weight:normal;text-align:center"><strong>RU</strong><br /><a href="http://pokemonshowdown.com/users/lcezasfuck" class="subtle" target="_blank">LCezasfuck</a> vs. <a href="http://pokemonshowdown.com/users/carulio" class="subtle" target="_blank">Carulio</a></h1>
<script type="text/plain" class="battle-log-data">|j|LCezasfuck
|j|Carulio
|player|p1|LCezasfuck|184
|player|p2|Carulio|52
|gametype|singles
|gen|6
|tier|RU
|rated
|seed|3217,10781,19703,9738
|rule|Sleep Clause Mod: Limit one foe put to sleep
|rule|Species Clause: Limit one of each Pokémon
|rule|OHKO Clause: OHKO moves are banned
|rule|Moody Clause: Moody is banned
|rule|Evasion Moves Clause: Evasion moves are banned
|rule|Endless Battle Clause: Forcing endless battles is banned
|rule|HP Percentage Mod: HP is shown in percentages
|clearpoke
|poke|p1|Alomomola, F|item
|poke|p1|Togetic, F|item
|poke|p1|Registeel|item
|poke|p1|Virizion|item
|poke|p1|Glalie, F|item
|poke|p1|Houndoom, M|item
|poke|p2|Jellicent, F|item
|poke|p2|Rhyperior, F|item
|poke|p2|Braviary, M|item
|poke|p2|Houndoom, M|item
|poke|p2|Ambipom, F|item
|poke|p2|Jolteon, F|item
|rule|Swagger Clause: Swagger is banned
|rule|Baton Pass Clause: Limit one Baton Passer, can't pass Spe and other stats simultaneously
|teampreview
|choice|team 1, team 2, team 3, team 4, team 5, team 6|team 1, team 2, team 3, team 4, team 5, team 6
|
|start
|switch|p1a: Alomomola|Alomomola, F|534\/534
|switch|p2a: Jellicent|Jellicent, F|404\/404
|turn|1
|choice|move toxic|move taunt
|
|move|p1a: Alomomola|Toxic|p2a: Jellicent
|-status|p2a: Jellicent|tox
|move|p2a: Jellicent|Taunt|p1a: Alomomola
|-start|p1a: Alomomola|move: Taunt
|
|-damage|p2a: Jellicent|379\/404 tox|[from] psn
|upkeep
|turn|2
|choice|switch 3|switch 6
|
|switch|p1a: Registeel|Registeel|364\/364
|switch|p2a: Jolteon|Jolteon, F|272\/272
|
|upkeep
|turn|3
|c|★LCezasfuck|up ev speed jellicent
|c|★LCezasfuck|trust me
|c|★LCezasfuck|at least 200
|choice|move stealthrock|move voltswitch
|
|move|p2a: Jolteon|Volt Switch|p1a: Registeel
|-damage|p1a: Registeel|310\/364
|choice||switch 2
|
|switch|p2a: Rhyperior|Rhyperior, F|414\/414
|move|p1a: Registeel|Stealth Rock|p2a: Rhyperior
|-sidestart|p2: Carulio|move: Stealth Rock
|
|-heal|p1a: Registeel|332\/364|[from] item: Leftovers
|upkeep
|turn|4
|choice|move ironhead|move stealthrock
|
|move|p2a: Rhyperior|Stealth Rock|p1a: Registeel
|-sidestart|p1: LCezasfuck|move: Stealth Rock
|move|p1a: Registeel|Iron Head|p2a: Rhyperior
|-supereffective|p2a: Rhyperior
|-damage|p2a: Rhyperior|323\/414
|
|-heal|p2a: Rhyperior|348\/414|[from] item: Leftovers
|-heal|p1a: Registeel|354\/364|[from] item: Leftovers
|upkeep
|turn|5
|choice|switch 3|move roar
|
|switch|p1a: Alomomola|Alomomola, F|534\/534
|-damage|p1a: Alomomola|468\/534|[from] Stealth Rock
|move|p2a: Rhyperior|Roar|p1a: Alomomola
|drag|p1a: Togetic|Togetic, F|314\/314
|-damage|p1a: Togetic|236\/314|[from] Stealth Rock
|
|-heal|p2a: Rhyperior|373\/414|[from] item: Leftovers
|upkeep
|turn|6
|choice|move roost|move rockblast
|
|move|p2a: Rhyperior|Rock Blast|p1a: Togetic
|-supereffective|p1a: Togetic
|-damage|p1a: Togetic|174\/314
|-supereffective|p1a: Togetic
|-damage|p1a: Togetic|114\/314
|-supereffective|p1a: Togetic
|-damage|p1a: Togetic|54\/314
|-hitcount|p1a: Togetic|3
|move|p1a: Togetic|Roost|p1a: Togetic
|-heal|p1a: Togetic|211\/314
|
|-heal|p2a: Rhyperior|398\/414|[from] item: Leftovers
|upkeep
|turn|7
|choice|switch 2|move earthquake
|
|switch|p1a: Alomomola|Alomomola, F|534\/534
|-damage|p1a: Alomomola|468\/534|[from] Stealth Rock
|move|p2a: Rhyperior|Earthquake|p1a: Alomomola
|-damage|p1a: Alomomola|338\/534
|
|-heal|p2a: Rhyperior|414\/414|[from] item: Leftovers
|upkeep
|turn|8
|j|northings
|choice|move wish|move roar
|
|move|p1a: Alomomola|Wish|p1a: Alomomola
|move|p2a: Rhyperior|Roar|p1a: Alomomola
|drag|p1a: Togetic|Togetic, F|211\/314
|-damage|p1a: Togetic|133\/314|[from] Stealth Rock
|
|upkeep
|turn|9
|choice|move roost|move earthquake
|
|move|p2a: Rhyperior|Earthquake|p1a: Togetic
|-immune|p1a: Togetic|[msg]
|move|p1a: Togetic|Roost|p1a: Togetic
|-heal|p1a: Togetic|290\/314
|
|-heal|p1a: Togetic|314\/314|[from] move: Wish|[wisher] Alomomola
|upkeep
|turn|10
|choice|switch 2|switch 2
|
|switch|p2a: Jolteon|Jolteon, F|272\/272
|-damage|p2a: Jolteon|238\/272|[from] Stealth Rock
|switch|p1a: Alomomola|Alomomola, F|516\/534
|-damage|p1a: Alomomola|450\/534|[from] Stealth Rock
|
|upkeep
|turn|11
|choice|switch 3|move thunderbolt
|
|switch|p1a: Registeel|Registeel|354\/364
|-damage|p1a: Registeel|332\/364|[from] Stealth Rock
|move|p2a: Jolteon|Thunderbolt|p1a: Registeel
|-damage|p1a: Registeel|268\/364
|-status|p1a: Registeel|par
|
|-heal|p1a: Registeel|290\/364 par|[from] item: Leftovers
|upkeep
|turn|12
|choice|move rest|move voltswitch
|
|move|p2a: Jolteon|Volt Switch|p1a: Registeel
|-damage|p1a: Registeel|241\/364 par
|choice||switch 2
|
|switch|p2a: Rhyperior|Rhyperior, F|414\/414
|-damage|p2a: Rhyperior|389\/414|[from] Stealth Rock
|move|p1a: Registeel|Rest|p1a: Registeel
|-status|p1a: Registeel|slp
|-heal|p1a: Registeel|364\/364 slp|[silent]
|-status|p1a: Registeel|slp|[from] move: Rest
|
|-heal|p2a: Rhyperior|414\/414|[from] item: Leftovers
|upkeep
|turn|13
|choice|switch 3|move roar
|
|switch|p1a: Alomomola|Alomomola, F|534\/534
|-damage|p1a: Alomomola|468\/534|[from] Stealth Rock
|move|p2a: Rhyperior|Roar|p1a: Alomomola
|drag|p1a: Houndoom|Houndoom, M|291\/291
|-damage|p1a: Houndoom|219\/291|[from] Stealth Rock
|
|upkeep
|turn|14
|choice|switch 6|move rockblast
|
|switch|p1a: Alomomola|Alomomola, F|534\/534
|-damage|p1a: Alomomola|468\/534|[from] Stealth Rock
|move|p2a: Rhyperior|Rock Blast|p1a: Alomomola
|-damage|p1a: Alomomola|435\/534
|-damage|p1a: Alomomola|401\/534
|-hitcount|p1a: Alomomola|2
|
|upkeep
|turn|15
|choice|move scald|move earthquake
|
|move|p1a: Alomomola|Scald|p2a: Rhyperior
|-supereffective|p2a: Rhyperior
|-damage|p2a: Rhyperior|270\/414
|move|p2a: Rhyperior|Earthquake|p1a: Alomomola
|-damage|p1a: Alomomola|278\/534
|
|-heal|p2a: Rhyperior|295\/414|[from] item: Leftovers
|upkeep
|turn|16
|choice|move scald|switch 6
|
|switch|p2a: Jellicent|Jellicent, F|379\/404 tox
|-damage|p2a: Jellicent|329\/404 tox|[from] Stealth Rock
|move|p1a: Alomomola|Scald|p2a: Jellicent
|-heal|p2a: Jellicent|404\/404 tox|[from] ability: Water Absorb|[of] p1a: Alomomola
|
|-damage|p2a: Jellicent|379\/404 tox|[from] psn
|upkeep
|turn|17
|choice|switch 4|move willowisp
|
|switch|p1a: Virizion|Virizion|323\/323
|-damage|p1a: Virizion|303\/323|[from] Stealth Rock
|move|p2a: Jellicent|Will-O-Wisp|p1a: Virizion
|-status|p1a: Virizion|brn
|
|-heal|p2a: Jellicent|404\/404 tox|[from] item: Leftovers
|-damage|p1a: Virizion|263\/323 brn|[from] brn
|-damage|p2a: Jellicent|354\/404 tox|[from] psn
|upkeep
|turn|18
|choice|switch 2|switch 6
|
|switch|p1a: Togetic|Togetic, F|314\/314
|-damage|p1a: Togetic|236\/314|[from] Stealth Rock
|switch|p2a: Rhyperior|Rhyperior, F|295\/414
|-damage|p2a: Rhyperior|270\/414|[from] Stealth Rock
|
|-heal|p2a: Rhyperior|295\/414|[from] item: Leftovers
|upkeep
|turn|19
|choice|move healbell|move roar
|
|move|p1a: Togetic|Heal Bell|p1a: Togetic
|-activate|p1a: Togetic|move: Heal Bell
|-curestatus|p1: Virizion|brn|[msg]
|-curestatus|p1: Registeel|slp|[msg]
|move|p2a: Rhyperior|Roar|p1a: Togetic
|drag|p1a: Houndoom|Houndoom, M|219\/291
|-damage|p1a: Houndoom|147\/291|[from] Stealth Rock
|
|-heal|p2a: Rhyperior|320\/414|[from] item: Leftovers
|upkeep
|turn|20
|choice|move darkpulse|move earthquake
|
|move|p1a: Houndoom|Dark Pulse|p2a: Rhyperior
|-damage|p2a: Rhyperior|148\/414
|-damage|p1a: Houndoom|118\/291|[from] item: Life Orb
|move|p2a: Rhyperior|Earthquake|p1a: Houndoom
|-supereffective|p1a: Houndoom
|-damage|p1a: Houndoom|0 fnt
|faint|p1a: Houndoom
|
|-heal|p2a: Rhyperior|173\/414|[from] item: Leftovers
|upkeep
|choice|switch 2|
|
|switch|p1a: Virizion|Virizion|263\/323
|-damage|p1a: Virizion|243\/323|[from] Stealth Rock
|turn|21
|choice|move swordsdance|move rockblast
|
|move|p1a: Virizion|Swords Dance|p1a: Virizion
|-boost|p1a: Virizion|atk|2
|move|p2a: Rhyperior|Rock Blast|p1a: Virizion
|-resisted|p1a: Virizion
|-damage|p1a: Virizion|218\/323
|-resisted|p1a: Virizion
|-damage|p1a: Virizion|194\/323
|-resisted|p1a: Virizion
|-damage|p1a: Virizion|170\/323
|-hitcount|p1a: Virizion|3
|
|-heal|p2a: Rhyperior|198\/414|[from] item: Leftovers
|upkeep
|turn|22
|choice|move leafblade|move earthquake
|
|move|p1a: Virizion|Leaf Blade|p2a: Rhyperior
|-supereffective|p2a: Rhyperior
|-damage|p2a: Rhyperior|0 fnt
|faint|p2a: Rhyperior
|
|upkeep
|choice||switch 2
|
|switch|p2a: Jolteon|Jolteon, F|238\/272
|-damage|p2a: Jolteon|204\/272|[from] Stealth Rock
|turn|23
|choice|move leafblade|move hiddenpower
|
|move|p2a: Jolteon|Hidden Power|p1a: Virizion
|-supereffective|p1a: Virizion
|-damage|p1a: Virizion|94\/323
|move|p1a: Virizion|Leaf Blade|p2a: Jolteon
|-damage|p2a: Jolteon|0 fnt
|faint|p2a: Jolteon
|
|upkeep
|choice||switch 4
|
|switch|p2a: Houndoom|Houndoom, M|291\/291
|-damage|p2a: Houndoom|219\/291|[from] Stealth Rock
|turn|24
|choice|move stoneedge|move fireblast
|
|move|p1a: Virizion|Stone Edge|p2a: Houndoom
|-supereffective|p2a: Houndoom
|-damage|p2a: Houndoom|0 fnt
|faint|p2a: Houndoom
|
|upkeep
|choice||switch 3
|
|switch|p2a: Braviary|Braviary, M|342\/342
|-damage|p2a: Braviary|257\/342|[from] Stealth Rock
|turn|25
|choice|move stoneedge|move return
|
|move|p1a: Virizion|Stone Edge|p2a: Braviary
|-supereffective|p2a: Braviary
|-damage|p2a: Braviary|0 fnt
|faint|p2a: Braviary
|
|upkeep
|choice||switch 5
|
|switch|p2a: Ambipom|Ambipom, F|292\/292
|-damage|p2a: Ambipom|256\/292|[from] Stealth Rock
|turn|26
|c|★LCezasfuck|Aibipom No fake out??
|choice|switch 6|move fakeout
|
|switch|p1a: Togetic|Togetic, F|236\/314
|-damage|p1a: Togetic|158\/314|[from] Stealth Rock
|move|p2a: Ambipom|Fake Out|p1a: Togetic
|-damage|p1a: Togetic|80\/314
|
|upkeep
|turn|27
|choice|move defog|move return
|
|move|p2a: Ambipom|Return|p1a: Togetic
|-damage|p1a: Togetic|0 fnt
|faint|p1a: Togetic
|
|upkeep
|choice|switch 5|
|
|switch|p1a: Glalie|Glalie, F|301\/301
|-damage|p1a: Glalie|226\/301|[from] Stealth Rock
|turn|28
|choice|move doubleedge mega|move lowkick
|
|detailschange|p1a: Glalie|Glalie-Mega, F
|-mega|p1a: Glalie|Glalie|Glalitite
|move|p2a: Ambipom|Low Kick|p1a: Glalie
|-supereffective|p1a: Glalie
|-damage|p1a: Glalie|0 fnt
|faint|p1a: Glalie
|
|upkeep
|choice|switch 4|
|
|switch|p1a: Alomomola|Alomomola, F|456\/534
|-damage|p1a: Alomomola|390\/534|[from] Stealth Rock
|turn|29
|choice|move wish|move return
|
|move|p2a: Ambipom|Return|p1a: Alomomola
|-damage|p1a: Alomomola|234\/534
|-damage|p2a: Ambipom|208\/292|[from] item: Rocky Helmet|[of] p1a: Alomomola
|move|p1a: Alomomola|Wish|p1a: Alomomola
|
|upkeep
|turn|30
|choice|move protect|move uturn
|
|move|p1a: Alomomola|Protect|p1a: Alomomola
|-singleturn|p1a: Alomomola|Protect
|move|p2a: Ambipom|U-turn|p1a: Alomomola
|-activate|p1a: Alomomola|move: Protect
|
|-heal|p1a: Alomomola|501\/534|[from] move: Wish|[wisher] Alomomola
|upkeep
|turn|31
|choice|move wish|move uturn
|
|move|p2a: Ambipom|U-turn|p1a: Alomomola
|-damage|p1a: Alomomola|439\/534
|-damage|p2a: Ambipom|160\/292|[from] item: Rocky Helmet|[of] p1a: Alomomola
|choice||switch 6
|
|switch|p2a: Jellicent|Jellicent, F|354\/404 tox
|-damage|p2a: Jellicent|304\/404 tox|[from] Stealth Rock
|move|p1a: Alomomola|Wish|p1a: Alomomola
|
|-heal|p2a: Jellicent|329\/404 tox|[from] item: Leftovers
|-damage|p2a: Jellicent|304\/404 tox|[from] psn
|upkeep
|turn|32
|choice|switch 6|move recover
|
|switch|p1a: Virizion|Virizion|94\/323
|-damage|p1a: Virizion|74\/323|[from] Stealth Rock
|move|p2a: Jellicent|Recover|p2a: Jellicent
|-heal|p2a: Jellicent|404\/404 tox
|
|-heal|p1a: Virizion|323\/323|[from] move: Wish|[wisher] Alomomola
|-damage|p2a: Jellicent|354\/404 tox|[from] psn
|upkeep
|turn|33
|choice|move swordsdance|move willowisp
|
|move|p1a: Virizion|Swords Dance|p1a: Virizion
|-boost|p1a: Virizion|atk|2
|move|p2a: Jellicent|Will-O-Wisp|p1a: Virizion
|-status|p1a: Virizion|brn
|
|-heal|p2a: Jellicent|379\/404 tox|[from] item: Leftovers
|-damage|p1a: Virizion|283\/323 brn|[from] brn
|-damage|p2a: Jellicent|304\/404 tox|[from] psn
|upkeep
|turn|34
|choice|move leafblade|move recover
|
|move|p1a: Virizion|Leaf Blade|p2a: Jellicent
|-supereffective|p2a: Jellicent
|-damage|p2a: Jellicent|0 fnt
|faint|p2a: Jellicent
|
|-damage|p1a: Virizion|243\/323 brn|[from] brn
|upkeep
|choice||switch 6
|
|switch|p2a: Ambipom|Ambipom, F|160\/292
|-damage|p2a: Ambipom|124\/292|[from] Stealth Rock
|turn|35
|choice|switch 6|move lowkick
|
|switch|p1a: Alomomola|Alomomola, F|534\/534
|-damage|p1a: Alomomola|468\/534|[from] Stealth Rock
|move|p2a: Ambipom|Low Kick|p1a: Alomomola
|-damage|p1a: Alomomola|391\/534
|-damage|p2a: Ambipom|76\/292|[from] item: Rocky Helmet|[of] p1a: Alomomola
|
|upkeep
|turn|36
|c|★LCezasfuck|gg
|choice|move scald|move fakeout
|
|move|p2a: Ambipom|Fake Out|p1a: Alomomola
|-fail|p2a: Ambipom
|-hint|Fake Out only works on your first turn out.
|move|p1a: Alomomola|Scald|p2a: Ambipom
|-damage|p2a: Ambipom|7\/292
|
|upkeep
|turn|37
|-message|Carulio forfeited.
|
|win|LCezasfuck
|player|p1
|player|p2
|l|Carulio</script>
</div>
<div class="battle-log battle-log-inline"><div class="inner"><div class="battle-options"></div><div class="inner"><div class="chat"><small>LCezasfuck joined.</small></div><div class="chat"><small>Carulio joined.</small></div><div class=""><small>Format:</small> <br><strong>RU</strong></div><div class="rated"><strong>Rated battle</strong></div><div class=""><small><em>Sleep Clause Mod:</em> Limit one foe put to sleep</small></div><div class=""><small><em>Species Clause:</em> Limit one of each Pokémon</small></div><div class=""><small><em>OHKO Clause:</em> OHKO moves are banned</small></div><div class=""><small><em>Moody Clause:</em> Moody is banned</small></div><div class=""><small><em>Evasion Moves Clause:</em> Evasion moves are banned</small></div><div class=""><small><em>Endless Battle Clause:</em> Forcing endless battles is banned</small></div><div class=""><small><em>HP Percentage Mod:</em> HP is shown in percentages</small></div><div class=""><small><em>Swagger Clause:</em> Swagger is banned</small></div><div class=""><small><em>Baton Pass Clause:</em> Limit one Baton Passer, can't pass Spe and other stats simultaneously</small></div><div class="chat battle-history"><strong>LCezasfuck's team:</strong> <em style="color:#445566;display:block;">Alomomola / Togetic / Registeel / Virizion / Glalie / Houndoom</em></div><div class="chat battle-history"><strong>Carulio's team:</strong> <em style="color:#445566;display:block;">Jellicent / Rhyperior / Braviary / Houndoom / Ambipom / Jolteon</em></div><div class="spacer battle-history"><br></div><div class="battle-history">Battle started between LCezasfuck and Carulio!<br></div><div class="spacer battle-history"><br></div><div class="battle-history">Go! <strong>Alomomola</strong>!<br></div><div class="spacer battle-history"><br></div><div class="battle-history">Carulio sent out <strong>Jellicent</strong>!<br></div><div class="spacer battle-history"><br></div><h2 class="battle-history">Turn 1</h2><div class="spacer battle-history"><br></div><div class="battle-history">Alomomola used <strong>Toxic</strong>!<br></div><div class="battle-history"><small>The opposing Jellicent was badly poisoned!</small><br></div><div class="spacer battle-history"><br></div><div class="battle-history">The opposing Jellicent used <strong>Taunt</strong>!<br></div><div class="battle-history"><small>Alomomola fell for the taunt!</small><br></div><div class="spacer battle-history"><br></div><div class="battle-history"><small>The opposing Jellicent was hurt by poison!</small><br></div><div class="spacer battle-history"><br></div><h2 class="battle-history">Turn 2</h2><div class="spacer battle-history"><br></div><div class="battle-history">Alomomola, come back!<br></div><div class="battle-history">Go! <strong>Registeel</strong>!<br></div><div class="spacer battle-history"><br></div><div class="battle-history">Carulio withdrew Jellicent!<br></div><div class="battle-history">Carulio sent out <strong>Jolteon</strong>!<br></div><div class="spacer battle-history"><br></div><h2 class="battle-history">Turn 3</h2><div class="chat chatmessage-lcezasfuck"><strong style="color:hsl(63,60%,38.09380051909%)"><small>★</small><span class="username" data-name="LCezasfuck">LCezasfuck</span>:</strong> <em>up ev speed jellicent</em></div><div class="chat chatmessage-lcezasfuck"><strong style="color:hsl(63,60%,38.09380051909%)"><small>★</small><span class="username" data-name="LCezasfuck">LCezasfuck</span>:</strong> <em>trust me</em></div><div class="chat chatmessage-lcezasfuck"><strong style="color:hsl(63,60%,38.09380051909%)"><small>★</small><span class="username" data-name="LCezasfuck">LCezasfuck</span>:</strong> <em>at least 200</em></div><div class="spacer battle-history"><br></div><div class="battle-history">The opposing Jolteon used <strong>Volt Switch</strong>!<br></div><div class="battle-history"><small>(Registeel lost <abbr title="−54/364">14.8%</abbr> of its health!)</small><br></div><div class="spacer battle-history"><br></div><div class="battle-history">The opposing Jolteon went back to Carulio!<br></div><div class="battle-history">Carulio sent out <strong>Rhyperior</strong>!<br></div><div class="spacer battle-history"><br></div><div class="battle-history">Registeel used <strong>Stealth Rock</strong>!<br></div><div class="battle-history"><small>Pointed stones float in the air around the opposing team!</small><br></div><div class="spacer battle-history"><br></div><div class="battle-history"><small>Registeel restored a little HP using its Leftovers!</small><br></div><div class="spacer battle-history"><br></div><h2 class="battle-history">Turn 4</h2><div class="spacer battle-history"><br></div><div class="battle-history">The opposing Rhyperior used <strong>Stealth Rock</strong>!<br></div><div class="battle-history"><small>Pointed stones float in the air around your team!</small><br></div><div class="spacer battle-history"><br></div><div class="battle-history">Registeel used <strong>Iron Head</strong>!<br></div><div class="battle-history"><small>It's super effective!</small><br></div><div class="battle-history"><small>(The opposing Rhyperior lost <abbr title="−91/414">22.0%</abbr> of its health!)</small><br></div><div class="spacer battle-history"><br></div><div class="battle-history"><small>The opposing Rhyperior restored a little HP using its Leftovers!</small><br></div><div class="battle-history"><small>Registeel restored a little HP using its Leftovers!</small><br></div><div class="spacer battle-history"><br></div><h2 class="battle-history">Turn 5</h2><div class="spacer battle-history"><br></div><div class="battle-history">Registeel, come back!<br></div><div class="battle-history">Go! <strong>Alomomola</strong>!<br></div><div class="battle-history"><small>Pointed stones dug into Alomomola!</small><br></div><div class="spacer battle-history"><br></div><div class="battle-history">The opposing Rhyperior used <strong>Roar</strong>!<br></div><div class="spacer battle-history"><br></div><div class="battle-history"><strong>Togetic</strong> was dragged out!<br></div><div class="battle-history"><small>Pointed stones dug into Togetic!</small><br></div><div class="spacer battle-history"><br></div><div class="battle-history"><small>The opposing Rhyperior restored a little HP using its Leftovers!</small><br></div><div class="spacer battle-history"><br></div><h2 class="battle-history">Turn 6</h2><div class="spacer battle-history"><br></div><div class="battle-history">The opposing Rhyperior used <strong>Rock Blast</strong>!<br></div><div class="battle-history"><small>It's super effective!</small><br></div><div class="battle-history"><small>(Togetic lost <abbr title="−62/314">19.7%</abbr> of its health!)</small><br></div><div class="battle-history"><small>It's super effective!</small><br></div><div class="battle-history"><small>(Togetic lost <abbr title="−60/314">19.1%</abbr> of its health!)</small><br></div><div class="battle-history"><small>It's super effective!</small><br></div><div class="battle-history"><small>(Togetic lost <abbr title="−60/314">19.1%</abbr> of its health!)</small><br></div><div class="battle-history"><small>Hit 3 times!</small><br></div><div class="spacer battle-history"><br></div><div class="battle-history">Togetic used <strong>Roost</strong>!<br></div><div class="battle-history"><small>Togetic restored its HP.</small><br></div><div class="spacer battle-history"><br></div><div class="battle-history"><small>The opposing Rhyperior restored a little HP using its Leftovers!</small><br></div><div class="spacer battle-history"><br></div><h2 class="battle-history">Turn 7</h2><div class="spacer battle-history"><br></div><div class="battle-history">Togetic, come back!<br></div><div class="battle-history">Go! <strong>Alomomola</strong>!<br></div><div class="battle-history"><small>Pointed stones dug into Alomomola!</small><br></div><div class="spacer battle-history"><br></div><div class="battle-history">The opposing Rhyperior used <strong>Earthquake</strong>!<br></div><div class="battle-history"><small>(Alomomola lost <abbr title="−130/534">24.3%</abbr> of its health!)</small><br></div><div class="spacer battle-history"><br></div><div class="battle-history"><small>The opposing Rhyperior restored a little HP using its Leftovers!</small><br></div><div class="spacer battle-history"><br></div><h2 class="battle-history">Turn 8</h2><div class="chat"><small>northings joined.</small></div><div class="spacer battle-history"><br></div><div class="battle-history">Alomomola used <strong>Wish</strong>!<br></div><div class="spacer battle-history"><br></div><div class="battle-history">The opposing Rhyperior used <strong>Roar</strong>!<br></div><div class="spacer battle-history"><br></div><div class="battle-history"><strong>Togetic</strong> was dragged out!<br></div><div class="battle-history"><small>Pointed stones dug into Togetic!</small><br></div><div class="spacer battle-history"><br></div><h2 class="battle-history">Turn 9</h2><div class="spacer battle-history"><br></div><div class="battle-history">The opposing Rhyperior used <strong>Earthquake</strong>!<br></div><div class="battle-history"><small>It doesn't affect Togetic...</small><br></div><div class="spacer battle-history"><br></div><div class="battle-history">Togetic used <strong>Roost</strong>!<br></div><div class="battle-history"><small>Togetic restored its HP.</small><br></div><div class="spacer battle-history"><br></div><div class="battle-history"><small>Alomomola's wish came true!</small><br></div><div class="spacer battle-history"><br></div><h2 class="battle-history">Turn 10</h2><div class="spacer battle-history"><br></div><div class="battle-history">Carulio withdrew Rhyperior!<br></div><div class="battle-history">Carulio sent out <strong>Jolteon</strong>!<br></div><div class="battle-history"><small>Pointed stones dug into the opposing Jolteon!</small><br></div><div class="spacer battle-history"><br></div><div class="battle-history">Togetic, come back!<br></div><div class="battle-history">Go! <strong>Alomomola</strong>!<br></div><div class="battle-history"><small>Pointed stones dug into Alomomola!</small><br></div><div class="spacer battle-history"><br></div><h2 class="battle-history">Turn 11</h2><div class="spacer battle-history"><br></div><div class="battle-history">Alomomola, come back!<br></div><div class="battle-history">Go! <strong>Registeel</strong>!<br></div><div class="battle-history"><small>Pointed stones dug into Registeel!</small><br></div><div class="spacer battle-history"><br></div><div class="battle-history">The opposing Jolteon used <strong>Thunderbolt</strong>!<br></div><div class="battle-history"><small>(Registeel lost <abbr title="−64/364">17.6%</abbr> of its health!)</small><br></div><div class="battle-history"><small>Registeel is paralyzed! It may be unable to move!</small><br></div><div class="spacer battle-history"><br></div><div class="battle-history"><small>Registeel restored a little HP using its Leftovers!</small><br></div><div class="spacer battle-history"><br></div><h2 class="battle-history">Turn 12</h2><div class="spacer battle-history"><br></div><div class="battle-history">The opposing Jolteon used <strong>Volt Switch</strong>!<br></div><div class="battle-history"><small>(Registeel lost <abbr title="−49/364">13.5%</abbr> of its health!)</small><br></div><div class="spacer battle-history"><br></div><div class="battle-history">The opposing Jolteon went back to Carulio!<br></div><div class="battle-history">Carulio sent out <strong>Rhyperior</strong>!<br></div><div class="battle-history"><small>Pointed stones dug into the opposing Rhyperior!</small><br></div><div class="spacer battle-history"><br></div><div class="battle-history">Registeel used <strong>Rest</strong>!<br></div><div class="battle-history"><small>Registeel fell asleep!</small><br></div><div class="battle-history"><small>Registeel slept and became healthy!</small><br></div><div class="spacer battle-history"><br></div><div class="battle-history"><small>The opposing Rhyperior restored a little HP using its Leftovers!</small><br></div><div class="spacer battle-history"><br></div><h2 class="battle-history">Turn 13</h2><div class="spacer battle-history"><br></div><div class="battle-history">Registeel, come back!<br></div><div class="battle-history">Go! <strong>Alomomola</strong>!<br></div><div class="battle-history"><small>Pointed stones dug into Alomomola!</small><br></div><div class="spacer battle-history"><br></div><div class="battle-history">The opposing Rhyperior used <strong>Roar</strong>!<br></div><div class="spacer battle-history"><br></div><div class="battle-history"><strong>Houndoom</strong> was dragged out!<br></div><div class="battle-history"><small>Pointed stones dug into Houndoom!</small><br></div><div class="spacer battle-history"><br></div><h2 class="battle-history">Turn 14</h2><div class="spacer battle-history"><br></div><div class="battle-history">Houndoom, come back!<br></div><div class="battle-history">Go! <strong>Alomomola</strong>!<br></div><div class="battle-history"><small>Pointed stones dug into Alomomola!</small><br></div><div class="spacer battle-history"><br></div><div class="battle-history">The opposing Rhyperior used <strong>Rock Blast</strong>!<br></div><div class="battle-history"><small>(Alomomola lost <abbr title="−33/534">6.2%</abbr> of its health!)</small><br></div><div class="battle-history"><small>(Alomomola lost <abbr title="−34/534">6.4%</abbr> of its health!)</small><br></div><div class="battle-history"><small>Hit 2 times!</small><br></div><div class="spacer battle-history"><br></div><h2 class="battle-history">Turn 15</h2><div class="spacer battle-history"><br></div><div class="battle-history">Alomomola used <strong>Scald</strong>!<br></div><div class="battle-history"><small>It's super effective!</small><br></div><div class="battle-history"><small>(The opposing Rhyperior lost <abbr title="−144/414">34.8%</abbr> of its health!)</small><br></div><div class="spacer battle-history"><br></div><div class="battle-history">The opposing Rhyperior used <strong>Earthquake</strong>!<br></div><div class="battle-history"><small>(Alomomola lost <abbr title="−123/534">23.0%</abbr> of its health!)</small><br></div><div class="spacer battle-history"><br></div><div class="battle-history"><small>The opposing Rhyperior restored a little HP using its Leftovers!</small><br></div><div class="spacer battle-history"><br></div><h2 class="battle-history">Turn 16</h2><div class="spacer battle-history"><br></div><div class="battle-history">Carulio withdrew Rhyperior!<br></div><div class="battle-history">Carulio sent out <strong>Jellicent</strong>!<br></div><div class="battle-history"><small>Pointed stones dug into the opposing Jellicent!</small><br></div><div class="spacer battle-history"><br></div><div class="battle-history">Alomomola used <strong>Scald</strong>!<br></div><div class="battle-history"><small>[The opposing Jellicent's Water Absorb]</small><br><small>The opposing Jellicent restored its HP.</small><br></div><div class="spacer battle-history"><br></div><div class="battle-history"><small>The opposing Jellicent was hurt by poison!</small><br></div><div class="spacer battle-history"><br></div><h2 class="battle-history">Turn 17</h2><div class="spacer battle-history"><br></div><div class="battle-history">Alomomola, come back!<br></div><div class="battle-history">Go! <strong>Virizion</strong>!<br></div><div class="battle-history"><small>Pointed stones dug into Virizion!</small><br></div><div class="spacer battle-history"><br></div><div class="battle-history">The opposing Jellicent used <strong>Will-O-Wisp</strong>!<br></div><div class="battle-history"><small>Virizion was burned!</small><br></div><div class="spacer battle-history"><br></div><div class="battle-history"><small>The opposing Jellicent restored a little HP using its Leftovers!</small><br></div><div class="battle-history"><small>Virizion was hurt by its burn!</small><br></div><div class="battle-history"><small>The opposing Jellicent was hurt by poison!</small><br></div><div class="spacer battle-history"><br></div><h2 class="battle-history">Turn 18</h2><div class="spacer battle-history"><br></div><div class="battle-history">Virizion, come back!<br></div><div class="battle-history">Go! <strong>Togetic</strong>!<br></div><div class="battle-history"><small>Pointed stones dug into Togetic!</small><br></div><div class="spacer battle-history"><br></div><div class="battle-history">Carulio withdrew Jellicent!<br></div><div class="battle-history">Carulio sent out <strong>Rhyperior</strong>!<br></div><div class="battle-history"><small>Pointed stones dug into the opposing Rhyperior!</small><br></div><div class="spacer battle-history"><br></div><div class="battle-history"><small>The opposing Rhyperior restored a little HP using its Leftovers!</small><br></div><div class="spacer battle-history"><br></div><h2 class="battle-history">Turn 19</h2><div class="spacer battle-history"><br></div><div class="battle-history">Togetic used <strong>Heal Bell</strong>!<br></div><div class="battle-history"><small>A bell chimed!</small><br></div><div class="battle-history"><small>Virizion's burn was healed.</small><br></div><div class="battle-history"><small>Registeel woke up!</small><br></div><div class="spacer battle-history"><br></div><div class="battle-history">The opposing Rhyperior used <strong>Roar</strong>!<br></div><div class="spacer battle-history"><br></div><div class="battle-history"><strong>Houndoom</strong> was dragged out!<br></div><div class="battle-history"><small>Pointed stones dug into Houndoom!</small><br></div><div class="spacer battle-history"><br></div><div class="battle-history"><small>The opposing Rhyperior restored a little HP using its Leftovers!</small><br></div><div class="spacer battle-history"><br></div><h2 class="battle-history">Turn 20</h2><div class="spacer battle-history"><br></div><div class="battle-history">Houndoom used <strong>Dark Pulse</strong>!<br></div><div class="battle-history"><small>(The opposing Rhyperior lost <abbr title="−172/414">41.5%</abbr> of its health!)</small><br></div><div class="battle-history"><small>Houndoom lost some of its HP!</small><br></div><div class="spacer battle-history"><br></div><div class="battle-history">The opposing Rhyperior used <strong>Earthquake</strong>!<br></div><div class="battle-history"><small>It's super effective!</small><br></div><div class="battle-history"><small>(Houndoom lost <abbr title="−118/291">40.5%</abbr> of its health!)</small><br></div><div class="spacer battle-history"><br></div><div class="battle-history">Houndoom fainted!<br></div><div class="spacer battle-history"><br></div><div class="battle-history"><small>The opposing Rhyperior restored a little HP using its Leftovers!</small><br></div><div class="spacer battle-history"><br></div><div class="battle-history">Go! <strong>Virizion</strong>!<br></div><div class="battle-history"><small>Pointed stones dug into Virizion!</small><br></div><div class="spacer battle-history"><br></div><h2 class="battle-history">Turn 21</h2><div class="spacer battle-history"><br></div><div class="battle-history">Virizion used <strong>Swords Dance</strong>!<br></div><div class="battle-history"><small>Virizion's Attack rose sharply!</small><br></div><div class="spacer battle-history"><br></div><div class="battle-history">The opposing Rhyperior used <strong>Rock Blast</strong>!<br></div><div class="battle-history"><small>It's not very effective...</small><br></div><div class="battle-history"><small>(Virizion lost <abbr title="−25/323">7.7%</abbr> of its health!)</small><br></div><div class="battle-history"><small>It's not very effective...</small><br></div><div class="battle-history"><small>(Virizion lost <abbr title="−24/323">7.4%</abbr> of its health!)</small><br></div><div class="battle-history"><small>It's not very effective...</small><br></div><div class="battle-history"><small>(Virizion lost <abbr title="−24/323">7.4%</abbr> of its health!)</small><br></div><div class="battle-history"><small>Hit 3 times!</small><br></div><div class="spacer battle-history"><br></div><div class="battle-history"><small>The opposing Rhyperior restored a little HP using its Leftovers!</small><br></div><div class="spacer battle-history"><br></div><h2 class="battle-history">Turn 22</h2><div class="spacer battle-history"><br></div><div class="battle-history">Virizion used <strong>Leaf Blade</strong>!<br></div><div class="battle-history"><small>It's super effective!</small><br></div><div class="battle-history"><small>(The opposing Rhyperior lost <abbr title="−198/414">47.8%</abbr> of its health!)</small><br></div><div class="spacer battle-history"><br></div><div class="battle-history">The opposing Rhyperior fainted!<br></div><div class="spacer battle-history"><br></div><div class="battle-history">Carulio sent out <strong>Jolteon</strong>!<br></div><div class="battle-history"><small>Pointed stones dug into the opposing Jolteon!</small><br></div><div class="spacer battle-history"><br></div><h2 class="battle-history">Turn 23</h2><div class="spacer battle-history"><br></div><div class="battle-history">The opposing Jolteon used <strong>Hidden Power</strong>!<br></div><div class="battle-history"><small>It's super effective!</small><br></div><div class="battle-history"><small>(Virizion lost <abbr title="−76/323">23.5%</abbr> of its health!)</small><br></div><div class="spacer battle-history"><br></div><div class="battle-history">Virizion used <strong>Leaf Blade</strong>!<br></div><div class="battle-history"><small>(The opposing Jolteon lost <abbr title="−204/272">75%</abbr> of its health!)</small><br></div><div class="spacer battle-history"><br></div><div class="battle-history">The opposing Jolteon fainted!<br></div><div class="spacer battle-history"><br></div><div class="battle-history">Carulio sent out <strong>Houndoom</strong>!<br></div><div class="battle-history"><small>Pointed stones dug into the opposing Houndoom!</small><br></div><div class="spacer battle-history"><br></div><h2 class="battle-history">Turn 24</h2><div class="spacer battle-history"><br></div><div class="battle-history">Virizion used <strong>Stone Edge</strong>!<br></div><div class="battle-history"><small>It's super effective!</small><br></div><div class="battle-history"><small>(The opposing Houndoom lost <abbr title="−219/291">75.3%</abbr> of its health!)</small><br></div><div class="spacer battle-history"><br></div><div class="battle-history">The opposing Houndoom fainted!<br></div><div class="spacer battle-history"><br></div><div class="battle-history">Carulio sent out <strong>Braviary</strong>!<br></div><div class="battle-history"><small>Pointed stones dug into the opposing Braviary!</small><br></div><div class="spacer battle-history"><br></div><h2 class="battle-history">Turn 25</h2><div class="spacer battle-history"><br></div><div class="battle-history">Virizion used <strong>Stone Edge</strong>!<br></div><div class="battle-history"><small>It's super effective!</small><br></div><div class="battle-history"><small>(The opposing Braviary lost <abbr title="−257/342">75.1%</abbr> of its health!)</small><br></div><div class="spacer battle-history"><br></div><div class="battle-history">The opposing Braviary fainted!<br></div><div class="spacer battle-history"><br></div><div class="battle-history">Carulio sent out <strong>Ambipom</strong>!<br></div><div class="battle-history"><small>Pointed stones dug into the opposing Ambipom!</small><br></div><div class="spacer battle-history"><br></div><h2 class="battle-history">Turn 26</h2><div class="chat chatmessage-lcezasfuck"><strong style="color:hsl(63,60%,38.09380051909%)"><small>★</small><span class="username" data-name="LCezasfuck">LCezasfuck</span>:</strong> <em>Aibipom No fake out??</em></div><div class="spacer battle-history"><br></div><div class="battle-history">Virizion, come back!<br></div><div class="battle-history">Go! <strong>Togetic</strong>!<br></div><div class="battle-history"><small>Pointed stones dug into Togetic!</small><br></div><div class="spacer battle-history"><br></div><div class="battle-history">The opposing Ambipom used <strong>Fake Out</strong>!<br></div><div class="battle-history"><small>(Togetic lost <abbr title="−78/314">24.8%</abbr> of its health!)</small><br></div><div class="spacer battle-history"><br></div><h2 class="battle-history">Turn 27</h2><div class="spacer battle-history"><br></div><div class="battle-history">The opposing Ambipom used <strong>Return</strong>!<br></div><div class="battle-history"><small>(Togetic lost <abbr title="−80/314">25.5%</abbr> of its health!)</small><br></div><div class="spacer battle-history"><br></div><div class="battle-history">Togetic fainted!<br></div><div class="spacer battle-history"><br></div><div class="battle-history">Go! <strong>Glalie</strong>!<br></div><div class="battle-history"><small>Pointed stones dug into Glalie!</small><br></div><div class="spacer battle-history"><br></div><h2 class="battle-history">Turn 28</h2><div class="spacer battle-history"><br></div><div class="battle-history"><small>Glalie's Glalitite is reacting to LCezasfuck's Mega Bracelet!</small><br>Glalie has Mega Evolved into Mega Glalie!<br></div><div class="spacer battle-history"><br></div><div class="battle-history">The opposing Ambipom used <strong>Low Kick</strong>!<br></div><div class="battle-history"><small>It's super effective!</small><br></div><div class="battle-history"><small>(Glalie lost <abbr title="−226/301">75.1%</abbr> of its health!)</small><br></div><div class="spacer battle-history"><br></div><div class="battle-history">Glalie fainted!<br></div><div class="spacer battle-history"><br></div><div class="battle-history">Go! <strong>Alomomola</strong>!<br></div><div class="battle-history"><small>Pointed stones dug into Alomomola!</small><br></div><div class="spacer battle-history"><br></div><h2 class="battle-history">Turn 29</h2><div class="spacer battle-history"><br></div><div class="battle-history">The opposing Ambipom used <strong>Return</strong>!<br></div><div class="battle-history"><small>(Alomomola lost <abbr title="−156/534">29.2%</abbr> of its health!)</small><br></div><div class="battle-history"><small>The opposing Ambipom was hurt by the Rocky Helmet!</small><br></div><div class="spacer battle-history"><br></div><div class="battle-history">Alomomola used <strong>Wish</strong>!<br></div><div class="spacer battle-history"><br></div><h2 class="battle-history">Turn 30</h2><div class="spacer battle-history"><br></div><div class="battle-history">Alomomola used <strong>Protect</strong>!<br></div><div class="battle-history"><small>Alomomola protected itself!</small><br></div><div class="spacer battle-history"><br></div><div class="battle-history">The opposing Ambipom used <strong>U-turn</strong>!<br></div><div class="battle-history"><small>Alomomola protected itself!</small><br></div><div class="spacer battle-history"><br></div><div class="battle-history"><small>Alomomola's wish came true!</small><br></div><div class="spacer battle-history"><br></div><h2 class="battle-history">Turn 31</h2><div class="spacer battle-history"><br></div><div class="battle-history">The opposing Ambipom used <strong>U-turn</strong>!<br></div><div class="battle-history"><small>(Alomomola lost <abbr title="−62/534">11.6%</abbr> of its health!)</small><br></div><div class="battle-history"><small>The opposing Ambipom was hurt by the Rocky Helmet!</small><br></div><div class="spacer battle-history"><br></div><div class="battle-history">The opposing Ambipom went back to Carulio!<br></div><div class="battle-history">Carulio sent out <strong>Jellicent</strong>!<br></div><div class="battle-history"><small>Pointed stones dug into the opposing Jellicent!</small><br></div><div class="spacer battle-history"><br></div><div class="battle-history">Alomomola used <strong>Wish</strong>!<br></div><div class="spacer battle-history"><br></div><div class="battle-history"><small>The opposing Jellicent restored a little HP using its Leftovers!</small><br></div><div class="battle-history"><small>The opposing Jellicent was hurt by poison!</small><br></div><div class="spacer battle-history"><br></div><h2 class="battle-history">Turn 32</h2><div class="spacer battle-history"><br></div><div class="battle-history">Alomomola, come back!<br></div><div class="battle-history">Go! <strong>Virizion</strong>!<br></div><div class="battle-history"><small>Pointed stones dug into Virizion!</small><br></div><div class="spacer battle-history"><br></div><div class="battle-history">The opposing Jellicent used <strong>Recover</strong>!<br></div><div class="battle-history"><small>The opposing Jellicent restored its HP.</small><br></div><div class="spacer battle-history"><br></div><div class="battle-history"><small>Alomomola's wish came true!</small><br></div><div class="battle-history"><small>The opposing Jellicent was hurt by poison!</small><br></div><div class="spacer battle-history"><br></div><h2 class="battle-history">Turn 33</h2><div class="spacer battle-history"><br></div><div class="battle-history">Virizion used <strong>Swords Dance</strong>!<br></div><div class="battle-history"><small>Virizion's Attack rose sharply!</small><br></div><div class="spacer battle-history"><br></div><div class="battle-history">The opposing Jellicent used <strong>Will-O-Wisp</strong>!<br></div><div class="battle-history"><small>Virizion was burned!</small><br></div><div class="spacer battle-history"><br></div><div class="battle-history"><small>The opposing Jellicent restored a little HP using its Leftovers!</small><br></div><div class="battle-history"><small>Virizion was hurt by its burn!</small><br></div><div class="battle-history"><small>The opposing Jellicent was hurt by poison!</small><br></div><div class="spacer battle-history"><br></div><h2 class="battle-history">Turn 34</h2><div class="spacer battle-history"><br></div><div class="battle-history">Virizion used <strong>Leaf Blade</strong>!<br></div><div class="battle-history"><small>It's super effective!</small><br></div><div class="battle-history"><small>(The opposing Jellicent lost <abbr title="−304/404">75.2%</abbr> of its health!)</small><br></div><div class="spacer battle-history"><br></div><div class="battle-history">The opposing Jellicent fainted!<br></div><div class="spacer battle-history"><br></div><div class="battle-history"><small>Virizion was hurt by its burn!</small><br></div><div class="spacer battle-history"><br></div><div class="battle-history">Carulio sent out <strong>Ambipom</strong>!<br></div><div class="battle-history"><small>Pointed stones dug into the opposing Ambipom!</small><br></div><div class="spacer battle-history"><br></div><h2 class="battle-history">Turn 35</h2><div class="spacer battle-history"><br></div><div class="battle-history">Virizion, come back!<br></div><div class="battle-history">Go! <strong>Alomomola</strong>!<br></div><div class="battle-history"><small>Pointed stones dug into Alomomola!</small><br></div><div class="spacer battle-history"><br></div><div class="battle-history">The opposing Ambipom used <strong>Low Kick</strong>!<br></div><div class="battle-history"><small>(Alomomola lost <abbr title="−77/534">14.4%</abbr> of its health!)</small><br></div><div class="battle-history"><small>The opposing Ambipom was hurt by the Rocky Helmet!</small><br></div><div class="spacer battle-history"><br></div><h2 class="battle-history">Turn 36</h2><div class="chat chatmessage-lcezasfuck"><strong style="color:hsl(63,60%,38.09380051909%)"><small>★</small><span class="username" data-name="LCezasfuck">LCezasfuck</span>:</strong> <em>gg</em></div><div class="spacer battle-history"><br></div><div class="battle-history">The opposing Ambipom used <strong>Fake Out</strong>!<br></div><div class="battle-history"><small>But it failed!</small><br></div><div class="battle-history"><small>(Fake Out only works on your first turn out.)</small><br></div><div class="spacer battle-history"><br></div><div class="battle-history">Alomomola used <strong>Scald</strong>!<br></div><div class="battle-history"><small>(The opposing Ambipom lost <abbr title="−69/292">23.6%</abbr> of its health!)</small><br></div><div class="spacer battle-history"><br></div><h2 class="battle-history">Turn 37</h2><div class="spacer battle-history"><br></div><div class="battle-history"><small>Carulio forfeited.</small><br></div><div class="spacer battle-history"><br></div><div class="battle-history"><strong>LCezasfuck</strong> won the battle!<br></div><div class="chat"><small>Carulio left.</small></div></div><div class="inner-preempt"></div></div></div>
</div>
<script>
let daily = Math.floor(Date.now()/1000/60/60/24);document.write('<script src="https://play.pokemonshowdown.com/js/replay-embed.js?version'+daily+'"></'+'script>');
</script>
