<!DOCTYPE html>
<meta charset="utf-8" />
<!-- version 1 -->
<title>RU replay: Umbra Soul vs. Robert Alfons</title>
<style>
html,body {font-family:Verdana, sans-serif;font-size:10pt;margin:0;padding:0;}body{padding:12px 0;} .battle-log {font-family:Verdana, sans-serif;font-size:10pt;} .battle-log-inline {border:1px solid #AAAAAA;background:#EEF2F5;color:black;max-width:640px;margin:0 auto 80px;padding-bottom:5px;} .battle-log .inner {padding:4px 8px 0px 8px;} .battle-log .inner-preempt {padding:0 8px 4px 8px;} .battle-log .inner-after {margin-top:0.5em;} .battle-log h2 {margin:0.5em -8px;padding:4px 8px;border:1px solid #AAAAAA;background:#E0E7EA;border-left:0;border-right:0;font-family:Verdana, sans-serif;font-size:13pt;} .battle-log .chat {vertical-align:middle;padding:3px 0 3px 0;font-size:8pt;} .battle-log .chat strong {color:#40576A;} .battle-log .chat em {padding:1px 4px 1px 3px;color:#000000;font-style:normal;} .chat.mine {background:rgba(0,0,0,0.05);margin-left:-8px;margin-right:-8px;padding-left:8px;padding-right:8px;} .spoiler {color:#BBBBBB;background:#BBBBBB;padding:0px 3px;} .spoiler:hover, .spoiler:active, .spoiler-shown {color:#000000;background:#E2E2E2;padding:0px 3px;} .spoiler a {color:#BBBBBB;} .spoiler:hover a, .spoiler:active a, .spoiler-shown a {color:#2288CC;} .chat code, .chat .spoiler:hover code, .chat .spoiler:active code, .chat .spoiler-shown code {border:1px solid #C0C0C0;background:#EEEEEE;color:black;padding:0 2px;} .chat .spoiler code {border:1px solid #CCCCCC;background:#CCCCCC;color:#CCCCCC;} .battle-log .rated {padding:3px 4px;} .battle-log .rated strong {color:white;background:#89A;padding:1px 4px;border-radius:4px;} .spacer {margin-top:0.5em;} .message-announce {background:#6688AA;color:white;padding:1px 4px 2px;} .message-announce a, .broadcast-green a, .broadcast-blue a, .broadcast-red a {color:#DDEEFF;} .broadcast-green {background-color:#559955;color:white;padding:2px 4px;} .broadcast-blue {background-color:#6688AA;color:white;padding:2px 4px;} .infobox {border:1px solid #6688AA;padding:2px 4px;} .infobox-limited {max-height:200px;overflow:auto;overflow-x:hidden;} .broadcast-red {background-color:#AA5544;color:white;padding:2px 4px;} .message-learn-canlearn {font-weight:bold;color:#228822;text-decoration:underline;} .message-learn-cannotlearn {font-weight:bold;color:#CC2222;text-decoration:underline;} .message-effect-weak {font-weight:bold;color:#CC2222;} .message-effect-resist {font-weight:bold;color:#6688AA;} .message-effect-immune {font-weight:bold;color:#666666;} .message-learn-list {margin-top:0;margin-bottom:0;} .message-throttle-notice, .message-error {color:#992222;} .message-overflow, .chat small.message-overflow {font-size:0pt;} .message-overflow::before {font-size:9pt;content:'...';} .subtle {color:#3A4A66;}
</style>
<div class="wrapper replay-wrapper" style="max-width:1180px;margin:0 auto">
<input type="hidden" name="replayid" value="ru-574510698" />
<div class="battle"></div><div class="battle-log"></div><div class="replay-controls"></div><div class="replay-controls-2"></div>
<h1 style="font-weight:normal;text-align:center"><strong>RU</strong><br /><a href="http://pokemonshowdown.com/users/umbrasoul" class="subtle" target="_blank">Umbra Soul</a> vs. <a href="http://pokemonshowdown.com/users/robertalfons" class="subtle" target="_blank">Robert Alfons</a></h1>
<script type="text/plain" class="battle-log-data">|j|Umbra Soul
|j|Robert Alfons
|player|p1|Umbra Soul|260
|player|p2|Robert Alfons|104
|gametype|singles
|gen|6
|tier|RU
|seed|24329,26742,24233,17243
|rule|Sleep Clause Mod: Limit one foe put to sleep
|rule|Species Clause: Limit one of each Pokémon
|rule|OHKO Clause: OHKO moves are banned
|rule|Moody Clause: Moody is banned
|rule|Evasion Moves Clause: Evasion moves are banned
|rule|Endless Battle Clause: Forcing endless battles is banned
|rule|HP Percentage Mod: HP is shown in percentages
|clearpoke
|poke|p1|Slowking, M|item
|poke|p1|Flygon, M|item
|poke|p1|Granbull, M|item
|poke|p1|Drapion, F|item
|poke|p1|Magneton|item
|poke|p1|Virizion|item
|poke|p2|Flygon, F|item
|poke|p2|Slowking, F|item
|poke|p2|Sawk, M|item
|poke|p2|Sneasel, M|item
|poke|p2|Venusaur, M|item
|poke|p2|Registeel|item
|rule|Swagger Clause: Swagger is banned
|rule|Baton Pass Clause: Limit one Baton Passer, can't pass Spe and other stats simultaneously
|teampreview
|choice|team 2, team 1, team 3, team 4, team 5, team 6|team 3, team 2, team 1, team 4, team 5, team 6
|
|start
|switch|p1a: Flygon|Flygon, M|301\/301
|switch|p2a: Sawk|Sawk, M|291\/291
|turn|1
|choice|move uturn|move knockoff
|
|move|p1a: Flygon|U-turn|p2a: Sawk
|-resisted|p2a: Sawk
|-crit|p2a: Sawk
|-damage|p2a: Sawk|195\/291
|choice|switch 3|
|
|switch|p1a: Granbull|Granbull, M|383\/383
|-ability|p1a: Granbull|Intimidate|boost
|-unboost|p2a: Sawk|atk|1
|move|p2a: Sawk|Knock Off|p1a: Granbull
|-resisted|p1a: Granbull
|-damage|p1a: Granbull|328\/383
|-enditem|p1a: Granbull|Leftovers|[from] move: Knock Off|[of] p2a: Sawk
|
|upkeep
|turn|2
|choice|move superfang|switch 6
|
|switch|p2a: Registeel|Registeel|364\/364
|move|p1a: Granbull|Super Fang|p2a: Registeel
|-damage|p2a: Registeel|182\/364
|
|-heal|p2a: Registeel|204\/364|[from] item: Leftovers
|upkeep
|turn|3
|choice|move taunt|move stealthrock
|
|move|p2a: Registeel|Stealth Rock|p1a: Granbull
|-sidestart|p1: Umbra Soul|move: Stealth Rock
|move|p1a: Granbull|Taunt|p2a: Registeel
|-start|p2a: Registeel|move: Taunt
|
|-heal|p2a: Registeel|226\/364|[from] item: Leftovers
|upkeep
|turn|4
|c|☆Umbra Soul|speed steel
|c|☆Umbra Soul|fun
|choice|move superfang|switch 5
|
|switch|p2a: Venusaur|Venusaur, M|301\/301
|move|p1a: Granbull|Super Fang|p2a: Venusaur
|-damage|p2a: Venusaur|151\/301
|
|-heal|p2a: Venusaur|169\/301|[from] item: Black Sludge
|upkeep
|turn|5
|c|☆Umbra Soul|how much?
|c|☆Umbra Soul|mid 140s?
|c|☆Umbra Soul|150s?
|c|☆Robert Alfons|i actually run less speed creep on it than i should
|choice|switch 4|move knockoff
|
|switch|p1a: Drapion|Drapion, F|281\/281
|-damage|p1a: Drapion|246\/281|[from] Stealth Rock
|move|p2a: Venusaur|Knock Off|p1a: Drapion
|-resisted|p1a: Drapion
|-damage|p1a: Drapion|218\/281
|-enditem|p1a: Drapion|Choice Scarf|[from] move: Knock Off|[of] p2a: Venusaur
|
|-heal|p2a: Venusaur|187\/301|[from] item: Black Sludge
|upkeep
|turn|6
|choice|move knockoff|move synthesis
|
|move|p1a: Drapion|Knock Off|p2a: Venusaur
|-damage|p2a: Venusaur|25\/301
|-enditem|p2a: Venusaur|Black Sludge|[from] move: Knock Off|[of] p1a: Drapion
|move|p2a: Venusaur|Synthesis|p2a: Venusaur
|-heal|p2a: Venusaur|175\/301
|
|upkeep
|turn|7
|choice|move knockoff|move synthesis
|
|move|p1a: Drapion|Knock Off|p2a: Venusaur
|-damage|p2a: Venusaur|66\/301
|move|p2a: Venusaur|Synthesis|p2a: Venusaur
|-heal|p2a: Venusaur|216\/301
|
|upkeep
|turn|8
|choice|move poisonjab|switch 5
|
|switch|p2a: Registeel|Registeel|226\/364
|move|p1a: Drapion|Poison Jab|p2a: Registeel
|-immune|p2a: Registeel|[msg]
|
|-heal|p2a: Registeel|248\/364|[from] item: Leftovers
|upkeep
|turn|9
|choice|move knockoff|move seismictoss
|
|move|p1a: Drapion|Knock Off|p2a: Registeel
|-damage|p2a: Registeel|158\/364
|-enditem|p2a: Registeel|Leftovers|[from] move: Knock Off|[of] p1a: Drapion
|move|p2a: Registeel|Seismic Toss|p1a: Drapion
|-damage|p1a: Drapion|118\/281
|
|upkeep
|turn|10
|choice|move knockoff|move seismictoss
|
|move|p1a: Drapion|Knock Off|p2a: Registeel
|-damage|p2a: Registeel|89\/364
|move|p2a: Registeel|Seismic Toss|p1a: Drapion
|-damage|p1a: Drapion|18\/281
|
|upkeep
|turn|11
|choice|move knockoff|move seismictoss
|
|move|p1a: Drapion|Knock Off|p2a: Registeel
|-damage|p2a: Registeel|23\/364
|move|p2a: Registeel|Seismic Toss|p1a: Drapion
|-damage|p1a: Drapion|0 fnt
|faint|p1a: Drapion
|
|upkeep
|choice|switch 3|
|
|switch|p1a: Flygon|Flygon, M|301\/301
|-damage|p1a: Flygon|283\/301|[from] Stealth Rock
|turn|12
|choice|move defog|move protect
|
|move|p2a: Registeel|Protect|p2a: Registeel
|-singleturn|p2a: Registeel|Protect
|move|p1a: Flygon|Defog|p2a: Registeel
|-activate|p2a: Registeel|move: Protect
|
|upkeep
|turn|13
|choice|move defog|move stealthrock
|
|move|p1a: Flygon|Defog|p2a: Registeel
|-fail|p2a: Registeel|unboost|[from] ability: Clear Body|[of] p2a: Registeel
|-sideend|p1: Umbra Soul|Stealth Rock|[from] move: Defog|[of] p1a: Flygon
|move|p2a: Registeel|Stealth Rock|p1a: Flygon
|-sidestart|p1: Umbra Soul|move: Stealth Rock
|
|upkeep
|turn|14
|choice|move defog|move toxic
|
|move|p1a: Flygon|Defog|p2a: Registeel
|-fail|p2a: Registeel|unboost|[from] ability: Clear Body|[of] p2a: Registeel
|-sideend|p1: Umbra Soul|Stealth Rock|[from] move: Defog|[of] p1a: Flygon
|move|p2a: Registeel|Toxic|p1a: Flygon
|-status|p1a: Flygon|tox
|
|-damage|p1a: Flygon|265\/301 tox|[from] psn
|upkeep
|turn|15
|choice|switch 5|move stealthrock
|
|switch|p1a: Magneton|Magneton|241\/241
|move|p2a: Registeel|Stealth Rock|p1a: Magneton
|-sidestart|p1: Umbra Soul|move: Stealth Rock
|
|upkeep
|turn|16
|choice|move flashcannon|move seismictoss
|
|move|p1a: Magneton|Flash Cannon|p2a: Registeel
|-resisted|p2a: Registeel
|-damage|p2a: Registeel|0 fnt
|faint|p2a: Registeel
|
|upkeep
|choice||switch 2
|
|switch|p2a: Slowking|Slowking, F|394\/394
|turn|17
|choice|switch 2|switch 3
|
|switch|p1a: Slowking|Slowking, M|353\/353
|-damage|p1a: Slowking|309\/353|[from] Stealth Rock
|switch|p2a: Flygon|Flygon, F|301\/301
|
|upkeep
|turn|18
|choice|move scald|move uturn
|
|move|p2a: Flygon|U-turn|p1a: Slowking
|-supereffective|p1a: Slowking
|-damage|p1a: Slowking|95\/353
|choice||switch 5
|
|switch|p2a: Venusaur|Venusaur, M|216\/301
|move|p1a: Slowking|Scald|p2a: Venusaur
|-resisted|p2a: Venusaur
|-damage|p2a: Venusaur|117\/301
|-status|p2a: Venusaur|brn
|
|-damage|p2a: Venusaur|80\/301 brn|[from] brn
|upkeep
|turn|19
|choice|switch 2|move leafstorm
|
|switch|p1a: Magneton|Magneton|241\/241
|-damage|p1a: Magneton|226\/241|[from] Stealth Rock
|move|p2a: Venusaur|Leaf Storm|p1a: Magneton
|-resisted|p1a: Magneton
|-damage|p1a: Magneton|39\/241
|-unboost|p2a: Venusaur|spa|2
|
|-damage|p2a: Venusaur|43\/301 brn|[from] brn
|upkeep
|turn|20
|choice|move thunderbolt|move knockoff
|
|move|p1a: Magneton|Thunderbolt|p2a: Venusaur
|-resisted|p2a: Venusaur
|-damage|p2a: Venusaur|0 fnt
|faint|p2a: Venusaur
|
|upkeep
|choice||switch 5
|
|switch|p2a: Flygon|Flygon, F|301\/301
|turn|21
|choice|switch 6|move uturn
|
|switch|p1a: Virizion|Virizion|323\/323
|-damage|p1a: Virizion|303\/323|[from] Stealth Rock
|move|p2a: Flygon|U-turn|p1a: Virizion
|-damage|p1a: Virizion|165\/323
|choice||switch 4
|
|switch|p2a: Sneasel|Sneasel, M|251\/251
|
|upkeep
|turn|22
|choice|switch 2|move iciclecrash
|
|switch|p1a: Slowking|Slowking, M|212\/353
|-damage|p1a: Slowking|168\/353|[from] Stealth Rock
|move|p2a: Sneasel|Icicle Crash|p1a: Slowking|[miss]
|-miss|p2a: Sneasel|p1a: Slowking
|
|upkeep
|turn|23
|choice|move scald|switch 3
|
|switch|p2a: Slowking|Slowking, F|394\/394
|move|p1a: Slowking|Scald|p2a: Slowking
|-resisted|p2a: Slowking
|-damage|p2a: Slowking|310\/394
|-status|p2a: Slowking|brn
|
|-damage|p2a: Slowking|261\/394 brn|[from] brn
|upkeep
|turn|24
|choice|move scald|move scald
|
|move|p1a: Slowking|Scald|p2a: Slowking
|-resisted|p2a: Slowking
|-crit|p2a: Slowking
|-damage|p2a: Slowking|131\/394 brn
|move|p2a: Slowking|Scald|p1a: Slowking
|-resisted|p1a: Slowking
|-damage|p1a: Slowking|126\/353
|
|-damage|p2a: Slowking|82\/394 brn|[from] brn
|upkeep
|turn|25
|choice|move scald|move slackoff
|
|move|p1a: Slowking|Scald|p2a: Slowking
|-resisted|p2a: Slowking
|-damage|p2a: Slowking|0 fnt
|faint|p2a: Slowking
|
|upkeep
|choice||switch 3
|
|switch|p2a: Sneasel|Sneasel, M|251\/251
|turn|26
|choice|switch 2|move pursuit
|
|-activate|p1a: Slowking|move: Pursuit
|move|p2a: Sneasel|Pursuit|p1a: Slowking|[from]Pursuit
|-supereffective|p1a: Slowking
|-damage|p1a: Slowking|0 fnt
|-damage|p2a: Sneasel|226\/251|[from] item: Life Orb
|faint|p1a: Slowking
|
|upkeep
|choice|switch 4|
|
|switch|p1a: Granbull|Granbull, M|328\/383
|-damage|p1a: Granbull|281\/383|[from] Stealth Rock
|-ability|p1a: Granbull|Intimidate|boost
|-unboost|p2a: Sneasel|atk|1
|turn|27
|choice|move playrough|switch 4
|
|switch|p2a: Flygon|Flygon, F|301\/301
|move|p1a: Granbull|Play Rough|p2a: Flygon
|-supereffective|p2a: Flygon
|-damage|p2a: Flygon|23\/301
|-unboost|p2a: Flygon|atk|1
|
|upkeep
|turn|28
|choice|switch 2|move uturn
|
|switch|p1a: Virizion|Virizion|165\/323
|-damage|p1a: Virizion|145\/323|[from] Stealth Rock
|move|p2a: Flygon|U-turn|p1a: Virizion
|-damage|p1a: Virizion|51\/323
|choice||switch 4
|
|switch|p2a: Sneasel|Sneasel, M|226\/251
|
|upkeep
|turn|29
|choice|move gigadrain|move knockoff
|
|move|p2a: Sneasel|Knock Off|p1a: Virizion
|-resisted|p1a: Virizion
|-damage|p1a: Virizion|0 fnt
|-enditem|p1a: Virizion|Life Orb|[from] move: Knock Off|[of] p2a: Sneasel
|-damage|p2a: Sneasel|201\/251|[from] item: Life Orb
|faint|p1a: Virizion
|
|upkeep
|choice|switch 2|
|
|switch|p1a: Granbull|Granbull, M|281\/383
|-damage|p1a: Granbull|234\/383|[from] Stealth Rock
|-ability|p1a: Granbull|Intimidate|boost
|-unboost|p2a: Sneasel|atk|1
|turn|30
|choice|switch 5|switch 4
|
|switch|p2a: Flygon|Flygon, F|23\/301
|switch|p1a: Flygon|Flygon, M|265\/301 tox
|-damage|p1a: Flygon|247\/301 tox|[from] Stealth Rock
|
|-damage|p1a: Flygon|229\/301 tox|[from] psn
|upkeep
|turn|31
|choice|move outrage|move outrage
|
|move|p1a: Flygon|Outrage|p2a: Flygon
|-supereffective|p2a: Flygon
|-damage|p2a: Flygon|0 fnt
|faint|p2a: Flygon
|
|-damage|p1a: Flygon|193\/301 tox|[from] psn
|upkeep
|choice||switch 4
|
|switch|p2a: Sneasel|Sneasel, M|201\/251
|turn|32
|choice|move outrage|move iceshard
|
|move|p2a: Sneasel|Ice Shard|p1a: Flygon
|-supereffective|p1a: Flygon
|-damage|p1a: Flygon|0 fnt
|-damage|p2a: Sneasel|176\/251|[from] item: Life Orb
|faint|p1a: Flygon
|
|upkeep
|choice|switch 5|
|
|switch|p1a: Granbull|Granbull, M|234\/383
|-damage|p1a: Granbull|187\/383|[from] Stealth Rock
|-ability|p1a: Granbull|Intimidate|boost
|-unboost|p2a: Sneasel|atk|1
|turn|33
|choice|move playrough|move iciclecrash
|
|move|p2a: Sneasel|Icicle Crash|p1a: Granbull
|-damage|p1a: Granbull|92\/383
|-damage|p2a: Sneasel|151\/251|[from] item: Life Orb
|move|p1a: Granbull|Play Rough|p2a: Sneasel
|-supereffective|p2a: Sneasel
|-crit|p2a: Sneasel
|-damage|p2a: Sneasel|0 fnt
|faint|p2a: Sneasel
|
|upkeep
|choice||switch 6
|
|switch|p2a: Sawk|Sawk, M|195\/291
|turn|34
|c|☆Umbra Soul|now reveal secret scarf sawk
|c|☆Umbra Soul|y\/y?
|c|☆Robert Alfons|wew
|c|☆Robert Alfons|im afraid it's gonna be rolls bud
|c|☆Umbra Soul|well if you are scarf you win
|c|☆Robert Alfons|yea but i aint and here's what happens 252 SpA Magneton Thunderbolt vs. 0 HP \/ 0 SpD Sawk: 177-208 (60.8 - 71.4%) -- guaranteed 2HKO
|choice|move playrough|move earthquake
|
|move|p2a: Sawk|Earthquake|p1a: Granbull
|-damage|p1a: Granbull|0 fnt
|faint|p1a: Granbull
|
|upkeep
|c|☆Robert Alfons|unless ur like modest scarf which is ultimate tech
|choice|switch 6|
|
|switch|p1a: Magneton|Magneton|39\/241
|-damage|p1a: Magneton|24\/241|[from] Stealth Rock
|turn|35
|c|☆Robert Alfons|or are you one of em custap sets
|choice|move thunderbolt|move earthquake
|
|move|p1a: Magneton|Thunderbolt|p2a: Sawk
|-damage|p2a: Sawk|0 fnt
|faint|p2a: Sawk
|
|win|Umbra Soul
|c|☆Robert Alfons|oof
|c|☆Robert Alfons|guess the lord doesnt want me to play shitty video games
|c|☆Robert Alfons|ggs
|c|☆Umbra Soul|gg
|l|Robert Alfons</script>
</div>
<div class="battle-log battle-log-inline"><div class="inner"><div class="battle-options"></div><div class="inner"><div class="chat"><small>Umbra Soul joined.</small></div><div class="chat"><small>Robert Alfons joined.</small></div><div class=""><small>Format:</small> <br><strong>RU</strong></div><div class=""><small><em>Sleep Clause Mod:</em> Limit one foe put to sleep</small></div><div class=""><small><em>Species Clause:</em> Limit one of each Pokémon</small></div><div class=""><small><em>OHKO Clause:</em> OHKO moves are banned</small></div><div class=""><small><em>Moody Clause:</em> Moody is banned</small></div><div class=""><small><em>Evasion Moves Clause:</em> Evasion moves are banned</small></div><div class=""><small><em>Endless Battle Clause:</em> Forcing endless battles is banned</small></div><div class=""><small><em>HP Percentage Mod:</em> HP is shown in percentages</small></div><div class=""><small><em>Swagger Clause:</em> Swagger is banned</small></div><div class=""><small><em>Baton Pass Clause:</em> Limit one Baton Passer, can't pass Spe and other stats simultaneously</small></div><div class="chat battle-history"><strong>Umbra Soul's team:</strong> <em style="color:#445566;display:block;">Slowking / Flygon / Granbull / Drapion / Magneton / Virizion</em></div><div class="chat battle-history"><strong>Robert Alfons's team:</strong> <em style="color:#445566;display:block;">Flygon / Slowking / Sawk / Sneasel / Venusaur / Registeel</em></div><div class="spacer battle-history"><br></div><div class="battle-history">Battle started between Umbra Soul and Robert Alfons!<br></div><div class="spacer battle-history"><br></div><div class="battle-history">Go! <strong>Flygon</strong>!<br></div><div class="spacer battle-history"><br></div><div class="battle-history">Robert Alfons sent out <strong>Sawk</strong>!<br></div><div class="spacer battle-history"><br></div><h2 class="battle-history">Turn 1</h2><div class="spacer battle-history"><br></div><div class="battle-history">Flygon used <strong>U-turn</strong>!<br></div><div class="battle-history"><small>It's not very effective...</small><br></div><div class="battle-history"><small>A critical hit!</small><br></div><div class="battle-history"><small>(The opposing Sawk lost <abbr title="−96/291">33.0%</abbr> of its health!)</small><br></div><div class="spacer battle-history"><br></div><div class="battle-history">Flygon went back to Umbra Soul!<br></div><div class="battle-history">Go! <strong>Granbull</strong>!<br></div><div class="battle-history"><small>[Granbull's Intimidate]</small><br></div><div class="battle-history"><small>The opposing Sawk's Attack fell!</small><br></div><div class="spacer battle-history"><br></div><div class="battle-history">The opposing Sawk used <strong>Knock Off</strong>!<br></div><div class="battle-history"><small>It's not very effective...</small><br></div><div class="battle-history"><small>(Granbull lost <abbr title="−55/383">14.4%</abbr> of its health!)</small><br></div><div class="battle-history"><small>The opposing Sawk knocked off Granbull's Leftovers!</small><br></div><div class="spacer battle-history"><br></div><h2 class="battle-history">Turn 2</h2><div class="spacer battle-history"><br></div><div class="battle-history">Robert Alfons withdrew Sawk!<br></div><div class="battle-history">Robert Alfons sent out <strong>Registeel</strong>!<br></div><div class="spacer battle-history"><br></div><div class="battle-history">Granbull used <strong>Super Fang</strong>!<br></div><div class="battle-history"><small>(The opposing Registeel lost <abbr title="−182/364">50%</abbr> of its health!)</small><br></div><div class="spacer battle-history"><br></div><div class="battle-history"><small>The opposing Registeel restored a little HP using its Leftovers!</small><br></div><div class="spacer battle-history"><br></div><h2 class="battle-history">Turn 3</h2><div class="spacer battle-history"><br></div><div class="battle-history">The opposing Registeel used <strong>Stealth Rock</strong>!<br></div><div class="battle-history"><small>Pointed stones float in the air around your team!</small><br></div><div class="spacer battle-history"><br></div><div class="battle-history">Granbull used <strong>Taunt</strong>!<br></div><div class="battle-history"><small>The opposing Registeel fell for the taunt!</small><br></div><div class="spacer battle-history"><br></div><div class="battle-history"><small>The opposing Registeel restored a little HP using its Leftovers!</small><br></div><div class="spacer battle-history"><br></div><h2 class="battle-history">Turn 4</h2><div class="chat chatmessage-umbrasoul"><strong style="color:hsl(339,51%,46.52860891092949%)"><small>☆</small><span class="username" data-name="Umbra Soul">Umbra Soul</span>:</strong> <em>speed steel</em></div><div class="chat chatmessage-umbrasoul"><strong style="color:hsl(339,51%,46.52860891092949%)"><small>☆</small><span class="username" data-name="Umbra Soul">Umbra Soul</span>:</strong> <em>fun</em></div><div class="spacer battle-history"><br></div><div class="battle-history">Robert Alfons withdrew Registeel!<br></div><div class="battle-history">Robert Alfons sent out <strong>Venusaur</strong>!<br></div><div class="spacer battle-history"><br></div><div class="battle-history">Granbull used <strong>Super Fang</strong>!<br></div><div class="battle-history"><small>(The opposing Venusaur lost <abbr title="−150/301">49.8%</abbr> of its health!)</small><br></div><div class="spacer battle-history"><br></div><div class="battle-history"><small>The opposing Venusaur restored a little HP using its Black Sludge!</small><br></div><div class="spacer battle-history"><br></div><h2 class="battle-history">Turn 5</h2><div class="chat chatmessage-umbrasoul"><strong style="color:hsl(339,51%,46.52860891092949%)"><small>☆</small><span class="username" data-name="Umbra Soul">Umbra Soul</span>:</strong> <em>how much?</em></div><div class="chat chatmessage-umbrasoul"><strong style="color:hsl(339,51%,46.52860891092949%)"><small>☆</small><span class="username" data-name="Umbra Soul">Umbra Soul</span>:</strong> <em>mid 140s?</em></div><div class="chat chatmessage-umbrasoul"><strong style="color:hsl(339,51%,46.52860891092949%)"><small>☆</small><span class="username" data-name="Umbra Soul">Umbra Soul</span>:</strong> <em>150s?</em></div><div class="chat chatmessage-robertalfons"><strong style="color:hsl(121,49%,39%)"><small>☆</small><span class="username" data-name="Robert Alfons">Robert Alfons</span>:</strong> <em>i actually run less speed creep on it than i should</em></div><div class="spacer battle-history"><br></div><div class="battle-history">Granbull, come back!<br></div><div class="battle-history">Go! <strong>Drapion</strong>!<br></div><div class="battle-history"><small>Pointed stones dug into Drapion!</small><br></div><div class="spacer battle-history"><br></div><div class="battle-history">The opposing Venusaur used <strong>Knock Off</strong>!<br></div><div class="battle-history"><small>It's not very effective...</small><br></div><div class="battle-history"><small>(Drapion lost <abbr title="−28/281">10.0%</abbr> of its health!)</small><br></div><div class="battle-history"><small>The opposing Venusaur knocked off Drapion's Choice Scarf!</small><br></div><div class="spacer battle-history"><br></div><div class="battle-history"><small>The opposing Venusaur restored a little HP using its Black Sludge!</small><br></div><div class="spacer battle-history"><br></div><h2 class="battle-history">Turn 6</h2><div class="spacer battle-history"><br></div><div class="battle-history">Drapion used <strong>Knock Off</strong>!<br></div><div class="battle-history"><small>(The opposing Venusaur lost <abbr title="−162/301">53.8%</abbr> of its health!)</small><br></div><div class="battle-history"><small>Drapion knocked off the opposing Venusaur's Black Sludge!</small><br></div><div class="spacer battle-history"><br></div><div class="battle-history">The opposing Venusaur used <strong>Synthesis</strong>!<br></div><div class="battle-history"><small>The opposing Venusaur restored its HP.</small><br></div><div class="spacer battle-history"><br></div><h2 class="battle-history">Turn 7</h2><div class="spacer battle-history"><br></div><div class="battle-history">Drapion used <strong>Knock Off</strong>!<br></div><div class="battle-history"><small>(The opposing Venusaur lost <abbr title="−109/301">36.2%</abbr> of its health!)</small><br></div><div class="spacer battle-history"><br></div><div class="battle-history">The opposing Venusaur used <strong>Synthesis</strong>!<br></div><div class="battle-history"><small>The opposing Venusaur restored its HP.</small><br></div><div class="spacer battle-history"><br></div><h2 class="battle-history">Turn 8</h2><div class="spacer battle-history"><br></div><div class="battle-history">Robert Alfons withdrew Venusaur!<br></div><div class="battle-history">Robert Alfons sent out <strong>Registeel</strong>!<br></div><div class="spacer battle-history"><br></div><div class="battle-history">Drapion used <strong>Poison Jab</strong>!<br></div><div class="battle-history"><small>It doesn't affect the opposing Registeel...</small><br></div><div class="spacer battle-history"><br></div><div class="battle-history"><small>The opposing Registeel restored a little HP using its Leftovers!</small><br></div><div class="spacer battle-history"><br></div><h2 class="battle-history">Turn 9</h2><div class="spacer battle-history"><br></div><div class="battle-history">Drapion used <strong>Knock Off</strong>!<br></div><div class="battle-history"><small>(The opposing Registeel lost <abbr title="−90/364">24.7%</abbr> of its health!)</small><br></div><div class="battle-history"><small>Drapion knocked off the opposing Registeel's Leftovers!</small><br></div><div class="spacer battle-history"><br></div><div class="battle-history">The opposing Registeel used <strong>Seismic Toss</strong>!<br></div><div class="battle-history"><small>(Drapion lost <abbr title="−100/281">35.6%</abbr> of its health!)</small><br></div><div class="spacer battle-history"><br></div><h2 class="battle-history">Turn 10</h2><div class="spacer battle-history"><br></div><div class="battle-history">Drapion used <strong>Knock Off</strong>!<br></div><div class="battle-history"><small>(The opposing Registeel lost <abbr title="−69/364">19.0%</abbr> of its health!)</small><br></div><div class="spacer battle-history"><br></div><div class="battle-history">The opposing Registeel used <strong>Seismic Toss</strong>!<br></div><div class="battle-history"><small>(Drapion lost <abbr title="−100/281">35.6%</abbr> of its health!)</small><br></div><div class="spacer battle-history"><br></div><h2 class="battle-history">Turn 11</h2><div class="spacer battle-history"><br></div><div class="battle-history">Drapion used <strong>Knock Off</strong>!<br></div><div class="battle-history"><small>(The opposing Registeel lost <abbr title="−66/364">18.1%</abbr> of its health!)</small><br></div><div class="spacer battle-history"><br></div><div class="battle-history">The opposing Registeel used <strong>Seismic Toss</strong>!<br></div><div class="battle-history"><small>(Drapion lost <abbr title="−18/281">6.4%</abbr> of its health!)</small><br></div><div class="spacer battle-history"><br></div><div class="battle-history">Drapion fainted!<br></div><div class="spacer battle-history"><br></div><div class="battle-history">Go! <strong>Flygon</strong>!<br></div><div class="battle-history"><small>Pointed stones dug into Flygon!</small><br></div><div class="spacer battle-history"><br></div><h2 class="battle-history">Turn 12</h2><div class="spacer battle-history"><br></div><div class="battle-history">The opposing Registeel used <strong>Protect</strong>!<br></div><div class="battle-history"><small>The opposing Registeel protected itself!</small><br></div><div class="spacer battle-history"><br></div><div class="battle-history">Flygon used <strong>Defog</strong>!<br></div><div class="battle-history"><small>The opposing Registeel protected itself!</small><br></div><div class="spacer battle-history"><br></div><h2 class="battle-history">Turn 13</h2><div class="spacer battle-history"><br></div><div class="battle-history">Flygon used <strong>Defog</strong>!<br></div><div class="battle-history"><small>[The opposing Registeel's Clear Body]</small><br><small>The opposing Registeel's stats were not lowered!</small><br></div><div class="battle-history"><small>The pointed stones disappeared from around your team!</small><br></div><div class="spacer battle-history"><br></div><div class="battle-history">The opposing Registeel used <strong>Stealth Rock</strong>!<br></div><div class="battle-history"><small>Pointed stones float in the air around your team!</small><br></div><div class="spacer battle-history"><br></div><h2 class="battle-history">Turn 14</h2><div class="spacer battle-history"><br></div><div class="battle-history">Flygon used <strong>Defog</strong>!<br></div><div class="battle-history"><small>[The opposing Registeel's Clear Body]</small><br><small>The opposing Registeel's stats were not lowered!</small><br></div><div class="battle-history"><small>The pointed stones disappeared from around your team!</small><br></div><div class="spacer battle-history"><br></div><div class="battle-history">The opposing Registeel used <strong>Toxic</strong>!<br></div><div class="battle-history"><small>Flygon was badly poisoned!</small><br></div><div class="spacer battle-history"><br></div><div class="battle-history"><small>Flygon was hurt by poison!</small><br></div><div class="spacer battle-history"><br></div><h2 class="battle-history">Turn 15</h2><div class="spacer battle-history"><br></div><div class="battle-history">Flygon, come back!<br></div><div class="battle-history">Go! <strong>Magneton</strong>!<br></div><div class="spacer battle-history"><br></div><div class="battle-history">The opposing Registeel used <strong>Stealth Rock</strong>!<br></div><div class="battle-history"><small>Pointed stones float in the air around your team!</small><br></div><div class="spacer battle-history"><br></div><h2 class="battle-history">Turn 16</h2><div class="spacer battle-history"><br></div><div class="battle-history">Magneton used <strong>Flash Cannon</strong>!<br></div><div class="battle-history"><small>It's not very effective...</small><br></div><div class="battle-history"><small>(The opposing Registeel lost <abbr title="−23/364">6.3%</abbr> of its health!)</small><br></div><div class="spacer battle-history"><br></div><div class="battle-history">The opposing Registeel fainted!<br></div><div class="spacer battle-history"><br></div><div class="battle-history">Robert Alfons sent out <strong>Slowking</strong>!<br></div><div class="spacer battle-history"><br></div><h2 class="battle-history">Turn 17</h2><div class="spacer battle-history"><br></div><div class="battle-history">Magneton, come back!<br></div><div class="battle-history">Go! <strong>Slowking</strong>!<br></div><div class="battle-history"><small>Pointed stones dug into Slowking!</small><br></div><div class="spacer battle-history"><br></div><div class="battle-history">Robert Alfons withdrew Slowking!<br></div><div class="battle-history">Robert Alfons sent out <strong>Flygon</strong>!<br></div><div class="spacer battle-history"><br></div><h2 class="battle-history">Turn 18</h2><div class="spacer battle-history"><br></div><div class="battle-history">The opposing Flygon used <strong>U-turn</strong>!<br></div><div class="battle-history"><small>It's super effective!</small><br></div><div class="battle-history"><small>(Slowking lost <abbr title="−214/353">60.6%</abbr> of its health!)</small><br></div><div class="spacer battle-history"><br></div><div class="battle-history">The opposing Flygon went back to Robert Alfons!<br></div><div class="battle-history">Robert Alfons sent out <strong>Venusaur</strong>!<br></div><div class="spacer battle-history"><br></div><div class="battle-history">Slowking used <strong>Scald</strong>!<br></div><div class="battle-history"><small>It's not very effective...</small><br></div><div class="battle-history"><small>(The opposing Venusaur lost <abbr title="−99/301">32.9%</abbr> of its health!)</small><br></div><div class="battle-history"><small>The opposing Venusaur was burned!</small><br></div><div class="spacer battle-history"><br></div><div class="battle-history"><small>The opposing Venusaur was hurt by its burn!</small><br></div><div class="spacer battle-history"><br></div><h2 class="battle-history">Turn 19</h2><div class="spacer battle-history"><br></div><div class="battle-history">Slowking, come back!<br></div><div class="battle-history">Go! <strong>Magneton</strong>!<br></div><div class="battle-history"><small>Pointed stones dug into Magneton!</small><br></div><div class="spacer battle-history"><br></div><div class="battle-history">The opposing Venusaur used <strong>Leaf Storm</strong>!<br></div><div class="battle-history"><small>It's not very effective...</small><br></div><div class="battle-history"><small>(Magneton lost <abbr title="−187/241">77.6%</abbr> of its health!)</small><br></div><div class="battle-history"><small>The opposing Venusaur's Special Attack fell harshly!</small><br></div><div class="spacer battle-history"><br></div><div class="battle-history"><small>The opposing Venusaur was hurt by its burn!</small><br></div><div class="spacer battle-history"><br></div><h2 class="battle-history">Turn 20</h2><div class="spacer battle-history"><br></div><div class="battle-history">Magneton used <strong>Thunderbolt</strong>!<br></div><div class="battle-history"><small>It's not very effective...</small><br></div><div class="battle-history"><small>(The opposing Venusaur lost <abbr title="−43/301">14.3%</abbr> of its health!)</small><br></div><div class="spacer battle-history"><br></div><div class="battle-history">The opposing Venusaur fainted!<br></div><div class="spacer battle-history"><br></div><div class="battle-history">Robert Alfons sent out <strong>Flygon</strong>!<br></div><div class="spacer battle-history"><br></div><h2 class="battle-history">Turn 21</h2><div class="spacer battle-history"><br></div><div class="battle-history">Magneton, come back!<br></div><div class="battle-history">Go! <strong>Virizion</strong>!<br></div><div class="battle-history"><small>Pointed stones dug into Virizion!</small><br></div><div class="spacer battle-history"><br></div><div class="battle-history">The opposing Flygon used <strong>U-turn</strong>!<br></div><div class="battle-history"><small>(Virizion lost <abbr title="−138/323">42.7%</abbr> of its health!)</small><br></div><div class="spacer battle-history"><br></div><div class="battle-history">The opposing Flygon went back to Robert Alfons!<br></div><div class="battle-history">Robert Alfons sent out <strong>Sneasel</strong>!<br></div><div class="spacer battle-history"><br></div><h2 class="battle-history">Turn 22</h2><div class="spacer battle-history"><br></div><div class="battle-history">Virizion, come back!<br></div><div class="battle-history">Go! <strong>Slowking</strong>!<br></div><div class="battle-history"><small>Pointed stones dug into Slowking!</small><br></div><div class="spacer battle-history"><br></div><div class="battle-history">The opposing Sneasel used <strong>Icicle Crash</strong>!<br></div><div class="battle-history"><small>Slowking avoided the attack!</small><br></div><div class="spacer battle-history"><br></div><h2 class="battle-history">Turn 23</h2><div class="spacer battle-history"><br></div><div class="battle-history">Robert Alfons withdrew Sneasel!<br></div><div class="battle-history">Robert Alfons sent out <strong>Slowking</strong>!<br></div><div class="spacer battle-history"><br></div><div class="battle-history">Slowking used <strong>Scald</strong>!<br></div><div class="battle-history"><small>It's not very effective...</small><br></div><div class="battle-history"><small>(The opposing Slowking lost <abbr title="−84/394">21.3%</abbr> of its health!)</small><br></div><div class="battle-history"><small>The opposing Slowking was burned!</small><br></div><div class="spacer battle-history"><br></div><div class="battle-history"><small>The opposing Slowking was hurt by its burn!</small><br></div><div class="spacer battle-history"><br></div><h2 class="battle-history">Turn 24</h2><div class="spacer battle-history"><br></div><div class="battle-history">Slowking used <strong>Scald</strong>!<br></div><div class="battle-history"><small>It's not very effective...</small><br></div><div class="battle-history"><small>A critical hit!</small><br></div><div class="battle-history"><small>(The opposing Slowking lost <abbr title="−130/394">33.0%</abbr> of its health!)</small><br></div><div class="spacer battle-history"><br></div><div class="battle-history">The opposing Slowking used <strong>Scald</strong>!<br></div><div class="battle-history"><small>It's not very effective...</small><br></div><div class="battle-history"><small>(Slowking lost <abbr title="−42/353">11.9%</abbr> of its health!)</small><br></div><div class="spacer battle-history"><br></div><div class="battle-history"><small>The opposing Slowking was hurt by its burn!</small><br></div><div class="spacer battle-history"><br></div><h2 class="battle-history">Turn 25</h2><div class="spacer battle-history"><br></div><div class="battle-history">Slowking used <strong>Scald</strong>!<br></div><div class="battle-history"><small>It's not very effective...</small><br></div><div class="battle-history"><small>(The opposing Slowking lost <abbr title="−82/394">20.8%</abbr> of its health!)</small><br></div><div class="spacer battle-history"><br></div><div class="battle-history">The opposing Slowking fainted!<br></div><div class="spacer battle-history"><br></div><div class="battle-history">Robert Alfons sent out <strong>Sneasel</strong>!<br></div><div class="spacer battle-history"><br></div><h2 class="battle-history">Turn 26</h2><div class="spacer battle-history"><br></div><div class="battle-history"><small>(Slowking is being withdrawn...)</small><br></div><div class="spacer battle-history"><br></div><div class="battle-history">The opposing Sneasel used <strong>Pursuit</strong>!<br></div><div class="battle-history"><small>It's super effective!</small><br></div><div class="battle-history"><small>(Slowking lost <abbr title="−126/353">35.7%</abbr> of its health!)</small><br></div><div class="battle-history"><small>The opposing Sneasel lost some of its HP!</small><br></div><div class="spacer battle-history"><br></div><div class="battle-history">Slowking fainted!<br></div><div class="spacer battle-history"><br></div><div class="battle-history">Go! <strong>Granbull</strong>!<br></div><div class="battle-history"><small>Pointed stones dug into Granbull!</small><br></div><div class="battle-history"><small>[Granbull's Intimidate]</small><br></div><div class="battle-history"><small>The opposing Sneasel's Attack fell!</small><br></div><div class="spacer battle-history"><br></div><h2 class="battle-history">Turn 27</h2><div class="spacer battle-history"><br></div><div class="battle-history">Robert Alfons withdrew Sneasel!<br></div><div class="battle-history">Robert Alfons sent out <strong>Flygon</strong>!<br></div><div class="spacer battle-history"><br></div><div class="battle-history">Granbull used <strong>Play Rough</strong>!<br></div><div class="battle-history"><small>It's super effective!</small><br></div><div class="battle-history"><small>(The opposing Flygon lost <abbr title="−278/301">92.4%</abbr> of its health!)</small><br></div><div class="battle-history"><small>The opposing Flygon's Attack fell!</small><br></div><div class="spacer battle-history"><br></div><h2 class="battle-history">Turn 28</h2><div class="spacer battle-history"><br></div><div class="battle-history">Granbull, come back!<br></div><div class="battle-history">Go! <strong>Virizion</strong>!<br></div><div class="battle-history"><small>Pointed stones dug into Virizion!</small><br></div><div class="spacer battle-history"><br></div><div class="battle-history">The opposing Flygon used <strong>U-turn</strong>!<br></div><div class="battle-history"><small>(Virizion lost <abbr title="−94/323">29.1%</abbr> of its health!)</small><br></div><div class="spacer battle-history"><br></div><div class="battle-history">The opposing Flygon went back to Robert Alfons!<br></div><div class="battle-history">Robert Alfons sent out <strong>Sneasel</strong>!<br></div><div class="spacer battle-history"><br></div><h2 class="battle-history">Turn 29</h2><div class="spacer battle-history"><br></div><div class="battle-history">The opposing Sneasel used <strong>Knock Off</strong>!<br></div><div class="battle-history"><small>It's not very effective...</small><br></div><div class="battle-history"><small>(Virizion lost <abbr title="−51/323">15.8%</abbr> of its health!)</small><br></div><div class="battle-history"><small>The opposing Sneasel knocked off Virizion's Life Orb!</small><br></div><div class="battle-history"><small>The opposing Sneasel lost some of its HP!</small><br></div><div class="spacer battle-history"><br></div><div class="battle-history">Virizion fainted!<br></div><div class="spacer battle-history"><br></div><div class="battle-history">Go! <strong>Granbull</strong>!<br></div><div class="battle-history"><small>Pointed stones dug into Granbull!</small><br></div><div class="battle-history"><small>[Granbull's Intimidate]</small><br></div><div class="battle-history"><small>The opposing Sneasel's Attack fell!</small><br></div><div class="spacer battle-history"><br></div><h2 class="battle-history">Turn 30</h2><div class="spacer battle-history"><br></div><div class="battle-history">Robert Alfons withdrew Sneasel!<br></div><div class="battle-history">Robert Alfons sent out <strong>Flygon</strong>!<br></div><div class="spacer battle-history"><br></div><div class="battle-history">Granbull, come back!<br></div><div class="battle-history">Go! <strong>Flygon</strong>!<br></div><div class="battle-history"><small>Pointed stones dug into Flygon!</small><br></div><div class="spacer battle-history"><br></div><div class="battle-history"><small>Flygon was hurt by poison!</small><br></div><div class="spacer battle-history"><br></div><h2 class="battle-history">Turn 31</h2><div class="spacer battle-history"><br></div><div class="battle-history">Flygon used <strong>Outrage</strong>!<br></div><div class="battle-history"><small>It's super effective!</small><br></div><div class="battle-history"><small>(The opposing Flygon lost <abbr title="−23/301">7.6%</abbr> of its health!)</small><br></div><div class="spacer battle-history"><br></div><div class="battle-history">The opposing Flygon fainted!<br></div><div class="spacer battle-history"><br></div><div class="battle-history"><small>Flygon was hurt by poison!</small><br></div><div class="spacer battle-history"><br></div><div class="battle-history">Robert Alfons sent out <strong>Sneasel</strong>!<br></div><div class="spacer battle-history"><br></div><h2 class="battle-history">Turn 32</h2><div class="spacer battle-history"><br></div><div class="battle-history">The opposing Sneasel used <strong>Ice Shard</strong>!<br></div><div class="battle-history"><small>It's super effective!</small><br></div><div class="battle-history"><small>(Flygon lost <abbr title="−193/301">64.1%</abbr> of its health!)</small><br></div><div class="battle-history"><small>The opposing Sneasel lost some of its HP!</small><br></div><div class="spacer battle-history"><br></div><div class="battle-history">Flygon fainted!<br></div><div class="spacer battle-history"><br></div><div class="battle-history">Go! <strong>Granbull</strong>!<br></div><div class="battle-history"><small>Pointed stones dug into Granbull!</small><br></div><div class="battle-history"><small>[Granbull's Intimidate]</small><br></div><div class="battle-history"><small>The opposing Sneasel's Attack fell!</small><br></div><div class="spacer battle-history"><br></div><h2 class="battle-history">Turn 33</h2><div class="spacer battle-history"><br></div><div class="battle-history">The opposing Sneasel used <strong>Icicle Crash</strong>!<br></div><div class="battle-history"><small>(Granbull lost <abbr title="−95/383">24.8%</abbr> of its health!)</small><br></div><div class="battle-history"><small>The opposing Sneasel lost some of its HP!</small><br></div><div class="spacer battle-history"><br></div><div class="battle-history">Granbull used <strong>Play Rough</strong>!<br></div><div class="battle-history"><small>It's super effective!</small><br></div><div class="battle-history"><small>A critical hit!</small><br></div><div class="battle-history"><small>(The opposing Sneasel lost <abbr title="−151/251">60.2%</abbr> of its health!)</small><br></div><div class="spacer battle-history"><br></div><div class="battle-history">The opposing Sneasel fainted!<br></div><div class="spacer battle-history"><br></div><div class="battle-history">Robert Alfons sent out <strong>Sawk</strong>!<br></div><div class="spacer battle-history"><br></div><h2 class="battle-history">Turn 34</h2><div class="chat chatmessage-umbrasoul"><strong style="color:hsl(339,51%,46.52860891092949%)"><small>☆</small><span class="username" data-name="Umbra Soul">Umbra Soul</span>:</strong> <em>now reveal secret scarf sawk</em></div><div class="chat chatmessage-umbrasoul"><strong style="color:hsl(339,51%,46.52860891092949%)"><small>☆</small><span class="username" data-name="Umbra Soul">Umbra Soul</span>:</strong> <em>y/y?</em></div><div class="chat chatmessage-robertalfons"><strong style="color:hsl(121,49%,39%)"><small>☆</small><span class="username" data-name="Robert Alfons">Robert Alfons</span>:</strong> <em>wew</em></div><div class="chat chatmessage-robertalfons"><strong style="color:hsl(121,49%,39%)"><small>☆</small><span class="username" data-name="Robert Alfons">Robert Alfons</span>:</strong> <em>im afraid it's gonna be rolls bud</em></div><div class="chat chatmessage-umbrasoul"><strong style="color:hsl(339,51%,46.52860891092949%)"><small>☆</small><span class="username" data-name="Umbra Soul">Umbra Soul</span>:</strong> <em>well if you are scarf you win</em></div><div class="chat chatmessage-robertalfons"><strong style="color:hsl(121,49%,39%)"><small>☆</small><span class="username" data-name="Robert Alfons">Robert Alfons</span>:</strong> <em>yea but i aint and here's what happens 252 SpA Magneton Thunderbolt vs. 0 HP / 0 SpD Sawk: 177-208 (60.8 - 71.4%) -- guaranteed 2HKO</em></div><div class="spacer battle-history"><br></div><div class="battle-history">The opposing Sawk used <strong>Earthquake</strong>!<br></div><div class="battle-history"><small>(Granbull lost <abbr title="−92/383">24.0%</abbr> of its health!)</small><br></div><div class="spacer battle-history"><br></div><div class="battle-history">Granbull fainted!<br></div><div class="chat chatmessage-robertalfons"><strong style="color:hsl(121,49%,39%)"><small>☆</small><span class="username" data-name="Robert Alfons">Robert Alfons</span>:</strong> <em>unless ur like modest scarf which is ultimate tech</em></div><div class="spacer battle-history"><br></div><div class="battle-history">Go! <strong>Magneton</strong>!<br></div><div class="battle-history"><small>Pointed stones dug into Magneton!</small><br></div><div class="spacer battle-history"><br></div><h2 class="battle-history">Turn 35</h2><div class="chat chatmessage-robertalfons"><strong style="color:hsl(121,49%,39%)"><small>☆</small><span class="username" data-name="Robert Alfons">Robert Alfons</span>:</strong> <em>or are you one of em custap sets</em></div><div class="spacer battle-history"><br></div><div class="battle-history">Magneton used <strong>Thunderbolt</strong>!<br></div><div class="battle-history"><small>(The opposing Sawk lost <abbr title="−195/291">67.0%</abbr> of its health!)</small><br></div><div class="spacer battle-history"><br></div><div class="battle-history">The opposing Sawk fainted!<br></div><div class="spacer battle-history"><br></div><div class="battle-history"><strong>Umbra Soul</strong> won the battle!<br></div><div class="chat chatmessage-robertalfons"><strong style="color:hsl(121,49%,39%)"><small>☆</small><span class="username" data-name="Robert Alfons">Robert Alfons</span>:</strong> <em>oof</em></div><div class="chat chatmessage-robertalfons"><strong style="color:hsl(121,49%,39%)"><small>☆</small><span class="username" data-name="Robert Alfons">Robert Alfons</span>:</strong> <em>guess the lord doesnt want me to play shitty video games</em></div><div class="chat chatmessage-robertalfons"><strong style="color:hsl(121,49%,39%)"><small>☆</small><span class="username" data-name="Robert Alfons">Robert Alfons</span>:</strong> <em>ggs</em></div><div class="chat chatmessage-umbrasoul"><strong style="color:hsl(339,51%,46.52860891092949%)"><small>☆</small><span class="username" data-name="Umbra Soul">Umbra Soul</span>:</strong> <em>gg</em></div><div class="chat"><small>Robert Alfons left.</small></div></div><div class="inner-preempt"></div></div></div>
</div>
<script>
let daily = Math.floor(Date.now()/1000/60/60/24);document.write('<script src="https://play.pokemonshowdown.com/js/replay-embed.js?version'+daily+'"></'+'script>');
</script>
