<!DOCTYPE html>
<meta charset="utf-8" />
<!-- version 1 -->
<title>RU replay: Carnator vs. DelphoxGrifindor</title>
<style>
html,body {font-family:Verdana, sans-serif;font-size:10pt;margin:0;padding:0;}body{padding:12px 0;} .battle-log {font-family:Verdana, sans-serif;font-size:10pt;} .battle-log-inline {border:1px solid #AAAAAA;background:#EEF2F5;color:black;max-width:640px;margin:0 auto 80px;padding-bottom:5px;} .battle-log .inner {padding:4px 8px 0px 8px;} .battle-log .inner-preempt {padding:0 8px 4px 8px;} .battle-log .inner-after {margin-top:0.5em;} .battle-log h2 {margin:0.5em -8px;padding:4px 8px;border:1px solid #AAAAAA;background:#E0E7EA;border-left:0;border-right:0;font-family:Verdana, sans-serif;font-size:13pt;} .battle-log .chat {vertical-align:middle;padding:3px 0 3px 0;font-size:8pt;} .battle-log .chat strong {color:#40576A;} .battle-log .chat em {padding:1px 4px 1px 3px;color:#000000;font-style:normal;} .chat.mine {background:rgba(0,0,0,0.05);margin-left:-8px;margin-right:-8px;padding-left:8px;padding-right:8px;} .spoiler {color:#BBBBBB;background:#BBBBBB;padding:0px 3px;} .spoiler:hover, .spoiler:active, .spoiler-shown {color:#000000;background:#E2E2E2;padding:0px 3px;} .spoiler a {color:#BBBBBB;} .spoiler:hover a, .spoiler:active a, .spoiler-shown a {color:#2288CC;} .chat code, .chat .spoiler:hover code, .chat .spoiler:active code, .chat .spoiler-shown code {border:1px solid #C0C0C0;background:#EEEEEE;color:black;padding:0 2px;} .chat .spoiler code {border:1px solid #CCCCCC;background:#CCCCCC;color:#CCCCCC;} .battle-log .rated {padding:3px 4px;} .battle-log .rated strong {color:white;background:#89A;padding:1px 4px;border-radius:4px;} .spacer {margin-top:0.5em;} .message-announce {background:#6688AA;color:white;padding:1px 4px 2px;} .message-announce a, .broadcast-green a, .broadcast-blue a, .broadcast-red a {color:#DDEEFF;} .broadcast-green {background-color:#559955;color:white;padding:2px 4px;} .broadcast-blue {background-color:#6688AA;color:white;padding:2px 4px;} .infobox {border:1px solid #6688AA;padding:2px 4px;} .infobox-limited {max-height:200px;overflow:auto;overflow-x:hidden;} .broadcast-red {background-color:#AA5544;color:white;padding:2px 4px;} .message-learn-canlearn {font-weight:bold;color:#228822;text-decoration:underline;} .message-learn-cannotlearn {font-weight:bold;color:#CC2222;text-decoration:underline;} .message-effect-weak {font-weight:bold;color:#CC2222;} .message-effect-resist {font-weight:bold;color:#6688AA;} .message-effect-immune {font-weight:bold;color:#666666;} .message-learn-list {margin-top:0;margin-bottom:0;} .message-throttle-notice, .message-error {color:#992222;} .message-overflow, .chat small.message-overflow {font-size:0pt;} .message-overflow::before {font-size:9pt;content:'...';} .subtle {color:#3A4A66;}
</style>
<div class="wrapper replay-wrapper" style="max-width:1180px;margin:0 auto">
<input type="hidden" name="replayid" value="ru-487367077" />
<div class="battle"></div><div class="battle-log"></div><div class="replay-controls"></div><div class="replay-controls-2"></div>
<h1 style="font-weight:normal;text-align:center"><strong>RU</strong><br /><a href="http://pokemonshowdown.com/users/carnator" class="subtle" target="_blank">Carnator</a> vs. <a href="http://pokemonshowdown.com/users/delphoxgrifindor" class="subtle" target="_blank">DelphoxGrifindor</a></h1>
<script type="text/plain" class="battle-log-data">|j|Carnator
|j|DelphoxGrifindor
|player|p1|Carnator|52
|player|p2|DelphoxGrifindor|20
|gametype|singles
|gen|6
|tier|RU
|rated
|seed|38484,35073,54079,29387
|rule|Sleep Clause Mod: Limit one foe put to sleep
|rule|Species Clause: Limit one of each Pokémon
|rule|OHKO Clause: OHKO moves are banned
|rule|Moody Clause: Moody is banned
|rule|Evasion Moves Clause: Evasion moves are banned
|rule|Endless Battle Clause: Forcing endless battles is banned
|rule|HP Percentage Mod: HP is shown in percentages
|clearpoke
|poke|p1|Alomomola, F|item
|poke|p1|Camerupt, M|item
|poke|p1|Jolteon, M|item
|poke|p1|Virizion|item
|poke|p1|Sneasel, F|item
|poke|p1|Claydol, shiny|item
|poke|p2|Delphox, F, shiny|item
|poke|p2|Alomomola, F, shiny|item
|poke|p2|Venusaur, F, shiny|item
|poke|p2|Banette, F, shiny|item
|poke|p2|Sigilyph, M, shiny|item
|poke|p2|Jolteon, M, shiny|item
|rule|Swagger Clause: Swagger is banned
|rule|Baton Pass Clause: Limit one Baton Passer, can't pass Spe and other stats simultaneously
|teampreview
|choice|team 1, team 2, team 3, team 4, team 5, team 6|team 4, team 2, team 3, team 1, team 5, team 6
|
|start
|switch|p1a: Alomomola|Alomomola, F|534\/534
|switch|p2a: The Puppet|Banette, F, shiny|332\/332
|turn|1
|choice|move toxic|switch 3
|
|switch|p2a: Umbrella Straw|Venusaur, F, shiny|364\/364
|move|p1a: Alomomola|Toxic|p2a: Umbrella Straw
|-immune|p2a: Umbrella Straw|[msg]
|
|turn|2
|choice|move wish|move knockoff
|
|move|p2a: Umbrella Straw|Knock Off|p1a: Alomomola
|-damage|p1a: Alomomola|475\/534
|-damage|p2a: Umbrella Straw|304\/364|[from] item: Rocky Helmet|[of] p1a: Alomomola
|-enditem|p1a: Alomomola|Rocky Helmet|[from] move: Knock Off|[of] p2a: Umbrella Straw
|move|p1a: Alomomola|Wish|p1a: Alomomola
|
|-heal|p2a: Umbrella Straw|326\/364|[from] item: Leftovers
|turn|3
|choice|switch 2|move toxic
|
|switch|p1a: Camerupt|Camerupt, M|310\/310
|move|p2a: Umbrella Straw|Toxic|p1a: Camerupt
|-status|p1a: Camerupt|tox
|
|-heal|p2a: Umbrella Straw|348\/364|[from] item: Leftovers
|-damage|p1a: Camerupt|291\/310 tox|[from] psn
|turn|4
|choice|switch 3|switch 2
|
|switch|p2a: Alolalola|Alomomola, F, shiny|534\/534
|switch|p1a: Jolteon|Jolteon, M|271\/271
|
|turn|5
|choice|switch 6|switch 6
|
|switch|p1a: MannequinChallenge|Claydol, shiny|324\/324
|switch|p2a: flashDrive|Jolteon, M, shiny|271\/271
|
|turn|6
|choice|move stealthrock|switch 6
|
|switch|p2a: Alolalola|Alomomola, F, shiny|534\/534
|move|p1a: MannequinChallenge|Stealth Rock|p2a: Alolalola
|-sidestart|p2: DelphoxGrifindor|move: Stealth Rock
|
|turn|7
|choice|switch 3|move scald
|
|switch|p1a: Camerupt|Camerupt, M|291\/310 tox
|move|p2a: Alolalola|Scald|p1a: Camerupt
|-supereffective|p1a: Camerupt
|-damage|p1a: Camerupt|71\/310 tox
|
|-damage|p1a: Camerupt|52\/310 tox|[from] psn
|turn|8
|choice|switch 4|move protect
|
|switch|p1a: Virizion|Virizion|323\/323
|move|p2a: Alolalola|Protect|p2a: Alolalola
|-fail|p2a: Alolalola
|
|turn|9
|choice|move swordsdance|switch 2
|
|switch|p2a: Umbrella Straw|Venusaur, F, shiny|348\/364
|-damage|p2a: Umbrella Straw|303\/364|[from] Stealth Rock
|move|p1a: Virizion|Swords Dance|p1a: Virizion
|-boost|p1a: Virizion|atk|2
|
|-heal|p2a: Umbrella Straw|325\/364|[from] item: Leftovers
|turn|10
|choice|move stoneedge|move toxic
|
|move|p1a: Virizion|Stone Edge|p2a: Umbrella Straw
|-damage|p2a: Umbrella Straw|122\/364
|move|p2a: Umbrella Straw|Toxic|p1a: Virizion
|-status|p1a: Virizion|tox
|-enditem|p1a: Virizion|Lum Berry|[eat]
|-curestatus|p1a: Virizion|tox|[msg]
|
|-heal|p2a: Umbrella Straw|144\/364|[from] item: Leftovers
|turn|11
|choice|move swordsdance|move knockoff
|
|move|p1a: Virizion|Swords Dance|p1a: Virizion
|-boost|p1a: Virizion|atk|2
|move|p2a: Umbrella Straw|Knock Off|p1a: Virizion
|-resisted|p1a: Virizion
|-damage|p1a: Virizion|294\/323
|-ability|p1a: Virizion|Justified|boost
|-boost|p1a: Virizion|atk|1
|
|-heal|p2a: Umbrella Straw|166\/364|[from] item: Leftovers
|turn|12
|choice|move stoneedge|move toxic
|
|move|p1a: Virizion|Stone Edge|p2a: Umbrella Straw|[miss]
|-miss|p1a: Virizion|p2a: Umbrella Straw
|move|p2a: Umbrella Straw|Toxic|p1a: Virizion
|-status|p1a: Virizion|tox
|
|-heal|p2a: Umbrella Straw|188\/364|[from] item: Leftovers
|-damage|p1a: Virizion|274\/323 tox|[from] psn
|turn|13
|choice|move stoneedge|move synthesis
|
|move|p1a: Virizion|Stone Edge|p2a: Umbrella Straw|[miss]
|-miss|p1a: Virizion|p2a: Umbrella Straw
|move|p2a: Umbrella Straw|Synthesis|p2a: Umbrella Straw
|-heal|p2a: Umbrella Straw|364\/364
|
|-damage|p1a: Virizion|234\/323 tox|[from] psn
|turn|14
|choice|move stoneedge|move synthesis
|
|move|p1a: Virizion|Stone Edge|p2a: Umbrella Straw
|-damage|p2a: Umbrella Straw|0 fnt
|faint|p2a: Umbrella Straw
|
|-damage|p1a: Virizion|174\/323 tox|[from] psn
|choice||switch 2
|
|switch|p2a: Alolalola|Alomomola, F, shiny|534\/534
|-damage|p2a: Alolalola|468\/534|[from] Stealth Rock
|turn|15
|choice|move leafblade|move protect
|
|move|p2a: Alolalola|Protect|p2a: Alolalola
|-singleturn|p2a: Alolalola|Protect
|move|p1a: Virizion|Leaf Blade|p2a: Alolalola
|-activate|p2a: Alolalola|move: Protect
|
|-heal|p2a: Alolalola|501\/534|[from] item: Leftovers
|-damage|p1a: Virizion|94\/323 tox|[from] psn
|turn|16
|choice|move leafblade|switch 4
|
|switch|p2a: Mcgonagall|Delphox, F, shiny|291\/291
|-damage|p2a: Mcgonagall|219\/291|[from] Stealth Rock
|move|p1a: Virizion|Leaf Blade|p2a: Mcgonagall
|-resisted|p2a: Mcgonagall
|-damage|p2a: Mcgonagall|0 fnt
|faint|p2a: Mcgonagall
|
|-damage|p1a: Virizion|0 fnt|[from] psn
|faint|p1a: Virizion
|choice|switch 3|switch 4
|
|switch|p1a: MannequinChallenge|Claydol, shiny|324\/324
|switch|p2a: Alolalola|Alomomola, F, shiny|534\/534
|-damage|p2a: Alolalola|468\/534|[from] Stealth Rock
|turn|17
|choice|move earthpower|move scald
|
|move|p1a: MannequinChallenge|Earth Power|p2a: Alolalola
|-damage|p2a: Alolalola|308\/534
|move|p2a: Alolalola|Scald|p1a: MannequinChallenge
|-supereffective|p1a: MannequinChallenge
|-damage|p1a: MannequinChallenge|262\/324
|-status|p1a: MannequinChallenge|brn
|
|-heal|p1a: MannequinChallenge|282\/324 brn|[from] item: Leftovers
|-heal|p2a: Alolalola|341\/534|[from] item: Leftovers
|-damage|p1a: MannequinChallenge|242\/324 brn|[from] brn
|turn|18
|choice|switch 2|move wish
|
|switch|p1a: Alomomola|Alomomola, F|534\/534
|move|p2a: Alolalola|Wish|p2a: Alolalola
|
|-heal|p2a: Alolalola|374\/534|[from] item: Leftovers
|turn|19
|choice|move toxic|move protect
|
|move|p2a: Alolalola|Protect|p2a: Alolalola
|-singleturn|p2a: Alolalola|Protect
|move|p1a: Alomomola|Toxic|p2a: Alolalola
|-activate|p2a: Alolalola|move: Protect
|
|-heal|p2a: Alolalola|534\/534|[from] move: Wish|[wisher] Alolalola
|turn|20
|choice|switch 5|switch 3
|
|switch|p1a: Sneasel|Sneasel, F|252\/252
|switch|p2a: The Puppet|Banette, F, shiny|332\/332
|-damage|p2a: The Puppet|291\/332|[from] Stealth Rock
|
|turn|21
|choice|move knockoff|switch 3
|
|switch|p2a: Alolalola|Alomomola, F, shiny|534\/534
|-damage|p2a: Alolalola|468\/534|[from] Stealth Rock
|move|p1a: Sneasel|Knock Off|p2a: Alolalola
|-damage|p2a: Alolalola|295\/534
|-enditem|p2a: Alolalola|Leftovers|[from] move: Knock Off|[of] p1a: Sneasel
|-damage|p1a: Sneasel|227\/252|[from] item: Life Orb
|
|turn|22
|choice|switch 6|move toxic
|
|switch|p1a: Jolteon|Jolteon, M|271\/271
|move|p2a: Alolalola|Toxic|p1a: Jolteon
|-status|p1a: Jolteon|tox
|
|-damage|p1a: Jolteon|255\/271 tox|[from] psn
|turn|23
|choice|switch 5|move protect
|
|switch|p1a: Alomomola|Alomomola, F|534\/534
|move|p2a: Alolalola|Protect|p2a: Alolalola
|-fail|p2a: Alolalola
|
|turn|24
|choice|move wish|switch 3
|
|switch|p2a: The Puppet|Banette, F, shiny|291\/332
|-damage|p2a: The Puppet|250\/332|[from] Stealth Rock
|move|p1a: Alomomola|Wish|p1a: Alomomola
|
|turn|25
|choice|switch 4|move disable mega
|
|switch|p1a: Camerupt|Camerupt, M|52\/310 tox
|detailschange|p2a: The Puppet|Banette-Mega, F, shiny
|-mega|p2a: The Puppet|Banette|Banettite
|move|p2a: The Puppet|Disable|p1a: Camerupt
|-fail|p1a: Camerupt
|
|-heal|p1a: Camerupt|310\/310 tox|[from] move: Wish|[wisher] Alomomola
|-damage|p1a: Camerupt|291\/310 tox|[from] psn
|turn|26
|choice|move hiddenpower mega|move destinybond
|
|detailschange|p1a: Camerupt|Camerupt-Mega, M
|-mega|p1a: Camerupt|Camerupt|Cameruptite
|move|p2a: The Puppet|Destiny Bond|p2a: The Puppet
|-singlemove|p2a: The Puppet|Destiny Bond
|move|p1a: Camerupt|Hidden Power|p2a: The Puppet
|-damage|p2a: The Puppet|180\/332
|
|-damage|p1a: Camerupt|253\/310 tox|[from] psn
|turn|27
|choice|move overheat|move shadowsneak
|
|move|p2a: The Puppet|Shadow Sneak|p1a: Camerupt
|-damage|p1a: Camerupt|175\/310 tox
|move|p1a: Camerupt|Overheat|p2a: The Puppet
|-damage|p2a: The Puppet|0 fnt
|-unboost|p1a: Camerupt|spa|2
|faint|p2a: The Puppet
|
|-damage|p1a: Camerupt|118\/310 tox|[from] psn
|choice||switch 3
|
|switch|p2a: Alolalola|Alomomola, F, shiny|473\/534
|-damage|p2a: Alolalola|407\/534|[from] Stealth Rock
|turn|28
|choice|switch 4|move scald
|
|switch|p1a: Alomomola|Alomomola, F|534\/534
|move|p2a: Alolalola|Scald|p1a: Alomomola
|-resisted|p1a: Alomomola
|-damage|p1a: Alomomola|496\/534
|
|turn|29
|choice|move toxic|move toxic
|
|move|p1a: Alomomola|Toxic|p2a: Alolalola
|-status|p2a: Alolalola|tox
|move|p2a: Alolalola|Toxic|p1a: Alomomola
|-status|p1a: Alomomola|tox
|
|-damage|p1a: Alomomola|463\/534 tox|[from] psn
|-damage|p2a: Alolalola|374\/534 tox|[from] psn
|turn|30
|choice|move refresh|move wish
|
|move|p2a: Alolalola|Wish|p2a: Alolalola
|move|p1a: Alomomola|Refresh|p1a: Alomomola
|-curestatus|p1a: Alomomola|tox|[msg]
|
|-damage|p2a: Alolalola|308\/534 tox|[from] psn
|turn|31
|choice|move wish|move toxic
|
|move|p1a: Alomomola|Wish|p1a: Alomomola
|move|p2a: Alolalola|Toxic|p1a: Alomomola
|-status|p1a: Alomomola|tox
|
|-heal|p2a: Alolalola|534\/534 tox|[from] move: Wish|[wisher] Alolalola
|-damage|p2a: Alolalola|435\/534 tox|[from] psn
|-damage|p1a: Alomomola|430\/534 tox|[from] psn
|turn|32
|choice|move refresh|switch 6
|
|switch|p2a: flashDrive|Jolteon, M, shiny|271\/271
|-damage|p2a: flashDrive|238\/271|[from] Stealth Rock
|move|p1a: Alomomola|Refresh|p1a: Alomomola
|-curestatus|p1a: Alomomola|tox|[msg]
|
|-heal|p1a: Alomomola|534\/534|[from] move: Wish|[wisher] Alomomola
|turn|33
|choice|switch 4|move shadowball
|
|switch|p1a: Camerupt|Camerupt-Mega, M|118\/310 tox
|move|p2a: flashDrive|Shadow Ball|p1a: Camerupt
|-damage|p1a: Camerupt|8\/310 tox
|
|-damage|p1a: Camerupt|0 fnt|[from] psn
|faint|p1a: Camerupt
|choice|switch 6|
|
|switch|p1a: Sneasel|Sneasel, F|227\/252
|turn|34
|choice|move knockoff|switch 6
|
|switch|p2a: Alolalola|Alomomola, F, shiny|534\/534 tox
|-damage|p2a: Alolalola|468\/534 tox|[from] Stealth Rock
|move|p1a: Sneasel|Knock Off|p2a: Alolalola
|-damage|p2a: Alolalola|365\/534 tox
|-damage|p1a: Sneasel|202\/252|[from] item: Life Orb
|
|-damage|p2a: Alolalola|332\/534 tox|[from] psn
|turn|35
|choice|switch 5|move toxic
|
|switch|p1a: Jolteon|Jolteon, M|255\/271 tox
|move|p2a: Alolalola|Toxic|p1a: Jolteon|[miss]
|-miss|p2a: Alolalola|p1a: Jolteon
|
|-damage|p1a: Jolteon|239\/271 tox|[from] psn
|-damage|p2a: Alolalola|266\/534 tox|[from] psn
|turn|36
|choice|move thunderbolt|move protect
|
|move|p2a: Alolalola|Protect|p2a: Alolalola
|-singleturn|p2a: Alolalola|Protect
|move|p1a: Jolteon|Thunderbolt|p2a: Alolalola
|-activate|p2a: Alolalola|move: Protect
|
|-damage|p1a: Jolteon|207\/271 tox|[from] psn
|-damage|p2a: Alolalola|167\/534 tox|[from] psn
|turn|37
|choice|switch 2|switch 6
|
|switch|p1a: MannequinChallenge|Claydol, shiny|242\/324 brn
|switch|p2a: flashDrive|Jolteon, M, shiny|238\/271
|-damage|p2a: flashDrive|205\/271|[from] Stealth Rock
|
|-heal|p1a: MannequinChallenge|262\/324 brn|[from] item: Leftovers
|-damage|p1a: MannequinChallenge|222\/324 brn|[from] brn
|turn|38
|choice|move earthpower|move shadowball
|
|move|p2a: flashDrive|Shadow Ball|p1a: MannequinChallenge
|-supereffective|p1a: MannequinChallenge
|-damage|p1a: MannequinChallenge|32\/324 brn
|-unboost|p1a: MannequinChallenge|spd|1
|move|p1a: MannequinChallenge|Earth Power|p2a: flashDrive
|-supereffective|p2a: flashDrive
|-damage|p2a: flashDrive|37\/271
|
|-heal|p1a: MannequinChallenge|52\/324 brn|[from] item: Leftovers
|-damage|p1a: MannequinChallenge|12\/324 brn|[from] brn
|turn|39
|choice|move earthpower|move shadowball
|
|move|p2a: flashDrive|Shadow Ball|p1a: MannequinChallenge
|-supereffective|p1a: MannequinChallenge
|-damage|p1a: MannequinChallenge|0 fnt
|faint|p1a: MannequinChallenge
|
|choice|switch 5|
|
|switch|p1a: Sneasel|Sneasel, F|202\/252
|turn|40
|choice|move poisonjab|switch 6
|
|switch|p2a: Alolalola|Alomomola, F, shiny|345\/534 tox
|-damage|p2a: Alolalola|279\/534 tox|[from] Stealth Rock
|move|p1a: Sneasel|Poison Jab|p2a: Alolalola
|-damage|p2a: Alolalola|193\/534 tox
|-damage|p1a: Sneasel|177\/252|[from] item: Life Orb
|
|-damage|p2a: Alolalola|160\/534 tox|[from] psn
|turn|41
|choice|switch 4|move wish
|
|switch|p1a: Alomomola|Alomomola, F|534\/534
|move|p2a: Alolalola|Wish|p2a: Alolalola
|
|-damage|p2a: Alolalola|94\/534 tox|[from] psn
|turn|42
|choice|move wish|move protect
|
|move|p2a: Alolalola|Protect|p2a: Alolalola
|-singleturn|p2a: Alolalola|Protect
|move|p1a: Alomomola|Wish|p1a: Alomomola
|
|-heal|p2a: Alolalola|361\/534 tox|[from] move: Wish|[wisher] Alolalola
|-damage|p2a: Alolalola|262\/534 tox|[from] psn
|turn|43
|choice|move scald|move wish
|
|move|p2a: Alolalola|Wish|p2a: Alolalola
|move|p1a: Alomomola|Scald|p2a: Alolalola
|-resisted|p2a: Alolalola
|-damage|p2a: Alolalola|222\/534 tox
|
|-damage|p2a: Alolalola|90\/534 tox|[from] psn
|turn|44
|choice|move refresh|move protect
|
|move|p2a: Alolalola|Protect|p2a: Alolalola
|-singleturn|p2a: Alolalola|Protect
|move|p1a: Alomomola|Refresh|p1a: Alomomola
|-fail|p1a: Alomomola
|
|-heal|p2a: Alolalola|357\/534 tox|[from] move: Wish|[wisher] Alolalola
|-damage|p2a: Alolalola|192\/534 tox|[from] psn
|turn|45
|choice|move toxic|move wish
|
|move|p2a: Alolalola|Wish|p2a: Alolalola
|move|p1a: Alomomola|Toxic|p2a: Alolalola
|-fail|p2a: Alolalola|tox
|
|-damage|p2a: Alolalola|0 fnt|[from] psn
|faint|p2a: Alolalola
|choice||switch 6
|
|switch|p2a: flashDrive|Jolteon, M, shiny|37\/271
|-damage|p2a: flashDrive|4\/271|[from] Stealth Rock
|turn|46
|choice|move wish|move thunderbolt
|
|move|p2a: flashDrive|Thunderbolt|p1a: Alomomola
|-supereffective|p1a: Alomomola
|-damage|p1a: Alomomola|0 fnt
|faint|p1a: Alomomola
|
|-heal|p2a: flashDrive|271\/271|[from] move: Wish|[wisher] Alolalola
|choice|switch 2|
|
|switch|p1a: Jolteon|Jolteon, M|207\/271 tox
|turn|47
|choice|move shadowball|switch 5
|
|switch|p2a: Tapu Fili|Sigilyph, M, shiny|348\/348
|move|p1a: Jolteon|Shadow Ball|p2a: Tapu Fili
|-supereffective|p2a: Tapu Fili
|-damage|p2a: Tapu Fili|150\/348
|-unboost|p2a: Tapu Fili|spd|1
|
|-damage|p1a: Jolteon|191\/271 tox|[from] psn
|-status|p2a: Tapu Fili|brn|[from] item: Flame Orb
|turn|48
|choice|move shadowball|move roost
|
|move|p1a: Jolteon|Shadow Ball|p2a: Tapu Fili
|-supereffective|p2a: Tapu Fili
|-damage|p2a: Tapu Fili|0 fnt
|faint|p2a: Tapu Fili
|
|-damage|p1a: Jolteon|159\/271 tox|[from] psn
|choice||switch 5
|
|switch|p2a: flashDrive|Jolteon, M, shiny|271\/271
|-damage|p2a: flashDrive|238\/271|[from] Stealth Rock
|turn|49
|choice|move shadowball|move signalbeam
|
|move|p2a: flashDrive|Signal Beam|p1a: Jolteon
|-damage|p1a: Jolteon|38\/271 tox
|move|p1a: Jolteon|Shadow Ball|p2a: flashDrive
|-damage|p2a: flashDrive|98\/271
|
|-damage|p1a: Jolteon|0 fnt|[from] psn
|faint|p1a: Jolteon
|choice|switch 4|
|
|switch|p1a: Sneasel|Sneasel, F|177\/252
|turn|50
|c|★Carnator|gg
|choice|move knockoff|move signalbeam
|
|move|p2a: flashDrive|Signal Beam|p1a: Sneasel
|-supereffective|p1a: Sneasel
|-damage|p1a: Sneasel|0 fnt
|faint|p1a: Sneasel
|
|win|DelphoxGrifindor
|player|p1
|player|p2
|c|★DelphoxGrifindor|gg
|l|Carnator</script>
</div>
<div class="battle-log battle-log-inline"><div class="inner"><div class="battle-options"></div><div class="inner"><div class="chat"><small>Carnator joined.</small></div><div class="chat"><small>DelphoxGrifindor joined.</small></div><div class=""><small>Format:</small> <br><strong>RU</strong></div><div class="rated"><strong>Rated battle</strong></div><div class=""><small><em>Sleep Clause Mod:</em> Limit one foe put to sleep</small></div><div class=""><small><em>Species Clause:</em> Limit one of each Pokémon</small></div><div class=""><small><em>OHKO Clause:</em> OHKO moves are banned</small></div><div class=""><small><em>Moody Clause:</em> Moody is banned</small></div><div class=""><small><em>Evasion Moves Clause:</em> Evasion moves are banned</small></div><div class=""><small><em>Endless Battle Clause:</em> Forcing endless battles is banned</small></div><div class=""><small><em>HP Percentage Mod:</em> HP is shown in percentages</small></div><div class=""><small><em>Swagger Clause:</em> Swagger is banned</small></div><div class=""><small><em>Baton Pass Clause:</em> Limit one Baton Passer, can't pass Spe and other stats simultaneously</small></div><div class="chat battle-history"><strong>Carnator's team:</strong> <em style="color:#445566;display:block;">Alomomola / Camerupt / Jolteon / Virizion / Sneasel / Claydol</em></div><div class="chat battle-history"><strong>DelphoxGrifindor's team:</strong> <em style="color:#445566;display:block;">Delphox / Alomomola / Venusaur / Banette / Sigilyph / Jolteon</em></div><div class="spacer battle-history"><br></div><div class="battle-history">Battle started between Carnator and DelphoxGrifindor!<br></div><div class="spacer battle-history"><br></div><div class="battle-history">Go! <strong>Alomomola</strong>!<br></div><div class="spacer battle-history"><br></div><div class="battle-history">DelphoxGrifindor sent out The Puppet (<strong>Banette</strong>)!<br></div><div class="spacer battle-history"><br></div><h2 class="battle-history">Turn 1</h2><div class="spacer battle-history"><br></div><div class="battle-history">DelphoxGrifindor withdrew The Puppet!<br></div><div class="battle-history">DelphoxGrifindor sent out Umbrella Straw (<strong>Venusaur</strong>)!<br></div><div class="spacer battle-history"><br></div><div class="battle-history">Alomomola used <strong>Toxic</strong>!<br></div><div class="battle-history"><small>It doesn't affect the opposing Umbrella Straw...</small><br></div><div class="spacer battle-history"><br></div><h2 class="battle-history">Turn 2</h2><div class="spacer battle-history"><br></div><div class="battle-history">The opposing Umbrella Straw used <strong>Knock Off</strong>!<br></div><div class="battle-history"><small>(Alomomola lost <abbr title="−59/534">11.0%</abbr> of its health!)</small><br></div><div class="battle-history"><small>The opposing Umbrella Straw was hurt by the Rocky Helmet!</small><br></div><div class="battle-history"><small>The opposing Umbrella Straw knocked off Alomomola's Rocky Helmet!</small><br></div><div class="spacer battle-history"><br></div><div class="battle-history">Alomomola used <strong>Wish</strong>!<br></div><div class="spacer battle-history"><br></div><div class="battle-history"><small>The opposing Umbrella Straw restored a little HP using its Leftovers!</small><br></div><div class="spacer battle-history"><br></div><h2 class="battle-history">Turn 3</h2><div class="spacer battle-history"><br></div><div class="battle-history">Alomomola, come back!<br></div><div class="battle-history">Go! <strong>Camerupt</strong>!<br></div><div class="spacer battle-history"><br></div><div class="battle-history">The opposing Umbrella Straw used <strong>Toxic</strong>!<br></div><div class="battle-history"><small>Camerupt was badly poisoned!</small><br></div><div class="spacer battle-history"><br></div><div class="battle-history"><small>The opposing Umbrella Straw restored a little HP using its Leftovers!</small><br></div><div class="battle-history"><small>Camerupt was hurt by poison!</small><br></div><div class="spacer battle-history"><br></div><h2 class="battle-history">Turn 4</h2><div class="spacer battle-history"><br></div><div class="battle-history">DelphoxGrifindor withdrew Umbrella Straw!<br></div><div class="battle-history">DelphoxGrifindor sent out Alolalola (<strong>Alomomola</strong>)!<br></div><div class="spacer battle-history"><br></div><div class="battle-history">Camerupt, come back!<br></div><div class="battle-history">Go! <strong>Jolteon</strong>!<br></div><div class="spacer battle-history"><br></div><h2 class="battle-history">Turn 5</h2><div class="spacer battle-history"><br></div><div class="battle-history">Jolteon, come back!<br></div><div class="battle-history">Go! MannequinChallenge (<strong>Claydol</strong>)!<br></div><div class="spacer battle-history"><br></div><div class="battle-history">DelphoxGrifindor withdrew Alolalola!<br></div><div class="battle-history">DelphoxGrifindor sent out flashDrive (<strong>Jolteon</strong>)!<br></div><div class="spacer battle-history"><br></div><h2 class="battle-history">Turn 6</h2><div class="spacer battle-history"><br></div><div class="battle-history">DelphoxGrifindor withdrew flashDrive!<br></div><div class="battle-history">DelphoxGrifindor sent out Alolalola (<strong>Alomomola</strong>)!<br></div><div class="spacer battle-history"><br></div><div class="battle-history">MannequinChallenge used <strong>Stealth Rock</strong>!<br></div><div class="battle-history"><small>Pointed stones float in the air around the opposing team!</small><br></div><div class="spacer battle-history"><br></div><h2 class="battle-history">Turn 7</h2><div class="spacer battle-history"><br></div><div class="battle-history">MannequinChallenge, come back!<br></div><div class="battle-history">Go! <strong>Camerupt</strong>!<br></div><div class="spacer battle-history"><br></div><div class="battle-history">The opposing Alolalola used <strong>Scald</strong>!<br></div><div class="battle-history"><small>It's super effective!</small><br></div><div class="battle-history"><small>(Camerupt lost <abbr title="−220/310">71.0%</abbr> of its health!)</small><br></div><div class="spacer battle-history"><br></div><div class="battle-history"><small>Camerupt was hurt by poison!</small><br></div><div class="spacer battle-history"><br></div><h2 class="battle-history">Turn 8</h2><div class="spacer battle-history"><br></div><div class="battle-history">Camerupt, come back!<br></div><div class="battle-history">Go! <strong>Virizion</strong>!<br></div><div class="spacer battle-history"><br></div><div class="battle-history">The opposing Alolalola used <strong>Protect</strong>!<br></div><div class="battle-history"><small>But it failed!</small><br></div><div class="spacer battle-history"><br></div><h2 class="battle-history">Turn 9</h2><div class="spacer battle-history"><br></div><div class="battle-history">DelphoxGrifindor withdrew Alolalola!<br></div><div class="battle-history">DelphoxGrifindor sent out Umbrella Straw (<strong>Venusaur</strong>)!<br></div><div class="battle-history"><small>Pointed stones dug into the opposing Umbrella Straw!</small><br></div><div class="spacer battle-history"><br></div><div class="battle-history">Virizion used <strong>Swords Dance</strong>!<br></div><div class="battle-history"><small>Virizion's Attack rose sharply!</small><br></div><div class="spacer battle-history"><br></div><div class="battle-history"><small>The opposing Umbrella Straw restored a little HP using its Leftovers!</small><br></div><div class="spacer battle-history"><br></div><h2 class="battle-history">Turn 10</h2><div class="spacer battle-history"><br></div><div class="battle-history">Virizion used <strong>Stone Edge</strong>!<br></div><div class="battle-history"><small>(The opposing Umbrella Straw lost <abbr title="−203/364">55.8%</abbr> of its health!)</small><br></div><div class="spacer battle-history"><br></div><div class="battle-history">The opposing Umbrella Straw used <strong>Toxic</strong>!<br></div><div class="battle-history"><small>Virizion was badly poisoned!</small><br></div><div class="battle-history"><small>Virizion ate its Lum Berry!</small><br></div><div class="battle-history"><small>Virizion was cured of its poisoning.</small><br></div><div class="spacer battle-history"><br></div><div class="battle-history"><small>The opposing Umbrella Straw restored a little HP using its Leftovers!</small><br></div><div class="spacer battle-history"><br></div><h2 class="battle-history">Turn 11</h2><div class="spacer battle-history"><br></div><div class="battle-history">Virizion used <strong>Swords Dance</strong>!<br></div><div class="battle-history"><small>Virizion's Attack rose sharply!</small><br></div><div class="spacer battle-history"><br></div><div class="battle-history">The opposing Umbrella Straw used <strong>Knock Off</strong>!<br></div><div class="battle-history"><small>It's not very effective...</small><br></div><div class="battle-history"><small>(Virizion lost <abbr title="−29/323">9.0%</abbr> of its health!)</small><br></div><div class="battle-history"><small>[Virizion's Justified]</small><br></div><div class="battle-history"><small>Virizion's Attack rose!</small><br></div><div class="spacer battle-history"><br></div><div class="battle-history"><small>The opposing Umbrella Straw restored a little HP using its Leftovers!</small><br></div><div class="spacer battle-history"><br></div><h2 class="battle-history">Turn 12</h2><div class="spacer battle-history"><br></div><div class="battle-history">Virizion used <strong>Stone Edge</strong>!<br></div><div class="battle-history"><small>The opposing Umbrella Straw avoided the attack!</small><br></div><div class="spacer battle-history"><br></div><div class="battle-history">The opposing Umbrella Straw used <strong>Toxic</strong>!<br></div><div class="battle-history"><small>Virizion was badly poisoned!</small><br></div><div class="spacer battle-history"><br></div><div class="battle-history"><small>The opposing Umbrella Straw restored a little HP using its Leftovers!</small><br></div><div class="battle-history"><small>Virizion was hurt by poison!</small><br></div><div class="spacer battle-history"><br></div><h2 class="battle-history">Turn 13</h2><div class="spacer battle-history"><br></div><div class="battle-history">Virizion used <strong>Stone Edge</strong>!<br></div><div class="battle-history"><small>The opposing Umbrella Straw avoided the attack!</small><br></div><div class="spacer battle-history"><br></div><div class="battle-history">The opposing Umbrella Straw used <strong>Synthesis</strong>!<br></div><div class="battle-history"><small>The opposing Umbrella Straw restored its HP.</small><br></div><div class="spacer battle-history"><br></div><div class="battle-history"><small>Virizion was hurt by poison!</small><br></div><div class="spacer battle-history"><br></div><h2 class="battle-history">Turn 14</h2><div class="spacer battle-history"><br></div><div class="battle-history">Virizion used <strong>Stone Edge</strong>!<br></div><div class="battle-history"><small>(The opposing Umbrella Straw lost <abbr title="−364/364">100%</abbr> of its health!)</small><br></div><div class="spacer battle-history"><br></div><div class="battle-history">The opposing Umbrella Straw fainted!<br></div><div class="spacer battle-history"><br></div><div class="battle-history"><small>Virizion was hurt by poison!</small><br></div><div class="spacer battle-history"><br></div><div class="battle-history">DelphoxGrifindor sent out Alolalola (<strong>Alomomola</strong>)!<br></div><div class="battle-history"><small>Pointed stones dug into the opposing Alolalola!</small><br></div><div class="spacer battle-history"><br></div><h2 class="battle-history">Turn 15</h2><div class="spacer battle-history"><br></div><div class="battle-history">The opposing Alolalola used <strong>Protect</strong>!<br></div><div class="battle-history"><small>The opposing Alolalola protected itself!</small><br></div><div class="spacer battle-history"><br></div><div class="battle-history">Virizion used <strong>Leaf Blade</strong>!<br></div><div class="battle-history"><small>The opposing Alolalola protected itself!</small><br></div><div class="spacer battle-history"><br></div><div class="battle-history"><small>The opposing Alolalola restored a little HP using its Leftovers!</small><br></div><div class="battle-history"><small>Virizion was hurt by poison!</small><br></div><div class="spacer battle-history"><br></div><h2 class="battle-history">Turn 16</h2><div class="spacer battle-history"><br></div><div class="battle-history">DelphoxGrifindor withdrew Alolalola!<br></div><div class="battle-history">DelphoxGrifindor sent out Mcgonagall (<strong>Delphox</strong>)!<br></div><div class="battle-history"><small>Pointed stones dug into the opposing Mcgonagall!</small><br></div><div class="spacer battle-history"><br></div><div class="battle-history">Virizion used <strong>Leaf Blade</strong>!<br></div><div class="battle-history"><small>It's not very effective...</small><br></div><div class="battle-history"><small>(The opposing Mcgonagall lost <abbr title="−219/291">75.3%</abbr> of its health!)</small><br></div><div class="spacer battle-history"><br></div><div class="battle-history">The opposing Mcgonagall fainted!<br></div><div class="spacer battle-history"><br></div><div class="battle-history"><small>Virizion was hurt by poison!</small><br></div><div class="spacer battle-history"><br></div><div class="battle-history">Virizion fainted!<br></div><div class="spacer battle-history"><br></div><div class="battle-history">Go! MannequinChallenge (<strong>Claydol</strong>)!<br></div><div class="spacer battle-history"><br></div><div class="battle-history">DelphoxGrifindor sent out Alolalola (<strong>Alomomola</strong>)!<br></div><div class="battle-history"><small>Pointed stones dug into the opposing Alolalola!</small><br></div><div class="spacer battle-history"><br></div><h2 class="battle-history">Turn 17</h2><div class="spacer battle-history"><br></div><div class="battle-history">MannequinChallenge used <strong>Earth Power</strong>!<br></div><div class="battle-history"><small>(The opposing Alolalola lost <abbr title="−160/534">30.0%</abbr> of its health!)</small><br></div><div class="spacer battle-history"><br></div><div class="battle-history">The opposing Alolalola used <strong>Scald</strong>!<br></div><div class="battle-history"><small>It's super effective!</small><br></div><div class="battle-history"><small>(MannequinChallenge lost <abbr title="−62/324">19.1%</abbr> of its health!)</small><br></div><div class="battle-history"><small>MannequinChallenge was burned!</small><br></div><div class="spacer battle-history"><br></div><div class="battle-history"><small>MannequinChallenge restored a little HP using its Leftovers!</small><br></div><div class="battle-history"><small>The opposing Alolalola restored a little HP using its Leftovers!</small><br></div><div class="battle-history"><small>MannequinChallenge was hurt by its burn!</small><br></div><div class="spacer battle-history"><br></div><h2 class="battle-history">Turn 18</h2><div class="spacer battle-history"><br></div><div class="battle-history">MannequinChallenge, come back!<br></div><div class="battle-history">Go! <strong>Alomomola</strong>!<br></div><div class="spacer battle-history"><br></div><div class="battle-history">The opposing Alolalola used <strong>Wish</strong>!<br></div><div class="spacer battle-history"><br></div><div class="battle-history"><small>The opposing Alolalola restored a little HP using its Leftovers!</small><br></div><div class="spacer battle-history"><br></div><h2 class="battle-history">Turn 19</h2><div class="spacer battle-history"><br></div><div class="battle-history">The opposing Alolalola used <strong>Protect</strong>!<br></div><div class="battle-history"><small>The opposing Alolalola protected itself!</small><br></div><div class="spacer battle-history"><br></div><div class="battle-history">Alomomola used <strong>Toxic</strong>!<br></div><div class="battle-history"><small>The opposing Alolalola protected itself!</small><br></div><div class="spacer battle-history"><br></div><div class="battle-history"><small>Alolalola's wish came true!</small><br></div><div class="spacer battle-history"><br></div><h2 class="battle-history">Turn 20</h2><div class="spacer battle-history"><br></div><div class="battle-history">Alomomola, come back!<br></div><div class="battle-history">Go! <strong>Sneasel</strong>!<br></div><div class="spacer battle-history"><br></div><div class="battle-history">DelphoxGrifindor withdrew Alolalola!<br></div><div class="battle-history">DelphoxGrifindor sent out The Puppet (<strong>Banette</strong>)!<br></div><div class="battle-history"><small>Pointed stones dug into the opposing The Puppet!</small><br></div><div class="spacer battle-history"><br></div><h2 class="battle-history">Turn 21</h2><div class="spacer battle-history"><br></div><div class="battle-history">DelphoxGrifindor withdrew The Puppet!<br></div><div class="battle-history">DelphoxGrifindor sent out Alolalola (<strong>Alomomola</strong>)!<br></div><div class="battle-history"><small>Pointed stones dug into the opposing Alolalola!</small><br></div><div class="spacer battle-history"><br></div><div class="battle-history">Sneasel used <strong>Knock Off</strong>!<br></div><div class="battle-history"><small>(The opposing Alolalola lost <abbr title="−173/534">32.4%</abbr> of its health!)</small><br></div><div class="battle-history"><small>Sneasel knocked off the opposing Alolalola's Leftovers!</small><br></div><div class="battle-history"><small>Sneasel lost some of its HP!</small><br></div><div class="spacer battle-history"><br></div><h2 class="battle-history">Turn 22</h2><div class="spacer battle-history"><br></div><div class="battle-history">Sneasel, come back!<br></div><div class="battle-history">Go! <strong>Jolteon</strong>!<br></div><div class="spacer battle-history"><br></div><div class="battle-history">The opposing Alolalola used <strong>Toxic</strong>!<br></div><div class="battle-history"><small>Jolteon was badly poisoned!</small><br></div><div class="spacer battle-history"><br></div><div class="battle-history"><small>Jolteon was hurt by poison!</small><br></div><div class="spacer battle-history"><br></div><h2 class="battle-history">Turn 23</h2><div class="spacer battle-history"><br></div><div class="battle-history">Jolteon, come back!<br></div><div class="battle-history">Go! <strong>Alomomola</strong>!<br></div><div class="spacer battle-history"><br></div><div class="battle-history">The opposing Alolalola used <strong>Protect</strong>!<br></div><div class="battle-history"><small>But it failed!</small><br></div><div class="spacer battle-history"><br></div><h2 class="battle-history">Turn 24</h2><div class="spacer battle-history"><br></div><div class="battle-history">DelphoxGrifindor withdrew Alolalola!<br></div><div class="battle-history">DelphoxGrifindor sent out The Puppet (<strong>Banette</strong>)!<br></div><div class="battle-history"><small>Pointed stones dug into the opposing The Puppet!</small><br></div><div class="spacer battle-history"><br></div><div class="battle-history">Alomomola used <strong>Wish</strong>!<br></div><div class="spacer battle-history"><br></div><h2 class="battle-history">Turn 25</h2><div class="spacer battle-history"><br></div><div class="battle-history">Alomomola, come back!<br></div><div class="battle-history">Go! <strong>Camerupt</strong>!<br></div><div class="spacer battle-history"><br></div><div class="battle-history"><small>The opposing The Puppet's Banettite is reacting to DelphoxGrifindor's Mega Bracelet!</small><br>The opposing The Puppet has Mega Evolved into Mega Banette!<br></div><div class="spacer battle-history"><br></div><div class="battle-history">The opposing The Puppet used <strong>Disable</strong>!<br></div><div class="battle-history"><small>But it failed!</small><br></div><div class="spacer battle-history"><br></div><div class="battle-history"><small>Alomomola's wish came true!</small><br></div><div class="battle-history"><small>Camerupt was hurt by poison!</small><br></div><div class="spacer battle-history"><br></div><h2 class="battle-history">Turn 26</h2><div class="spacer battle-history"><br></div><div class="battle-history"><small>Camerupt's Cameruptite is reacting to Carnator's Mega Bracelet!</small><br>Camerupt has Mega Evolved into Mega Camerupt!<br></div><div class="spacer battle-history"><br></div><div class="battle-history">The opposing The Puppet used <strong>Destiny Bond</strong>!<br></div><div class="battle-history">The opposing The Puppet is hoping to take its attacker down with it!<br></div><div class="spacer battle-history"><br></div><div class="battle-history">Camerupt used <strong>Hidden Power</strong>!<br></div><div class="battle-history"><small>(The opposing The Puppet lost <abbr title="−70/332">21.1%</abbr> of its health!)</small><br></div><div class="spacer battle-history"><br></div><div class="battle-history"><small>Camerupt was hurt by poison!</small><br></div><div class="spacer battle-history"><br></div><h2 class="battle-history">Turn 27</h2><div class="spacer battle-history"><br></div><div class="battle-history">The opposing The Puppet used <strong>Shadow Sneak</strong>!<br></div><div class="battle-history"><small>(Camerupt lost <abbr title="−78/310">25.2%</abbr> of its health!)</small><br></div><div class="spacer battle-history"><br></div><div class="battle-history">Camerupt used <strong>Overheat</strong>!<br></div><div class="battle-history"><small>(The opposing The Puppet lost <abbr title="−180/332">54.2%</abbr> of its health!)</small><br></div><div class="battle-history"><small>Camerupt's Special Attack fell harshly!</small><br></div><div class="spacer battle-history"><br></div><div class="battle-history">The opposing The Puppet fainted!<br></div><div class="spacer battle-history"><br></div><div class="battle-history"><small>Camerupt was hurt by poison!</small><br></div><div class="spacer battle-history"><br></div><div class="battle-history">DelphoxGrifindor sent out Alolalola (<strong>Alomomola</strong>)!<br></div><div class="battle-history"><small>Pointed stones dug into the opposing Alolalola!</small><br></div><div class="spacer battle-history"><br></div><h2 class="battle-history">Turn 28</h2><div class="spacer battle-history"><br></div><div class="battle-history">Camerupt, come back!<br></div><div class="battle-history">Go! <strong>Alomomola</strong>!<br></div><div class="spacer battle-history"><br></div><div class="battle-history">The opposing Alolalola used <strong>Scald</strong>!<br></div><div class="battle-history"><small>It's not very effective...</small><br></div><div class="battle-history"><small>(Alomomola lost <abbr title="−38/534">7.1%</abbr> of its health!)</small><br></div><div class="spacer battle-history"><br></div><h2 class="battle-history">Turn 29</h2><div class="spacer battle-history"><br></div><div class="battle-history">Alomomola used <strong>Toxic</strong>!<br></div><div class="battle-history"><small>The opposing Alolalola was badly poisoned!</small><br></div><div class="spacer battle-history"><br></div><div class="battle-history">The opposing Alolalola used <strong>Toxic</strong>!<br></div><div class="battle-history"><small>Alomomola was badly poisoned!</small><br></div><div class="spacer battle-history"><br></div><div class="battle-history"><small>Alomomola was hurt by poison!</small><br></div><div class="battle-history"><small>The opposing Alolalola was hurt by poison!</small><br></div><div class="spacer battle-history"><br></div><h2 class="battle-history">Turn 30</h2><div class="spacer battle-history"><br></div><div class="battle-history">The opposing Alolalola used <strong>Wish</strong>!<br></div><div class="spacer battle-history"><br></div><div class="battle-history">Alomomola used <strong>Refresh</strong>!<br></div><div class="battle-history"><small>Alomomola was cured of its poisoning.</small><br></div><div class="spacer battle-history"><br></div><div class="battle-history"><small>The opposing Alolalola was hurt by poison!</small><br></div><div class="spacer battle-history"><br></div><h2 class="battle-history">Turn 31</h2><div class="spacer battle-history"><br></div><div class="battle-history">Alomomola used <strong>Wish</strong>!<br></div><div class="spacer battle-history"><br></div><div class="battle-history">The opposing Alolalola used <strong>Toxic</strong>!<br></div><div class="battle-history"><small>Alomomola was badly poisoned!</small><br></div><div class="spacer battle-history"><br></div><div class="battle-history"><small>Alolalola's wish came true!</small><br></div><div class="battle-history"><small>The opposing Alolalola was hurt by poison!</small><br></div><div class="battle-history"><small>Alomomola was hurt by poison!</small><br></div><div class="spacer battle-history"><br></div><h2 class="battle-history">Turn 32</h2><div class="spacer battle-history"><br></div><div class="battle-history">DelphoxGrifindor withdrew Alolalola!<br></div><div class="battle-history">DelphoxGrifindor sent out flashDrive (<strong>Jolteon</strong>)!<br></div><div class="battle-history"><small>Pointed stones dug into the opposing flashDrive!</small><br></div><div class="spacer battle-history"><br></div><div class="battle-history">Alomomola used <strong>Refresh</strong>!<br></div><div class="battle-history"><small>Alomomola was cured of its poisoning.</small><br></div><div class="spacer battle-history"><br></div><div class="battle-history"><small>Alomomola's wish came true!</small><br></div><div class="spacer battle-history"><br></div><h2 class="battle-history">Turn 33</h2><div class="spacer battle-history"><br></div><div class="battle-history">Alomomola, come back!<br></div><div class="battle-history">Go! Camerupt (<strong>Camerupt-Mega</strong>)!<br></div><div class="spacer battle-history"><br></div><div class="battle-history">The opposing flashDrive used <strong>Shadow Ball</strong>!<br></div><div class="battle-history"><small>(Camerupt lost <abbr title="−110/310">35.5%</abbr> of its health!)</small><br></div><div class="spacer battle-history"><br></div><div class="battle-history"><small>Camerupt was hurt by poison!</small><br></div><div class="spacer battle-history"><br></div><div class="battle-history">Camerupt fainted!<br></div><div class="spacer battle-history"><br></div><div class="battle-history">Go! <strong>Sneasel</strong>!<br></div><div class="spacer battle-history"><br></div><h2 class="battle-history">Turn 34</h2><div class="spacer battle-history"><br></div><div class="battle-history">DelphoxGrifindor withdrew flashDrive!<br></div><div class="battle-history">DelphoxGrifindor sent out Alolalola (<strong>Alomomola</strong>)!<br></div><div class="battle-history"><small>Pointed stones dug into the opposing Alolalola!</small><br></div><div class="spacer battle-history"><br></div><div class="battle-history">Sneasel used <strong>Knock Off</strong>!<br></div><div class="battle-history"><small>(The opposing Alolalola lost <abbr title="−103/534">19.3%</abbr> of its health!)</small><br></div><div class="battle-history"><small>Sneasel lost some of its HP!</small><br></div><div class="spacer battle-history"><br></div><div class="battle-history"><small>The opposing Alolalola was hurt by poison!</small><br></div><div class="spacer battle-history"><br></div><h2 class="battle-history">Turn 35</h2><div class="spacer battle-history"><br></div><div class="battle-history">Sneasel, come back!<br></div><div class="battle-history">Go! <strong>Jolteon</strong>!<br></div><div class="spacer battle-history"><br></div><div class="battle-history">The opposing Alolalola used <strong>Toxic</strong>!<br></div><div class="battle-history"><small>Jolteon avoided the attack!</small><br></div><div class="spacer battle-history"><br></div><div class="battle-history"><small>Jolteon was hurt by poison!</small><br></div><div class="battle-history"><small>The opposing Alolalola was hurt by poison!</small><br></div><div class="spacer battle-history"><br></div><h2 class="battle-history">Turn 36</h2><div class="spacer battle-history"><br></div><div class="battle-history">The opposing Alolalola used <strong>Protect</strong>!<br></div><div class="battle-history"><small>The opposing Alolalola protected itself!</small><br></div><div class="spacer battle-history"><br></div><div class="battle-history">Jolteon used <strong>Thunderbolt</strong>!<br></div><div class="battle-history"><small>The opposing Alolalola protected itself!</small><br></div><div class="spacer battle-history"><br></div><div class="battle-history"><small>Jolteon was hurt by poison!</small><br></div><div class="battle-history"><small>The opposing Alolalola was hurt by poison!</small><br></div><div class="spacer battle-history"><br></div><h2 class="battle-history">Turn 37</h2><div class="spacer battle-history"><br></div><div class="battle-history">Jolteon, come back!<br></div><div class="battle-history">Go! MannequinChallenge (<strong>Claydol</strong>)!<br></div><div class="spacer battle-history"><br></div><div class="battle-history">DelphoxGrifindor withdrew Alolalola!<br></div><div class="battle-history">DelphoxGrifindor sent out flashDrive (<strong>Jolteon</strong>)!<br></div><div class="battle-history"><small>Pointed stones dug into the opposing flashDrive!</small><br></div><div class="spacer battle-history"><br></div><div class="battle-history"><small>MannequinChallenge restored a little HP using its Leftovers!</small><br></div><div class="battle-history"><small>MannequinChallenge was hurt by its burn!</small><br></div><div class="spacer battle-history"><br></div><h2 class="battle-history">Turn 38</h2><div class="spacer battle-history"><br></div><div class="battle-history">The opposing flashDrive used <strong>Shadow Ball</strong>!<br></div><div class="battle-history"><small>It's super effective!</small><br></div><div class="battle-history"><small>(MannequinChallenge lost <abbr title="−190/324">58.6%</abbr> of its health!)</small><br></div><div class="battle-history"><small>MannequinChallenge's Special Defense fell!</small><br></div><div class="spacer battle-history"><br></div><div class="battle-history">MannequinChallenge used <strong>Earth Power</strong>!<br></div><div class="battle-history"><small>It's super effective!</small><br></div><div class="battle-history"><small>(The opposing flashDrive lost <abbr title="−168/271">62.0%</abbr> of its health!)</small><br></div><div class="spacer battle-history"><br></div><div class="battle-history"><small>MannequinChallenge restored a little HP using its Leftovers!</small><br></div><div class="battle-history"><small>MannequinChallenge was hurt by its burn!</small><br></div><div class="spacer battle-history"><br></div><h2 class="battle-history">Turn 39</h2><div class="spacer battle-history"><br></div><div class="battle-history">The opposing flashDrive used <strong>Shadow Ball</strong>!<br></div><div class="battle-history"><small>It's super effective!</small><br></div><div class="battle-history"><small>(MannequinChallenge lost <abbr title="−12/324">3.7%</abbr> of its health!)</small><br></div><div class="spacer battle-history"><br></div><div class="battle-history">MannequinChallenge fainted!<br></div><div class="spacer battle-history"><br></div><div class="battle-history">Go! <strong>Sneasel</strong>!<br></div><div class="spacer battle-history"><br></div><h2 class="battle-history">Turn 40</h2><div class="spacer battle-history"><br></div><div class="battle-history">DelphoxGrifindor withdrew flashDrive!<br></div><div class="battle-history">DelphoxGrifindor sent out Alolalola (<strong>Alomomola</strong>)!<br></div><div class="battle-history"><small>Pointed stones dug into the opposing Alolalola!</small><br></div><div class="spacer battle-history"><br></div><div class="battle-history">Sneasel used <strong>Poison Jab</strong>!<br></div><div class="battle-history"><small>(The opposing Alolalola lost <abbr title="−86/534">16.1%</abbr> of its health!)</small><br></div><div class="battle-history"><small>Sneasel lost some of its HP!</small><br></div><div class="spacer battle-history"><br></div><div class="battle-history"><small>The opposing Alolalola was hurt by poison!</small><br></div><div class="spacer battle-history"><br></div><h2 class="battle-history">Turn 41</h2><div class="spacer battle-history"><br></div><div class="battle-history">Sneasel, come back!<br></div><div class="battle-history">Go! <strong>Alomomola</strong>!<br></div><div class="spacer battle-history"><br></div><div class="battle-history">The opposing Alolalola used <strong>Wish</strong>!<br></div><div class="spacer battle-history"><br></div><div class="battle-history"><small>The opposing Alolalola was hurt by poison!</small><br></div><div class="spacer battle-history"><br></div><h2 class="battle-history">Turn 42</h2><div class="spacer battle-history"><br></div><div class="battle-history">The opposing Alolalola used <strong>Protect</strong>!<br></div><div class="battle-history"><small>The opposing Alolalola protected itself!</small><br></div><div class="spacer battle-history"><br></div><div class="battle-history">Alomomola used <strong>Wish</strong>!<br></div><div class="spacer battle-history"><br></div><div class="battle-history"><small>Alolalola's wish came true!</small><br></div><div class="battle-history"><small>The opposing Alolalola was hurt by poison!</small><br></div><div class="spacer battle-history"><br></div><h2 class="battle-history">Turn 43</h2><div class="spacer battle-history"><br></div><div class="battle-history">The opposing Alolalola used <strong>Wish</strong>!<br></div><div class="spacer battle-history"><br></div><div class="battle-history">Alomomola used <strong>Scald</strong>!<br></div><div class="battle-history"><small>It's not very effective...</small><br></div><div class="battle-history"><small>(The opposing Alolalola lost <abbr title="−40/534">7.5%</abbr> of its health!)</small><br></div><div class="spacer battle-history"><br></div><div class="battle-history"><small>The opposing Alolalola was hurt by poison!</small><br></div><div class="spacer battle-history"><br></div><h2 class="battle-history">Turn 44</h2><div class="spacer battle-history"><br></div><div class="battle-history">The opposing Alolalola used <strong>Protect</strong>!<br></div><div class="battle-history"><small>The opposing Alolalola protected itself!</small><br></div><div class="spacer battle-history"><br></div><div class="battle-history">Alomomola used <strong>Refresh</strong>!<br></div><div class="battle-history"><small>But it failed!</small><br></div><div class="spacer battle-history"><br></div><div class="battle-history"><small>Alolalola's wish came true!</small><br></div><div class="battle-history"><small>The opposing Alolalola was hurt by poison!</small><br></div><div class="spacer battle-history"><br></div><h2 class="battle-history">Turn 45</h2><div class="spacer battle-history"><br></div><div class="battle-history">The opposing Alolalola used <strong>Wish</strong>!<br></div><div class="spacer battle-history"><br></div><div class="battle-history">Alomomola used <strong>Toxic</strong>!<br></div><div class="battle-history"><small>But it failed!</small><br></div><div class="spacer battle-history"><br></div><div class="battle-history"><small>The opposing Alolalola was hurt by poison!</small><br></div><div class="spacer battle-history"><br></div><div class="battle-history">The opposing Alolalola fainted!<br></div><div class="spacer battle-history"><br></div><div class="battle-history">DelphoxGrifindor sent out flashDrive (<strong>Jolteon</strong>)!<br></div><div class="battle-history"><small>Pointed stones dug into the opposing flashDrive!</small><br></div><div class="spacer battle-history"><br></div><h2 class="battle-history">Turn 46</h2><div class="spacer battle-history"><br></div><div class="battle-history">The opposing flashDrive used <strong>Thunderbolt</strong>!<br></div><div class="battle-history"><small>It's super effective!</small><br></div><div class="battle-history"><small>(Alomomola lost <abbr title="−534/534">100%</abbr> of its health!)</small><br></div><div class="spacer battle-history"><br></div><div class="battle-history">Alomomola fainted!<br></div><div class="spacer battle-history"><br></div><div class="battle-history"><small>Alolalola's wish came true!</small><br></div><div class="spacer battle-history"><br></div><div class="battle-history">Go! <strong>Jolteon</strong>!<br></div><div class="spacer battle-history"><br></div><h2 class="battle-history">Turn 47</h2><div class="spacer battle-history"><br></div><div class="battle-history">DelphoxGrifindor withdrew flashDrive!<br></div><div class="battle-history">DelphoxGrifindor sent out Tapu Fili (<strong>Sigilyph</strong>)!<br></div><div class="spacer battle-history"><br></div><div class="battle-history">Jolteon used <strong>Shadow Ball</strong>!<br></div><div class="battle-history"><small>It's super effective!</small><br></div><div class="battle-history"><small>(The opposing Tapu Fili lost <abbr title="−198/348">56.9%</abbr> of its health!)</small><br></div><div class="battle-history"><small>The opposing Tapu Fili's Special Defense fell!</small><br></div><div class="spacer battle-history"><br></div><div class="battle-history"><small>Jolteon was hurt by poison!</small><br></div><div class="battle-history"><small>The opposing Tapu Fili was burned!</small><br></div><div class="spacer battle-history"><br></div><h2 class="battle-history">Turn 48</h2><div class="spacer battle-history"><br></div><div class="battle-history">Jolteon used <strong>Shadow Ball</strong>!<br></div><div class="battle-history"><small>It's super effective!</small><br></div><div class="battle-history"><small>(The opposing Tapu Fili lost <abbr title="−150/348">43.1%</abbr> of its health!)</small><br></div><div class="spacer battle-history"><br></div><div class="battle-history">The opposing Tapu Fili fainted!<br></div><div class="spacer battle-history"><br></div><div class="battle-history"><small>Jolteon was hurt by poison!</small><br></div><div class="spacer battle-history"><br></div><div class="battle-history">DelphoxGrifindor sent out flashDrive (<strong>Jolteon</strong>)!<br></div><div class="battle-history"><small>Pointed stones dug into the opposing flashDrive!</small><br></div><div class="spacer battle-history"><br></div><h2 class="battle-history">Turn 49</h2><div class="spacer battle-history"><br></div><div class="battle-history">The opposing flashDrive used <strong>Signal Beam</strong>!<br></div><div class="battle-history"><small>(Jolteon lost <abbr title="−121/271">44.6%</abbr> of its health!)</small><br></div><div class="spacer battle-history"><br></div><div class="battle-history">Jolteon used <strong>Shadow Ball</strong>!<br></div><div class="battle-history"><small>(The opposing flashDrive lost <abbr title="−140/271">51.7%</abbr> of its health!)</small><br></div><div class="spacer battle-history"><br></div><div class="battle-history"><small>Jolteon was hurt by poison!</small><br></div><div class="spacer battle-history"><br></div><div class="battle-history">Jolteon fainted!<br></div><div class="spacer battle-history"><br></div><div class="battle-history">Go! <strong>Sneasel</strong>!<br></div><div class="spacer battle-history"><br></div><h2 class="battle-history">Turn 50</h2><div class="chat chatmessage-carnator"><strong style="color:hsl(99,80%,33%)"><small>★</small><span class="username" data-name="Carnator">Carnator</span>:</strong> <em>gg</em></div><div class="spacer battle-history"><br></div><div class="battle-history">The opposing flashDrive used <strong>Signal Beam</strong>!<br></div><div class="battle-history"><small>It's super effective!</small><br></div><div class="battle-history"><small>(Sneasel lost <abbr title="−177/252">70.2%</abbr> of its health!)</small><br></div><div class="spacer battle-history"><br></div><div class="battle-history">Sneasel fainted!<br></div><div class="spacer battle-history"><br></div><div class="battle-history"><strong>DelphoxGrifindor</strong> won the battle!<br></div><div class="chat chatmessage-delphoxgrifindor"><strong style="color:hsl(121,89%,31.297632022515753%)"><small>★</small><span class="username" data-name="DelphoxGrifindor">DelphoxGrifindor</span>:</strong> <em>gg</em></div><div class="chat"><small>Carnator left.</small></div></div><div class="inner-preempt"></div></div></div>
</div>
<script>
let daily = Math.floor(Date.now()/1000/60/60/24);document.write('<script src="https://play.pokemonshowdown.com/js/replay-embed.js?version'+daily+'"></'+'script>');
</script>
