<!DOCTYPE html>
<meta charset="utf-8" />
<!-- version 1 -->
<title>RU replay: ChillShadow vs. Imai Nobume</title>
<style>
html,body {font-family:Verdana, sans-serif;font-size:10pt;margin:0;padding:0;}body{padding:12px 0;} .battle-log {font-family:Verdana, sans-serif;font-size:10pt;} .battle-log-inline {border:1px solid #AAAAAA;background:#EEF2F5;color:black;max-width:640px;margin:0 auto 80px;padding-bottom:5px;} .battle-log .inner {padding:4px 8px 0px 8px;} .battle-log .inner-preempt {padding:0 8px 4px 8px;} .battle-log .inner-after {margin-top:0.5em;} .battle-log h2 {margin:0.5em -8px;padding:4px 8px;border:1px solid #AAAAAA;background:#E0E7EA;border-left:0;border-right:0;font-family:Verdana, sans-serif;font-size:13pt;} .battle-log .chat {vertical-align:middle;padding:3px 0 3px 0;font-size:8pt;} .battle-log .chat strong {color:#40576A;} .battle-log .chat em {padding:1px 4px 1px 3px;color:#000000;font-style:normal;} .chat.mine {background:rgba(0,0,0,0.05);margin-left:-8px;margin-right:-8px;padding-left:8px;padding-right:8px;} .spoiler {color:#BBBBBB;background:#BBBBBB;padding:0px 3px;} .spoiler:hover, .spoiler:active, .spoiler-shown {color:#000000;background:#E2E2E2;padding:0px 3px;} .spoiler a {color:#BBBBBB;} .spoiler:hover a, .spoiler:active a, .spoiler-shown a {color:#2288CC;} .chat code, .chat .spoiler:hover code, .chat .spoiler:active code, .chat .spoiler-shown code {border:1px solid #C0C0C0;background:#EEEEEE;color:black;padding:0 2px;} .chat .spoiler code {border:1px solid #CCCCCC;background:#CCCCCC;color:#CCCCCC;} .battle-log .rated {padding:3px 4px;} .battle-log .rated strong {color:white;background:#89A;padding:1px 4px;border-radius:4px;} .spacer {margin-top:0.5em;} .message-announce {background:#6688AA;color:white;padding:1px 4px 2px;} .message-announce a, .broadcast-green a, .broadcast-blue a, .broadcast-red a {color:#DDEEFF;} .broadcast-green {background-color:#559955;color:white;padding:2px 4px;} .broadcast-blue {background-color:#6688AA;color:white;padding:2px 4px;} .infobox {border:1px solid #6688AA;padding:2px 4px;} .infobox-limited {max-height:200px;overflow:auto;overflow-x:hidden;} .broadcast-red {background-color:#AA5544;color:white;padding:2px 4px;} .message-learn-canlearn {font-weight:bold;color:#228822;text-decoration:underline;} .message-learn-cannotlearn {font-weight:bold;color:#CC2222;text-decoration:underline;} .message-effect-weak {font-weight:bold;color:#CC2222;} .message-effect-resist {font-weight:bold;color:#6688AA;} .message-effect-immune {font-weight:bold;color:#666666;} .message-learn-list {margin-top:0;margin-bottom:0;} .message-throttle-notice, .message-error {color:#992222;} .message-overflow, .chat small.message-overflow {font-size:0pt;} .message-overflow::before {font-size:9pt;content:'...';} .subtle {color:#3A4A66;}
</style>
<div class="wrapper replay-wrapper" style="max-width:1180px;margin:0 auto">
<input type="hidden" name="replayid" value="smogtours-ru-221546" />
<div class="battle"></div><div class="battle-log"></div><div class="replay-controls"></div><div class="replay-controls-2"></div>
<h1 style="font-weight:normal;text-align:center"><strong>RU</strong><br /><a href="http://pokemonshowdown.com/users/chillshadow" class="subtle" target="_blank">ChillShadow</a> vs. <a href="http://pokemonshowdown.com/users/imainobume" class="subtle" target="_blank">Imai Nobume</a></h1>
<script type="text/plain" class="battle-log-data">|J|ChillShadow
|J|Imai Nobume
|player|p1|ChillShadow|153
|player|p2|Imai Nobume|#sylielyyneheym
|gametype|singles
|gen|6
|tier|RU
|seed|15626,52290,27047,33391
|rule|Sleep Clause Mod: Limit one foe put to sleep
|rule|Species Clause: Limit one of each Pokémon
|rule|OHKO Clause: OHKO moves are banned
|rule|Moody Clause: Moody is banned
|rule|Evasion Moves Clause: Evasion moves are banned
|rule|Endless Battle Clause: Forcing endless battles is banned
|rule|HP Percentage Mod: HP is shown in percentages
|clearpoke
|poke|p1|Muk, F|item
|poke|p1|Spiritomb, M|item
|poke|p1|Aromatisse, M|item
|poke|p1|Quagsire, M|item
|poke|p1|Bronzong|item
|poke|p1|Flygon, F|item
|poke|p2|Drapion, F, shiny|item
|poke|p2|Flygon, F|item
|poke|p2|Lanturn, F|item
|poke|p2|Alomomola, F|item
|poke|p2|Granbull, F|item
|poke|p2|Registeel|item
|rule|Swagger Clause: Swagger is banned
|rule|Baton Pass Clause: Limit one Baton Passer, can't pass Spe and other stats simultaneously
|teampreview
|c|★ChillShadow|hf
|J|hairy toenail
|J|marrano
|J|Foggi キング
|choice|team 6, team 2, team 3, team 4, team 5, team 1|team 6, team 2, team 3, team 4, team 5, team 1
|
|start
|switch|p1a: bop defogged|Flygon, F|301\/301
|switch|p2a: Snow White|Registeel|364\/364
|turn|1
|L|Foggi キング
|choice|move uturn|move toxic
|
|move|p1a: bop defogged|U-turn|p2a: Snow White
|-resisted|p2a: Snow White
|-damage|p2a: Snow White|341\/364
|choice|switch 6|
|
|switch|p1a: bop muk|Muk, F|404\/404
|move|p2a: Snow White|Toxic|p1a: bop muk
|-immune|p1a: bop muk|[msg]
|
|-heal|p2a: Snow White|363\/364|[from] item: Leftovers
|turn|2
|choice|move substitute|move stealthrock
|
|move|p1a: bop muk|Substitute|p1a: bop muk
|-start|p1a: bop muk|Substitute
|-damage|p1a: bop muk|303\/404
|move|p2a: Snow White|Stealth Rock|p1a: bop muk
|-sidestart|p1: ChillShadow|move: Stealth Rock
|
|-heal|p1a: bop muk|328\/404|[from] item: Leftovers
|-heal|p2a: Snow White|364\/364|[from] item: Leftovers
|turn|3
|choice|move focuspunch|move protect
|
|-singleturn|p1a: bop muk|move: Focus Punch
|move|p2a: Snow White|Protect|p2a: Snow White
|-singleturn|p2a: Snow White|Protect
|move|p1a: bop muk|Focus Punch|p2a: Snow White
|-activate|p2a: Snow White|move: Protect
|
|-heal|p1a: bop muk|353\/404|[from] item: Leftovers
|turn|4
|choice|move focuspunch|switch 4
|
|-singleturn|p1a: bop muk|move: Focus Punch
|switch|p2a: Distant Blue|Alomomola, F|497\/497
|move|p1a: bop muk|Focus Punch|p2a: Distant Blue
|-damage|p2a: Distant Blue|372\/497
|
|-heal|p1a: bop muk|378\/404|[from] item: Leftovers
|-heal|p2a: Distant Blue|403\/497|[from] item: Leftovers
|turn|5
|choice|move poisonjab|move protect
|
|move|p2a: Distant Blue|Protect|p2a: Distant Blue
|-singleturn|p2a: Distant Blue|Protect
|move|p1a: bop muk|Poison Jab|p2a: Distant Blue
|-activate|p2a: Distant Blue|move: Protect
|
|-heal|p1a: bop muk|403\/404|[from] item: Leftovers
|-heal|p2a: Distant Blue|434\/497|[from] item: Leftovers
|turn|6
|J|Literal Sentinel
|choice|move poisonjab|move wish
|
|move|p1a: bop muk|Poison Jab|p2a: Distant Blue
|-damage|p2a: Distant Blue|331\/497
|move|p2a: Distant Blue|Wish|p2a: Distant Blue
|
|-heal|p1a: bop muk|404\/404|[from] item: Leftovers
|-heal|p2a: Distant Blue|362\/497|[from] item: Leftovers
|turn|7
|choice|move poisonjab|switch 4
|
|switch|p2a: Snow White|Registeel|364\/364
|move|p1a: bop muk|Poison Jab|p2a: Snow White
|-immune|p2a: Snow White|[msg]
|
|turn|8
|choice|move focuspunch|move protect
|
|-singleturn|p1a: bop muk|move: Focus Punch
|move|p2a: Snow White|Protect|p2a: Snow White
|-singleturn|p2a: Snow White|Protect
|move|p1a: bop muk|Focus Punch|p2a: Snow White
|-activate|p2a: Snow White|move: Protect
|
|turn|9
|choice|move focuspunch|switch 4
|
|-singleturn|p1a: bop muk|move: Focus Punch
|switch|p2a: Distant Blue|Alomomola, F|497\/497
|move|p1a: bop muk|Focus Punch|p2a: Distant Blue
|-damage|p2a: Distant Blue|361\/497
|
|-heal|p2a: Distant Blue|392\/497|[from] item: Leftovers
|turn|10
|choice|move poisonjab|move protect
|
|move|p2a: Distant Blue|Protect|p2a: Distant Blue
|-singleturn|p2a: Distant Blue|Protect
|move|p1a: bop muk|Poison Jab|p2a: Distant Blue
|-activate|p2a: Distant Blue|move: Protect
|
|-heal|p2a: Distant Blue|423\/497|[from] item: Leftovers
|turn|11
|choice|move poisonjab|switch 4
|
|switch|p2a: Snow White|Registeel|364\/364
|move|p1a: bop muk|Poison Jab|p2a: Snow White
|-immune|p2a: Snow White|[msg]
|
|turn|12
|choice|move poisonjab|switch 4
|
|switch|p2a: Distant Blue|Alomomola, F|497\/497
|move|p1a: bop muk|Poison Jab|p2a: Distant Blue
|-damage|p2a: Distant Blue|392\/497
|
|-heal|p2a: Distant Blue|423\/497|[from] item: Leftovers
|turn|13
|choice|move poisonjab|move scald
|
|move|p1a: bop muk|Poison Jab|p2a: Distant Blue
|-damage|p2a: Distant Blue|311\/497
|move|p2a: Distant Blue|Scald|p1a: bop muk
|-activate|p1a: bop muk|move: Substitute|[damage]
|
|-heal|p2a: Distant Blue|342\/497|[from] item: Leftovers
|turn|14
|J|Santu18☯_☯
|choice|move poisonjab|move protect
|
|move|p2a: Distant Blue|Protect|p2a: Distant Blue
|-singleturn|p2a: Distant Blue|Protect
|move|p1a: bop muk|Poison Jab|p2a: Distant Blue
|-activate|p2a: Distant Blue|move: Protect
|
|-heal|p2a: Distant Blue|373\/497|[from] item: Leftovers
|turn|15
|choice|move poisonjab|switch 4
|
|switch|p2a: Snow White|Registeel|364\/364
|move|p1a: bop muk|Poison Jab|p2a: Snow White
|-immune|p2a: Snow White|[msg]
|
|turn|16
|choice|move focuspunch|move protect
|
|-singleturn|p1a: bop muk|move: Focus Punch
|move|p2a: Snow White|Protect|p2a: Snow White
|-singleturn|p2a: Snow White|Protect
|move|p1a: bop muk|Focus Punch|p2a: Snow White
|-activate|p2a: Snow White|move: Protect
|
|turn|17
|choice|move focuspunch|switch 4
|
|-singleturn|p1a: bop muk|move: Focus Punch
|switch|p2a: Distant Blue|Alomomola, F|497\/497
|move|p1a: bop muk|Focus Punch|p2a: Distant Blue
|-damage|p2a: Distant Blue|365\/497
|
|-heal|p2a: Distant Blue|396\/497|[from] item: Leftovers
|turn|18
|choice|move poisonjab|move wish
|
|move|p1a: bop muk|Poison Jab|p2a: Distant Blue
|-damage|p2a: Distant Blue|288\/497
|-status|p2a: Distant Blue|psn
|move|p2a: Distant Blue|Wish|p2a: Distant Blue
|
|-heal|p2a: Distant Blue|319\/497 psn|[from] item: Leftovers
|-damage|p2a: Distant Blue|257\/497 psn|[from] psn
|turn|19
|choice|move focuspunch|move scald
|
|-singleturn|p1a: bop muk|move: Focus Punch
|move|p2a: Distant Blue|Scald|p1a: bop muk
|-activate|p1a: bop muk|move: Substitute|[damage]
|move|p1a: bop muk|Focus Punch|p2a: Distant Blue
|-damage|p2a: Distant Blue|124\/497 psn
|
|-heal|p2a: Distant Blue|372\/497 psn|[from] move: Wish|[wisher] Distant Blue
|-heal|p2a: Distant Blue|403\/497 psn|[from] item: Leftovers
|-damage|p2a: Distant Blue|341\/497 psn|[from] psn
|turn|20
|choice|move focuspunch|move wish
|
|-singleturn|p1a: bop muk|move: Focus Punch
|move|p2a: Distant Blue|Wish|p2a: Distant Blue
|move|p1a: bop muk|Focus Punch|p2a: Distant Blue
|-damage|p2a: Distant Blue|212\/497 psn
|
|-heal|p2a: Distant Blue|243\/497 psn|[from] item: Leftovers
|-damage|p2a: Distant Blue|181\/497 psn|[from] psn
|turn|21
|choice|move poisonjab|move protect
|
|move|p2a: Distant Blue|Protect|p2a: Distant Blue
|-singleturn|p2a: Distant Blue|Protect
|move|p1a: bop muk|Poison Jab|p2a: Distant Blue
|-activate|p2a: Distant Blue|move: Protect
|
|-heal|p2a: Distant Blue|429\/497 psn|[from] move: Wish|[wisher] Distant Blue
|-heal|p2a: Distant Blue|460\/497 psn|[from] item: Leftovers
|-damage|p2a: Distant Blue|398\/497 psn|[from] psn
|turn|22
|choice|move poisonjab|move scald
|
|move|p1a: bop muk|Poison Jab|p2a: Distant Blue
|-damage|p2a: Distant Blue|290\/497 psn
|move|p2a: Distant Blue|Scald|p1a: bop muk
|-end|p1a: bop muk|Substitute
|
|-heal|p2a: Distant Blue|321\/497 psn|[from] item: Leftovers
|-damage|p2a: Distant Blue|259\/497 psn|[from] psn
|turn|23
|choice|move substitute|switch 4
|
|switch|p2a: Snow White|Registeel|364\/364
|move|p1a: bop muk|Substitute|p1a: bop muk
|-start|p1a: bop muk|Substitute
|-damage|p1a: bop muk|303\/404
|
|-heal|p1a: bop muk|328\/404|[from] item: Leftovers
|turn|24
|choice|move focuspunch|move protect
|
|-singleturn|p1a: bop muk|move: Focus Punch
|move|p2a: Snow White|Protect|p2a: Snow White
|-singleturn|p2a: Snow White|Protect
|move|p1a: bop muk|Focus Punch|p2a: Snow White
|-activate|p2a: Snow White|move: Protect
|
|-heal|p1a: bop muk|353\/404|[from] item: Leftovers
|turn|25
|choice|move focuspunch|switch 4
|
|-singleturn|p1a: bop muk|move: Focus Punch
|switch|p2a: Distant Blue|Alomomola, F|424\/497 psn
|move|p1a: bop muk|Focus Punch|p2a: Distant Blue
|-damage|p2a: Distant Blue|293\/497 psn
|
|-heal|p1a: bop muk|378\/404|[from] item: Leftovers
|-heal|p2a: Distant Blue|324\/497 psn|[from] item: Leftovers
|-damage|p2a: Distant Blue|262\/497 psn|[from] psn
|turn|26
|choice|move poisonjab|move wish
|
|move|p1a: bop muk|Poison Jab|p2a: Distant Blue
|-damage|p2a: Distant Blue|151\/497 psn
|move|p2a: Distant Blue|Wish|p2a: Distant Blue
|
|-heal|p1a: bop muk|403\/404|[from] item: Leftovers
|-heal|p2a: Distant Blue|182\/497 psn|[from] item: Leftovers
|-damage|p2a: Distant Blue|120\/497 psn|[from] psn
|turn|27
|choice|move poisonjab|move protect
|
|move|p2a: Distant Blue|Protect|p2a: Distant Blue
|-singleturn|p2a: Distant Blue|Protect
|move|p1a: bop muk|Poison Jab|p2a: Distant Blue
|-activate|p2a: Distant Blue|move: Protect
|
|-heal|p2a: Distant Blue|368\/497 psn|[from] move: Wish|[wisher] Distant Blue
|-heal|p1a: bop muk|404\/404|[from] item: Leftovers
|-heal|p2a: Distant Blue|399\/497 psn|[from] item: Leftovers
|-damage|p2a: Distant Blue|337\/497 psn|[from] psn
|turn|28
|choice|move focuspunch|move wish
|
|-singleturn|p1a: bop muk|move: Focus Punch
|move|p2a: Distant Blue|Wish|p2a: Distant Blue
|move|p1a: bop muk|Focus Punch|p2a: Distant Blue
|-damage|p2a: Distant Blue|213\/497 psn
|
|-heal|p2a: Distant Blue|244\/497 psn|[from] item: Leftovers
|-damage|p2a: Distant Blue|182\/497 psn|[from] psn
|turn|29
|choice|switch 5|switch 4
|
|switch|p1a: bop rocks|Bronzong|338\/338
|-damage|p1a: bop rocks|317\/338|[from] Stealth Rock
|switch|p2a: Snow White|Registeel|364\/364
|
|-heal|p1a: bop rocks|338\/338|[from] item: Leftovers
|turn|30
|choice|move stealthrock|move seismictoss
|
|move|p2a: Snow White|Seismic Toss|p1a: bop rocks
|-damage|p1a: bop rocks|238\/338
|move|p1a: bop rocks|Stealth Rock|p2a: Snow White
|-sidestart|p2: Imai Nobume|move: Stealth Rock
|
|-heal|p1a: bop rocks|259\/338|[from] item: Leftovers
|turn|31
|choice|move protect|move seismictoss
|
|move|p1a: bop rocks|Protect|p1a: bop rocks
|-singleturn|p1a: bop rocks|Protect
|move|p2a: Snow White|Seismic Toss|p1a: bop rocks
|-activate|p1a: bop rocks|move: Protect
|
|-heal|p1a: bop rocks|280\/338|[from] item: Leftovers
|turn|32
|choice|switch 2|move toxic
|
|switch|p1a: bop trapped|Spiritomb, M|304\/304
|-damage|p1a: bop trapped|266\/304|[from] Stealth Rock
|-ability|p1a: bop trapped|Pressure
|move|p2a: Snow White|Toxic|p1a: bop trapped
|-status|p1a: bop trapped|tox
|
|-heal|p1a: bop trapped|285\/304 tox|[from] item: Leftovers
|-damage|p1a: bop trapped|266\/304 tox|[from] psn
|turn|33
|choice|move willowisp|switch 5
|
|switch|p2a: Crimson Rose|Granbull, F|384\/384
|-damage|p2a: Crimson Rose|336\/384|[from] Stealth Rock
|-ability|p2a: Crimson Rose|Intimidate|boost
|-unboost|p1a: bop trapped|atk|1
|move|p1a: bop trapped|Will-O-Wisp|p2a: Crimson Rose
|-status|p2a: Crimson Rose|brn
|
|-heal|p1a: bop trapped|285\/304 tox|[from] item: Leftovers
|-damage|p2a: Crimson Rose|288\/384 brn|[from] brn
|-damage|p1a: bop trapped|247\/304 tox|[from] psn
|turn|34
|J|Vileman
|J|Foggi キング
|choice|move willowisp|switch 3
|
|switch|p2a: Seiren|Lanturn, F|417\/417
|-damage|p2a: Seiren|365\/417|[from] Stealth Rock
|move|p1a: bop trapped|Will-O-Wisp|p2a: Seiren
|-status|p2a: Seiren|brn
|
|-heal|p2a: Seiren|391\/417 brn|[from] item: Leftovers
|-heal|p1a: bop trapped|266\/304 tox|[from] item: Leftovers
|-damage|p2a: Seiren|339\/417 brn|[from] brn
|-damage|p1a: bop trapped|209\/304 tox|[from] psn
|turn|35
|choice|move rest|move healbell
|
|move|p2a: Seiren|Heal Bell|p2a: Seiren
|-activate|p2a: Seiren|move: Heal Bell
|-curestatus|p2a: Seiren|brn|[msg]
|-curestatus|p2: Crimson Rose|brn|[msg]
|-curestatus|p2: Distant Blue|psn|[msg]
|move|p1a: bop trapped|Rest|p1a: bop trapped
|-status|p1a: bop trapped|slp
|-heal|p1a: bop trapped|304\/304 slp|[silent]
|-status|p1a: bop trapped|slp|[from] move: Rest
|
|-heal|p2a: Seiren|365\/417|[from] item: Leftovers
|turn|36
|choice|switch 4|move voltswitch
|
|switch|p1a: bop walled|Quagsire, M|394\/394
|-damage|p1a: bop walled|370\/394|[from] Stealth Rock
|move|p2a: Seiren|Volt Switch|p1a: bop walled
|-immune|p1a: bop walled|[msg]
|
|-heal|p2a: Seiren|391\/417|[from] item: Leftovers
|-heal|p1a: bop walled|394\/394|[from] item: Leftovers
|turn|37
|L|Foggi キング
|L|Literal Sentinel
|choice|move toxic|switch 5
|
|switch|p2a: Snow White|Registeel|364\/364
|-damage|p2a: Snow White|342\/364|[from] Stealth Rock
|move|p1a: bop walled|Toxic|p2a: Snow White
|-immune|p2a: Snow White|[msg]
|
|-heal|p2a: Snow White|364\/364|[from] item: Leftovers
|turn|38
|choice|move scald|move seismictoss
|
|move|p2a: Snow White|Seismic Toss|p1a: bop walled
|-damage|p1a: bop walled|294\/394
|move|p1a: bop walled|Scald|p2a: Snow White
|-damage|p2a: Snow White|328\/364
|-status|p2a: Snow White|brn
|
|-heal|p2a: Snow White|350\/364 brn|[from] item: Leftovers
|-heal|p1a: bop walled|318\/394|[from] item: Leftovers
|-damage|p2a: Snow White|305\/364 brn|[from] brn
|turn|39
|choice|switch 2|move seismictoss
|
|switch|p1a: bop rocks|Bronzong|280\/338
|-damage|p1a: bop rocks|259\/338|[from] Stealth Rock
|move|p2a: Snow White|Seismic Toss|p1a: bop rocks
|-damage|p1a: bop rocks|159\/338
|
|-heal|p2a: Snow White|327\/364 brn|[from] item: Leftovers
|-heal|p1a: bop rocks|180\/338|[from] item: Leftovers
|-damage|p2a: Snow White|282\/364 brn|[from] brn
|turn|40
|choice|switch 3|switch 5
|
|switch|p2a: Seiren|Lanturn, F|391\/417
|-damage|p2a: Seiren|339\/417|[from] Stealth Rock
|switch|p1a: bop healed|Aromatisse, M|406\/406
|-damage|p1a: bop healed|356\/406|[from] Stealth Rock
|
|-heal|p2a: Seiren|365\/417|[from] item: Leftovers
|-heal|p1a: bop healed|381\/406|[from] item: Leftovers
|turn|41
|choice|move wish|move healbell
|
|move|p2a: Seiren|Heal Bell|p2a: Seiren
|-activate|p2a: Seiren|move: Heal Bell
|-curestatus|p2: Snow White|brn|[msg]
|move|p1a: bop healed|Wish|p1a: bop healed
|
|-heal|p2a: Seiren|391\/417|[from] item: Leftovers
|-heal|p1a: bop healed|406\/406|[from] item: Leftovers
|turn|42
|choice|switch 3|move scald
|
|switch|p1a: bop rocks|Bronzong|180\/338
|-damage|p1a: bop rocks|159\/338|[from] Stealth Rock
|move|p2a: Seiren|Scald|p1a: bop rocks
|-damage|p1a: bop rocks|108\/338
|
|-heal|p1a: bop rocks|311\/338|[from] move: Wish|[wisher] bop healed
|-heal|p2a: Seiren|417\/417|[from] item: Leftovers
|-heal|p1a: bop rocks|332\/338|[from] item: Leftovers
|turn|43
|choice|switch 2|move voltswitch
|
|switch|p1a: bop walled|Quagsire, M|318\/394
|-damage|p1a: bop walled|294\/394|[from] Stealth Rock
|move|p2a: Seiren|Volt Switch|p1a: bop walled
|-immune|p1a: bop walled|[msg]
|
|-heal|p1a: bop walled|318\/394|[from] item: Leftovers
|turn|44
|choice|move scald|switch 5
|
|switch|p2a: Snow White|Registeel|282\/364
|-damage|p2a: Snow White|260\/364|[from] Stealth Rock
|move|p1a: bop walled|Scald|p2a: Snow White
|-damage|p2a: Snow White|221\/364
|-status|p2a: Snow White|brn
|
|-heal|p2a: Snow White|243\/364 brn|[from] item: Leftovers
|-heal|p1a: bop walled|342\/394|[from] item: Leftovers
|-damage|p2a: Snow White|198\/364 brn|[from] brn
|turn|45
|choice|move scald|move toxic
|
|move|p2a: Snow White|Toxic|p1a: bop walled
|-status|p1a: bop walled|tox
|move|p1a: bop walled|Scald|p2a: Snow White
|-damage|p2a: Snow White|164\/364 brn
|
|-heal|p2a: Snow White|186\/364 brn|[from] item: Leftovers
|-heal|p1a: bop walled|366\/394 tox|[from] item: Leftovers
|-damage|p2a: Snow White|141\/364 brn|[from] brn
|-damage|p1a: bop walled|342\/394 tox|[from] psn
|turn|46
|choice|move toxic|switch 4
|
|switch|p2a: Distant Blue|Alomomola, F|347\/497
|-damage|p2a: Distant Blue|285\/497|[from] Stealth Rock
|move|p1a: bop walled|Toxic|p2a: Distant Blue
|-status|p2a: Distant Blue|tox
|
|-heal|p2a: Distant Blue|316\/497 tox|[from] item: Leftovers
|-heal|p1a: bop walled|366\/394 tox|[from] item: Leftovers
|-damage|p2a: Distant Blue|285\/497 tox|[from] psn
|-damage|p1a: bop walled|318\/394 tox|[from] psn
|turn|47
|choice|switch 3|move wish
|
|switch|p1a: bop healed|Aromatisse, M|406\/406
|-damage|p1a: bop healed|356\/406|[from] Stealth Rock
|move|p2a: Distant Blue|Wish|p2a: Distant Blue
|
|-heal|p2a: Distant Blue|316\/497 tox|[from] item: Leftovers
|-heal|p1a: bop healed|381\/406|[from] item: Leftovers
|-damage|p2a: Distant Blue|254\/497 tox|[from] psn
|turn|48
|choice|move healbell|switch 4
|
|switch|p2a: Snow White|Registeel|141\/364 brn
|-damage|p2a: Snow White|119\/364 brn|[from] Stealth Rock
|move|p1a: bop healed|Heal Bell|p1a: bop healed
|-activate|p1a: bop healed|move: Heal Bell
|-curestatus|p1: bop walled|tox|[msg]
|-curestatus|p1: bop trapped|slp|[msg]
|
|-heal|p2a: Snow White|364\/364 brn|[from] move: Wish|[wisher] Distant Blue
|-heal|p1a: bop healed|406\/406|[from] item: Leftovers
|-damage|p2a: Snow White|319\/364 brn|[from] brn
|turn|49
|choice|move protect|switch 5
|
|switch|p2a: Seiren|Lanturn, F|417\/417
|-damage|p2a: Seiren|365\/417|[from] Stealth Rock
|move|p1a: bop healed|Protect|p1a: bop healed
|-fail|p1a: bop healed
|
|-heal|p2a: Seiren|391\/417|[from] item: Leftovers
|turn|50
|choice|move moonblast|move healbell
|
|move|p2a: Seiren|Heal Bell|p2a: Seiren
|-activate|p2a: Seiren|move: Heal Bell
|-curestatus|p2: Distant Blue|tox|[msg]
|-curestatus|p2: Snow White|brn|[msg]
|move|p1a: bop healed|Moonblast|p2a: Seiren
|-damage|p2a: Seiren|285\/417
|
|-heal|p2a: Seiren|311\/417|[from] item: Leftovers
|turn|51
|choice|move moonblast|move voltswitch
|
|move|p2a: Seiren|Volt Switch|p1a: bop healed
|-damage|p1a: bop healed|333\/406
|choice||switch 5
|
|switch|p2a: Snow White|Registeel|319\/364
|-damage|p2a: Snow White|297\/364|[from] Stealth Rock
|move|p1a: bop healed|Moonblast|p2a: Snow White
|-resisted|p2a: Snow White
|-damage|p2a: Snow White|267\/364
|
|-heal|p2a: Snow White|289\/364|[from] item: Leftovers
|-heal|p1a: bop healed|358\/406|[from] item: Leftovers
|turn|52
|choice|move protect|move seismictoss
|
|move|p1a: bop healed|Protect|p1a: bop healed
|-singleturn|p1a: bop healed|Protect
|move|p2a: Snow White|Seismic Toss|p1a: bop healed
|-activate|p1a: bop healed|move: Protect
|
|-heal|p2a: Snow White|311\/364|[from] item: Leftovers
|-heal|p1a: bop healed|383\/406|[from] item: Leftovers
|turn|53
|choice|switch 4|move seismictoss
|
|switch|p1a: bop trapped|Spiritomb, M|304\/304
|-damage|p1a: bop trapped|266\/304|[from] Stealth Rock
|-ability|p1a: bop trapped|Pressure
|move|p2a: Snow White|Seismic Toss|p1a: bop trapped
|-immune|p1a: bop trapped|[msg]
|
|-heal|p2a: Snow White|333\/364|[from] item: Leftovers
|-heal|p1a: bop trapped|285\/304|[from] item: Leftovers
|turn|54
|choice|move willowisp|move protect
|
|move|p2a: Snow White|Protect|p2a: Snow White
|-singleturn|p2a: Snow White|Protect
|move|p1a: bop trapped|Will-O-Wisp|p2a: Snow White
|-activate|p2a: Snow White|move: Protect
|
|-heal|p2a: Snow White|355\/364|[from] item: Leftovers
|-heal|p1a: bop trapped|304\/304|[from] item: Leftovers
|turn|55
|choice|move willowisp|switch 3
|
|switch|p2a: Crimson Rose|Granbull, F|288\/384
|-damage|p2a: Crimson Rose|240\/384|[from] Stealth Rock
|-ability|p2a: Crimson Rose|Intimidate|boost
|-unboost|p1a: bop trapped|atk|1
|move|p1a: bop trapped|Will-O-Wisp|p2a: Crimson Rose
|-status|p2a: Crimson Rose|brn
|
|-damage|p2a: Crimson Rose|192\/384 brn|[from] brn
|turn|56
|J|Ninjacalibur~
|choice|switch 2|move rest
|
|switch|p1a: bop rocks|Bronzong|332\/338
|-damage|p1a: bop rocks|311\/338|[from] Stealth Rock
|move|p2a: Crimson Rose|Rest|p2a: Crimson Rose
|-status|p2a: Crimson Rose|slp
|-heal|p2a: Crimson Rose|384\/384 slp|[silent]
|-status|p2a: Crimson Rose|slp|[from] move: Rest
|
|-heal|p1a: bop rocks|332\/338|[from] item: Leftovers
|turn|57
|choice|move gyroball|move playrough
|
|cant|p2a: Crimson Rose|slp
|move|p1a: bop rocks|Gyro Ball|p2a: Crimson Rose
|-supereffective|p2a: Crimson Rose
|-damage|p2a: Crimson Rose|288\/384 slp
|-damage|p1a: bop rocks|276\/338|[from] item: Rocky Helmet|[of] p2a: Crimson Rose
|
|-heal|p1a: bop rocks|297\/338|[from] item: Leftovers
|turn|58
|choice|switch 5|move firepunch
|
|switch|p1a: bop muk|Muk, F|404\/404
|-damage|p1a: bop muk|354\/404|[from] Stealth Rock
|cant|p2a: Crimson Rose|slp
|
|-heal|p1a: bop muk|379\/404|[from] item: Leftovers
|turn|59
|choice|move substitute|switch 4
|
|switch|p2a: Distant Blue|Alomomola, F|419\/497
|-damage|p2a: Distant Blue|357\/497|[from] Stealth Rock
|move|p1a: bop muk|Substitute|p1a: bop muk
|-start|p1a: bop muk|Substitute
|-damage|p1a: bop muk|278\/404
|
|-heal|p1a: bop muk|303\/404|[from] item: Leftovers
|-heal|p2a: Distant Blue|388\/497|[from] item: Leftovers
|turn|60
|choice|move poisonjab|move scald
|
|move|p1a: bop muk|Poison Jab|p2a: Distant Blue
|-damage|p2a: Distant Blue|289\/497
|-status|p2a: Distant Blue|psn
|move|p2a: Distant Blue|Scald|p1a: bop muk
|-activate|p1a: bop muk|move: Substitute|[damage]
|
|-heal|p1a: bop muk|328\/404|[from] item: Leftovers
|-heal|p2a: Distant Blue|320\/497 psn|[from] item: Leftovers
|-damage|p2a: Distant Blue|258\/497 psn|[from] psn
|turn|61
|choice|move focuspunch|move wish
|
|-singleturn|p1a: bop muk|move: Focus Punch
|move|p2a: Distant Blue|Wish|p2a: Distant Blue
|move|p1a: bop muk|Focus Punch|p2a: Distant Blue
|-damage|p2a: Distant Blue|127\/497 psn
|
|-heal|p1a: bop muk|353\/404|[from] item: Leftovers
|-heal|p2a: Distant Blue|158\/497 psn|[from] item: Leftovers
|-damage|p2a: Distant Blue|96\/497 psn|[from] psn
|turn|62
|choice|move focuspunch|move protect
|
|-singleturn|p1a: bop muk|move: Focus Punch
|move|p2a: Distant Blue|Protect|p2a: Distant Blue
|-singleturn|p2a: Distant Blue|Protect
|move|p1a: bop muk|Focus Punch|p2a: Distant Blue
|-activate|p2a: Distant Blue|move: Protect
|
|-heal|p2a: Distant Blue|344\/497 psn|[from] move: Wish|[wisher] Distant Blue
|-heal|p1a: bop muk|378\/404|[from] item: Leftovers
|-heal|p2a: Distant Blue|375\/497 psn|[from] item: Leftovers
|-damage|p2a: Distant Blue|313\/497 psn|[from] psn
|turn|63
|choice|move focuspunch|move wish
|
|-singleturn|p1a: bop muk|move: Focus Punch
|move|p2a: Distant Blue|Wish|p2a: Distant Blue
|move|p1a: bop muk|Focus Punch|p2a: Distant Blue
|-damage|p2a: Distant Blue|191\/497 psn
|
|-heal|p1a: bop muk|403\/404|[from] item: Leftovers
|-heal|p2a: Distant Blue|222\/497 psn|[from] item: Leftovers
|-damage|p2a: Distant Blue|160\/497 psn|[from] psn
|turn|64
|choice|move poisonjab|switch 3
|
|switch|p2a: Snow White|Registeel|355\/364
|-damage|p2a: Snow White|333\/364|[from] Stealth Rock
|move|p1a: bop muk|Poison Jab|p2a: Snow White
|-immune|p2a: Snow White|[msg]
|
|-heal|p2a: Snow White|364\/364|[from] move: Wish|[wisher] Distant Blue
|-heal|p1a: bop muk|404\/404|[from] item: Leftovers
|turn|65
|choice|move substitute|move seismictoss
|
|move|p1a: bop muk|Substitute|p1a: bop muk
|-fail|p1a: bop muk|move: Substitute
|move|p2a: Snow White|Seismic Toss|p1a: bop muk
|-end|p1a: bop muk|Substitute
|
|turn|66
|choice|move substitute|move seismictoss
|
|move|p1a: bop muk|Substitute|p1a: bop muk
|-start|p1a: bop muk|Substitute
|-damage|p1a: bop muk|303\/404
|move|p2a: Snow White|Seismic Toss|p1a: bop muk
|-activate|p1a: bop muk|move: Substitute|[damage]
|
|-heal|p1a: bop muk|328\/404|[from] item: Leftovers
|turn|67
|choice|move icepunch|move protect
|
|move|p2a: Snow White|Protect|p2a: Snow White
|-singleturn|p2a: Snow White|Protect
|move|p1a: bop muk|Ice Punch|p2a: Snow White
|-activate|p2a: Snow White|move: Protect
|
|-heal|p1a: bop muk|353\/404|[from] item: Leftovers
|turn|68
|choice|move focuspunch|switch 2
|
|-singleturn|p1a: bop muk|move: Focus Punch
|switch|p2a: Twilight Princess|Flygon, F|364\/364
|-damage|p2a: Twilight Princess|342\/364|[from] Stealth Rock
|move|p1a: bop muk|Focus Punch|p2a: Twilight Princess
|-damage|p2a: Twilight Princess|161\/364
|
|-heal|p2a: Twilight Princess|183\/364|[from] item: Leftovers
|-heal|p1a: bop muk|378\/404|[from] item: Leftovers
|turn|69
|choice|move icepunch|move uturn
|
|move|p2a: Twilight Princess|U-turn|p1a: bop muk
|-resisted|p1a: bop muk
|-end|p1a: bop muk|Substitute
|choice||switch 2
|
|switch|p2a: Snow White|Registeel|364\/364
|-damage|p2a: Snow White|342\/364|[from] Stealth Rock
|move|p1a: bop muk|Ice Punch|p2a: Snow White
|-resisted|p2a: Snow White
|-damage|p2a: Snow White|314\/364
|
|-heal|p1a: bop muk|403\/404|[from] item: Leftovers
|-heal|p2a: Snow White|336\/364|[from] item: Leftovers
|turn|70
|choice|move focuspunch|move seismictoss
|
|-singleturn|p1a: bop muk|move: Focus Punch
|move|p2a: Snow White|Seismic Toss|p1a: bop muk
|-damage|p1a: bop muk|303\/404
|cant|p1a: bop muk|Focus Punch|Focus Punch
|
|-heal|p1a: bop muk|328\/404|[from] item: Leftovers
|-heal|p2a: Snow White|358\/364|[from] item: Leftovers
|turn|71
|choice|move substitute|move seismictoss
|
|move|p1a: bop muk|Substitute|p1a: bop muk
|-start|p1a: bop muk|Substitute
|-damage|p1a: bop muk|227\/404
|move|p2a: Snow White|Seismic Toss|p1a: bop muk
|-activate|p1a: bop muk|move: Substitute|[damage]
|
|-heal|p1a: bop muk|252\/404|[from] item: Leftovers
|-heal|p2a: Snow White|364\/364|[from] item: Leftovers
|turn|72
|choice|move icepunch|move seismictoss
|
|move|p1a: bop muk|Ice Punch|p2a: Snow White
|-resisted|p2a: Snow White
|-damage|p2a: Snow White|338\/364
|move|p2a: Snow White|Seismic Toss|p1a: bop muk
|-end|p1a: bop muk|Substitute
|
|-heal|p1a: bop muk|277\/404|[from] item: Leftovers
|-heal|p2a: Snow White|360\/364|[from] item: Leftovers
|turn|73
|choice|switch 2|move seismictoss
|
|switch|p1a: bop trapped|Spiritomb, M|304\/304
|-damage|p1a: bop trapped|266\/304|[from] Stealth Rock
|-ability|p1a: bop trapped|Pressure
|move|p2a: Snow White|Seismic Toss|p1a: bop trapped
|-immune|p1a: bop trapped|[msg]
|
|-heal|p2a: Snow White|364\/364|[from] item: Leftovers
|-heal|p1a: bop trapped|285\/304|[from] item: Leftovers
|turn|74
|choice|move willowisp|switch 4
|
|switch|p2a: Crimson Rose|Granbull, F|288\/384 slp
|-damage|p2a: Crimson Rose|240\/384 slp|[from] Stealth Rock
|-ability|p2a: Crimson Rose|Intimidate|boost
|-unboost|p1a: bop trapped|atk|1
|move|p1a: bop trapped|Will-O-Wisp|p2a: Crimson Rose
|-fail|p2a: Crimson Rose
|
|-heal|p1a: bop trapped|304\/304|[from] item: Leftovers
|turn|75
|choice|switch 4|move toxic
|
|switch|p1a: bop healed|Aromatisse, M|383\/406
|-damage|p1a: bop healed|333\/406|[from] Stealth Rock
|-curestatus|p2a: Crimson Rose|slp|[msg]
|move|p2a: Crimson Rose|Toxic|p1a: bop healed
|-status|p1a: bop healed|tox
|
|-heal|p1a: bop healed|358\/406 tox|[from] item: Leftovers
|-damage|p1a: bop healed|333\/406 tox|[from] psn
|turn|76
|choice|move wish|switch 6
|
|switch|p2a: Queen of Roses|Drapion, F, shiny|281\/281
|-damage|p2a: Queen of Roses|246\/281|[from] Stealth Rock
|move|p1a: bop healed|Wish|p1a: bop healed
|
|-heal|p1a: bop healed|358\/406 tox|[from] item: Leftovers
|-damage|p1a: bop healed|308\/406 tox|[from] psn
|turn|77
|choice|switch 2|move knockoff
|
|switch|p1a: bop muk|Muk, F|277\/404
|-damage|p1a: bop muk|227\/404|[from] Stealth Rock
|move|p2a: Queen of Roses|Knock Off|p1a: bop muk
|-damage|p1a: bop muk|55\/404
|-activate|p1a: bop muk|ability: Sticky Hold
|
|-heal|p1a: bop muk|258\/404|[from] move: Wish|[wisher] bop healed
|-heal|p1a: bop muk|283\/404|[from] item: Leftovers
|turn|78
|L|Ninjacalibur~
|choice|switch 3|move knockoff
|
|switch|p1a: bop walled|Quagsire, M|318\/394
|-damage|p1a: bop walled|294\/394|[from] Stealth Rock
|move|p2a: Queen of Roses|Knock Off|p1a: bop walled
|-damage|p1a: bop walled|183\/394
|-enditem|p1a: bop walled|Leftovers|[from] move: Knock Off|[of] p2a: Queen of Roses
|
|turn|79
|choice|move recover|switch 2
|
|switch|p2a: Twilight Princess|Flygon, F|183\/364
|-damage|p2a: Twilight Princess|161\/364|[from] Stealth Rock
|move|p1a: bop walled|Recover|p1a: bop walled
|-heal|p1a: bop walled|380\/394
|
|-heal|p2a: Twilight Princess|183\/364|[from] item: Leftovers
|turn|80
|choice|switch 5|move defog
|
|switch|p1a: bop rocks|Bronzong|297\/338
|-damage|p1a: bop rocks|276\/338|[from] Stealth Rock
|move|p2a: Twilight Princess|Defog|p1a: bop rocks
|-unboost|p1a: bop rocks|evasion|1
|-sideend|p1: ChillShadow|Stealth Rock|[from] move: Defog|[of] p1a: bop rocks
|-sideend|p2: Imai Nobume|Stealth Rock|[from] move: Defog|[of] p2a: Twilight Princess
|
|-heal|p2a: Twilight Princess|205\/364|[from] item: Leftovers
|-heal|p1a: bop rocks|297\/338|[from] item: Leftovers
|turn|81
|choice|move stealthrock|move uturn
|
|move|p2a: Twilight Princess|U-turn|p1a: bop rocks
|-damage|p1a: bop rocks|249\/338
|choice||switch 4
|
|switch|p2a: Snow White|Registeel|364\/364
|move|p1a: bop rocks|Stealth Rock|p2a: Snow White
|-sidestart|p2: Imai Nobume|move: Stealth Rock
|
|-heal|p1a: bop rocks|270\/338|[from] item: Leftovers
|turn|82
|choice|switch 4|move stealthrock
|
|switch|p1a: bop trapped|Spiritomb, M|304\/304
|-ability|p1a: bop trapped|Pressure
|move|p2a: Snow White|Stealth Rock|p1a: bop trapped
|-sidestart|p1: ChillShadow|move: Stealth Rock
|
|turn|83
|choice|move willowisp|switch 6
|
|switch|p2a: Crimson Rose|Granbull, F|240\/384
|-damage|p2a: Crimson Rose|192\/384|[from] Stealth Rock
|-ability|p2a: Crimson Rose|Intimidate|boost
|-unboost|p1a: bop trapped|atk|1
|move|p1a: bop trapped|Will-O-Wisp|p2a: Crimson Rose
|-status|p2a: Crimson Rose|brn
|
|-damage|p2a: Crimson Rose|144\/384 brn|[from] brn
|turn|84
|choice|move calmmind|move rest
|
|move|p2a: Crimson Rose|Rest|p2a: Crimson Rose
|-status|p2a: Crimson Rose|slp
|-heal|p2a: Crimson Rose|384\/384 slp|[silent]
|-status|p2a: Crimson Rose|slp|[from] move: Rest
|move|p1a: bop trapped|Calm Mind|p1a: bop trapped
|-boost|p1a: bop trapped|spa|1
|-boost|p1a: bop trapped|spd|1
|
|turn|85
|choice|move darkpulse|move playrough
|
|cant|p2a: Crimson Rose|slp
|move|p1a: bop trapped|Dark Pulse|p2a: Crimson Rose
|-resisted|p2a: Crimson Rose
|-damage|p2a: Crimson Rose|290\/384 slp
|
|turn|86
|choice|move darkpulse|move playrough
|
|cant|p2a: Crimson Rose|slp
|move|p1a: bop trapped|Dark Pulse|p2a: Crimson Rose
|-resisted|p2a: Crimson Rose
|-damage|p2a: Crimson Rose|194\/384 slp
|
|turn|87
|choice|switch 4|move playrough
|
|switch|p1a: bop rocks|Bronzong|270\/338
|-damage|p1a: bop rocks|249\/338|[from] Stealth Rock
|-curestatus|p2a: Crimson Rose|slp|[msg]
|move|p2a: Crimson Rose|Play Rough|p1a: bop rocks
|-resisted|p1a: bop rocks
|-damage|p1a: bop rocks|195\/338
|
|-heal|p1a: bop rocks|216\/338|[from] item: Leftovers
|turn|88
|choice|move toxic|move firepunch
|
|move|p2a: Crimson Rose|Fire Punch|p1a: bop rocks
|-supereffective|p1a: bop rocks
|-damage|p1a: bop rocks|94\/338
|move|p1a: bop rocks|Toxic|p2a: Crimson Rose
|-status|p2a: Crimson Rose|tox
|
|-heal|p1a: bop rocks|115\/338|[from] item: Leftovers
|-damage|p2a: Crimson Rose|170\/384 tox|[from] psn
|turn|89
|choice|switch 5|move rest
|
|switch|p1a: bop walled|Quagsire, M|380\/394
|-damage|p1a: bop walled|356\/394|[from] Stealth Rock
|move|p2a: Crimson Rose|Rest|p2a: Crimson Rose
|-status|p2a: Crimson Rose|slp
|-heal|p2a: Crimson Rose|384\/384 slp|[silent]
|-status|p2a: Crimson Rose|slp|[from] move: Rest
|
|turn|90
|choice|move scald|move toxic
|
|cant|p2a: Crimson Rose|slp
|move|p1a: bop walled|Scald|p2a: Crimson Rose
|-damage|p2a: Crimson Rose|288\/384 slp
|
|turn|91
|choice|switch 3|move toxic
|
|switch|p1a: bop muk|Muk, F|283\/404
|-damage|p1a: bop muk|233\/404|[from] Stealth Rock
|cant|p2a: Crimson Rose|slp
|
|-heal|p1a: bop muk|258\/404|[from] item: Leftovers
|turn|92
|choice|move poisonjab|switch 6
|
|switch|p2a: Snow White|Registeel|364\/364
|-damage|p2a: Snow White|342\/364|[from] Stealth Rock
|move|p1a: bop muk|Poison Jab|p2a: Snow White
|-immune|p2a: Snow White|[msg]
|
|-heal|p1a: bop muk|283\/404|[from] item: Leftovers
|-heal|p2a: Snow White|364\/364|[from] item: Leftovers
|turn|93
|choice|switch 4|move seismictoss
|
|switch|p1a: bop trapped|Spiritomb, M|304\/304
|-damage|p1a: bop trapped|266\/304|[from] Stealth Rock
|-ability|p1a: bop trapped|Pressure
|move|p2a: Snow White|Seismic Toss|p1a: bop trapped
|-immune|p1a: bop trapped|[msg]
|
|-heal|p1a: bop trapped|285\/304|[from] item: Leftovers
|turn|94
|choice|move willowisp|switch 6
|
|switch|p2a: Crimson Rose|Granbull, F|288\/384 slp
|-damage|p2a: Crimson Rose|240\/384 slp|[from] Stealth Rock
|-ability|p2a: Crimson Rose|Intimidate|boost
|-unboost|p1a: bop trapped|atk|1
|move|p1a: bop trapped|Will-O-Wisp|p2a: Crimson Rose
|-fail|p2a: Crimson Rose
|
|-heal|p1a: bop trapped|304\/304|[from] item: Leftovers
|turn|95
|choice|move willowisp|move firepunch
|
|-curestatus|p2a: Crimson Rose|slp|[msg]
|move|p2a: Crimson Rose|Fire Punch|p1a: bop trapped
|-damage|p1a: bop trapped|255\/304
|move|p1a: bop trapped|Will-O-Wisp|p2a: Crimson Rose
|-status|p2a: Crimson Rose|brn
|
|-heal|p1a: bop trapped|274\/304|[from] item: Leftovers
|-damage|p2a: Crimson Rose|192\/384 brn|[from] brn
|turn|96
|choice|move calmmind|move rest
|
|move|p2a: Crimson Rose|Rest|p2a: Crimson Rose
|-status|p2a: Crimson Rose|slp
|-heal|p2a: Crimson Rose|384\/384 slp|[silent]
|-status|p2a: Crimson Rose|slp|[from] move: Rest
|move|p1a: bop trapped|Calm Mind|p1a: bop trapped
|-boost|p1a: bop trapped|spa|1
|-boost|p1a: bop trapped|spd|1
|
|-heal|p1a: bop trapped|293\/304|[from] item: Leftovers
|turn|97
|choice|move darkpulse|move playrough
|
|cant|p2a: Crimson Rose|slp
|move|p1a: bop trapped|Dark Pulse|p2a: Crimson Rose
|-resisted|p2a: Crimson Rose
|-damage|p2a: Crimson Rose|276\/384 slp
|
|-heal|p1a: bop trapped|304\/304|[from] item: Leftovers
|turn|98
|choice|move darkpulse|move playrough
|
|cant|p2a: Crimson Rose|slp
|move|p1a: bop trapped|Dark Pulse|p2a: Crimson Rose
|-resisted|p2a: Crimson Rose
|-damage|p2a: Crimson Rose|171\/384 slp
|
|turn|99
|choice|move willowisp|move playrough
|
|-curestatus|p2a: Crimson Rose|slp|[msg]
|move|p2a: Crimson Rose|Play Rough|p1a: bop trapped
|-supereffective|p1a: bop trapped
|-damage|p1a: bop trapped|124\/304
|move|p1a: bop trapped|Will-O-Wisp|p2a: Crimson Rose
|-status|p2a: Crimson Rose|brn
|
|-heal|p1a: bop trapped|143\/304|[from] item: Leftovers
|-damage|p2a: Crimson Rose|123\/384 brn|[from] brn
|turn|100
|choice|move rest|move rest
|
|move|p2a: Crimson Rose|Rest|p2a: Crimson Rose
|-status|p2a: Crimson Rose|slp
|-heal|p2a: Crimson Rose|384\/384 slp|[silent]
|-status|p2a: Crimson Rose|slp|[from] move: Rest
|move|p1a: bop trapped|Rest|p1a: bop trapped
|-status|p1a: bop trapped|slp
|-heal|p1a: bop trapped|304\/304 slp|[silent]
|-status|p1a: bop trapped|slp|[from] move: Rest
|
|turn|101
|choice|switch 4|move playrough
|
|switch|p1a: bop muk|Muk, F|283\/404
|-damage|p1a: bop muk|233\/404|[from] Stealth Rock
|cant|p2a: Crimson Rose|slp
|
|-heal|p1a: bop muk|258\/404|[from] item: Leftovers
|turn|102
|choice|move focuspunch|switch 6
|
|-singleturn|p1a: bop muk|move: Focus Punch
|switch|p2a: Snow White|Registeel|364\/364
|-damage|p2a: Snow White|342\/364|[from] Stealth Rock
|move|p1a: bop muk|Focus Punch|p2a: Snow White
|-supereffective|p2a: Snow White
|-damage|p2a: Snow White|106\/364
|
|-heal|p1a: bop muk|283\/404|[from] item: Leftovers
|-heal|p2a: Snow White|128\/364|[from] item: Leftovers
|turn|103
|choice|move substitute|switch 2
|
|switch|p2a: Queen of Roses|Drapion, F, shiny|246\/281
|-damage|p2a: Queen of Roses|211\/281|[from] Stealth Rock
|move|p1a: bop muk|Substitute|p1a: bop muk
|-start|p1a: bop muk|Substitute
|-damage|p1a: bop muk|182\/404
|
|-heal|p1a: bop muk|207\/404|[from] item: Leftovers
|turn|104
|choice|move focuspunch|move earthquake
|
|-singleturn|p1a: bop muk|move: Focus Punch
|move|p2a: Queen of Roses|Earthquake|p1a: bop muk
|-supereffective|p1a: bop muk
|-end|p1a: bop muk|Substitute
|move|p1a: bop muk|Focus Punch|p2a: Queen of Roses
|-crit|p2a: Queen of Roses
|-damage|p2a: Queen of Roses|0 fnt
|faint|p2a: Queen of Roses
|
|-heal|p1a: bop muk|232\/404|[from] item: Leftovers
|choice||switch 4
|
|switch|p2a: Twilight Princess|Flygon, F|205\/364
|-damage|p2a: Twilight Princess|183\/364|[from] Stealth Rock
|turn|105
|choice|switch 6|move defog
|
|switch|p1a: bop defogged|Flygon, F|301\/301
|-damage|p1a: bop defogged|283\/301|[from] Stealth Rock
|move|p2a: Twilight Princess|Defog|p1a: bop defogged
|-unboost|p1a: bop defogged|evasion|1
|-sideend|p1: ChillShadow|Stealth Rock|[from] move: Defog|[of] p1a: bop defogged
|-sideend|p2: Imai Nobume|Stealth Rock|[from] move: Defog|[of] p2a: Twilight Princess
|
|-heal|p2a: Twilight Princess|205\/364|[from] item: Leftovers
|turn|106
|choice|move uturn|move uturn
|
|move|p1a: bop defogged|U-turn|p2a: Twilight Princess
|-damage|p2a: Twilight Princess|122\/364
|choice|switch 3|
|
|switch|p1a: bop walled|Quagsire, M|356\/394
|move|p2a: Twilight Princess|U-turn|p1a: bop walled
|-damage|p1a: bop walled|307\/394
|choice||switch 3
|
|switch|p2a: Distant Blue|Alomomola, F|325\/497 psn
|
|-heal|p2a: Distant Blue|356\/497 psn|[from] item: Leftovers
|-damage|p2a: Distant Blue|294\/497 psn|[from] psn
|turn|107
|choice|switch 2|move wish
|
|switch|p1a: bop healed|Aromatisse, M|308\/406 tox
|move|p2a: Distant Blue|Wish|p2a: Distant Blue
|
|-heal|p2a: Distant Blue|325\/497 psn|[from] item: Leftovers
|-heal|p1a: bop healed|333\/406 tox|[from] item: Leftovers
|-damage|p2a: Distant Blue|263\/497 psn|[from] psn
|-damage|p1a: bop healed|308\/406 tox|[from] psn
|turn|108
|choice|move wish|switch 2
|
|switch|p2a: Snow White|Registeel|128\/364
|move|p1a: bop healed|Wish|p1a: bop healed
|
|-heal|p2a: Snow White|364\/364|[from] move: Wish|[wisher] Distant Blue
|-heal|p1a: bop healed|333\/406 tox|[from] item: Leftovers
|-damage|p1a: bop healed|283\/406 tox|[from] psn
|turn|109
|choice|switch 5|move stealthrock
|
|switch|p1a: bop rocks|Bronzong|115\/338
|move|p2a: Snow White|Stealth Rock|p1a: bop rocks
|-sidestart|p1: ChillShadow|move: Stealth Rock
|
|-heal|p1a: bop rocks|318\/338|[from] move: Wish|[wisher] bop healed
|-heal|p1a: bop rocks|338\/338|[from] item: Leftovers
|turn|110
|choice|move protect|move seismictoss
|
|move|p1a: bop rocks|Protect|p1a: bop rocks
|-singleturn|p1a: bop rocks|Protect
|move|p2a: Snow White|Seismic Toss|p1a: bop rocks
|-activate|p1a: bop rocks|move: Protect
|
|turn|111
|choice|move stealthrock|move seismictoss
|
|move|p2a: Snow White|Seismic Toss|p1a: bop rocks
|-damage|p1a: bop rocks|238\/338
|move|p1a: bop rocks|Stealth Rock|p2a: Snow White
|-sidestart|p2: Imai Nobume|move: Stealth Rock
|
|-heal|p1a: bop rocks|259\/338|[from] item: Leftovers
|turn|112
|c|★Imai Nobume|lol theres not rly a point gg
|-message|Imai Nobume forfeited.
|
|win|ChillShadow
|player|p1
|player|p2
|c|★ChillShadow|ggs!</script>
</div>
<div class="battle-log battle-log-inline"><div class="inner"><div class="battle-options"></div><div class="inner"><div class=""><small>Format:</small> <br><strong>RU</strong></div><div class=""><small><em>Sleep Clause Mod:</em> Limit one foe put to sleep</small></div><div class=""><small><em>Species Clause:</em> Limit one of each Pokémon</small></div><div class=""><small><em>OHKO Clause:</em> OHKO moves are banned</small></div><div class=""><small><em>Moody Clause:</em> Moody is banned</small></div><div class=""><small><em>Evasion Moves Clause:</em> Evasion moves are banned</small></div><div class=""><small><em>Endless Battle Clause:</em> Forcing endless battles is banned</small></div><div class=""><small><em>HP Percentage Mod:</em> HP is shown in percentages</small></div><div class=""><small><em>Swagger Clause:</em> Swagger is banned</small></div><div class=""><small><em>Baton Pass Clause:</em> Limit one Baton Passer, can't pass Spe and other stats simultaneously</small></div><div class="chat battle-history"><strong>ChillShadow's team:</strong> <em style="color:#445566;display:block;">Muk / Spiritomb / Aromatisse / Quagsire / Bronzong / Flygon</em></div><div class="chat battle-history"><strong>Imai Nobume's team:</strong> <em style="color:#445566;display:block;">Drapion / Flygon / Lanturn / Alomomola / Granbull / Registeel</em></div><div class="chat chatmessage-chillshadow"><strong style="color:hsl(116,47%,43%)"><small>★</small><span class="username" data-name="ChillShadow">ChillShadow</span>:</strong> <em>hf</em></div><div class="spacer battle-history"><br></div><div class="battle-history">Battle started between ChillShadow and Imai Nobume!<br></div><div class="spacer battle-history"><br></div><div class="battle-history">Go! bop defogged (<strong>Flygon</strong>)!<br></div><div class="spacer battle-history"><br></div><div class="battle-history">Imai Nobume sent out Snow White (<strong>Registeel</strong>)!<br></div><div class="spacer battle-history"><br></div><h2 class="battle-history">Turn 1</h2><div class="spacer battle-history"><br></div><div class="battle-history">bop defogged used <strong>U-turn</strong>!<br></div><div class="battle-history"><small>It's not very effective...</small><br></div><div class="battle-history"><small>(The opposing Snow White lost <abbr title="−23/364">6.3%</abbr> of its health!)</small><br></div><div class="spacer battle-history"><br></div><div class="battle-history">bop defogged went back to ChillShadow!<br></div><div class="battle-history">Go! bop muk (<strong>Muk</strong>)!<br></div><div class="spacer battle-history"><br></div><div class="battle-history">The opposing Snow White used <strong>Toxic</strong>!<br></div><div class="battle-history"><small>It doesn't affect bop muk...</small><br></div><div class="spacer battle-history"><br></div><div class="battle-history"><small>The opposing Snow White restored a little HP using its Leftovers!</small><br></div><div class="spacer battle-history"><br></div><h2 class="battle-history">Turn 2</h2><div class="spacer battle-history"><br></div><div class="battle-history">bop muk used <strong>Substitute</strong>!<br></div><div class="battle-history"><small>bop muk put in a substitute!</small><br></div><div class="battle-history"><small>(bop muk lost <abbr title="−101/404">25%</abbr> of its health!)</small><br></div><div class="spacer battle-history"><br></div><div class="battle-history">The opposing Snow White used <strong>Stealth Rock</strong>!<br></div><div class="battle-history"><small>Pointed stones float in the air around your team!</small><br></div><div class="spacer battle-history"><br></div><div class="battle-history"><small>bop muk restored a little HP using its Leftovers!</small><br></div><div class="battle-history"><small>The opposing Snow White restored a little HP using its Leftovers!</small><br></div><div class="spacer battle-history"><br></div><h2 class="battle-history">Turn 3</h2><div class="spacer battle-history"><br></div><div class="battle-history"><small>bop muk is tightening its focus!</small><br></div><div class="spacer battle-history"><br></div><div class="battle-history">The opposing Snow White used <strong>Protect</strong>!<br></div><div class="battle-history"><small>The opposing Snow White protected itself!</small><br></div><div class="spacer battle-history"><br></div><div class="battle-history">bop muk used <strong>Focus Punch</strong>!<br></div><div class="battle-history"><small>The opposing Snow White protected itself!</small><br></div><div class="spacer battle-history"><br></div><div class="battle-history"><small>bop muk restored a little HP using its Leftovers!</small><br></div><div class="spacer battle-history"><br></div><h2 class="battle-history">Turn 4</h2><div class="spacer battle-history"><br></div><div class="battle-history"><small>bop muk is tightening its focus!</small><br></div><div class="spacer battle-history"><br></div><div class="battle-history">Imai Nobume withdrew Snow White!<br></div><div class="battle-history">Imai Nobume sent out Distant Blue (<strong>Alomomola</strong>)!<br></div><div class="spacer battle-history"><br></div><div class="battle-history">bop muk used <strong>Focus Punch</strong>!<br></div><div class="battle-history"><small>(The opposing Distant Blue lost <abbr title="−125/497">25.2%</abbr> of its health!)</small><br></div><div class="spacer battle-history"><br></div><div class="battle-history"><small>bop muk restored a little HP using its Leftovers!</small><br></div><div class="battle-history"><small>The opposing Distant Blue restored a little HP using its Leftovers!</small><br></div><div class="spacer battle-history"><br></div><h2 class="battle-history">Turn 5</h2><div class="spacer battle-history"><br></div><div class="battle-history">The opposing Distant Blue used <strong>Protect</strong>!<br></div><div class="battle-history"><small>The opposing Distant Blue protected itself!</small><br></div><div class="spacer battle-history"><br></div><div class="battle-history">bop muk used <strong>Poison Jab</strong>!<br></div><div class="battle-history"><small>The opposing Distant Blue protected itself!</small><br></div><div class="spacer battle-history"><br></div><div class="battle-history"><small>bop muk restored a little HP using its Leftovers!</small><br></div><div class="battle-history"><small>The opposing Distant Blue restored a little HP using its Leftovers!</small><br></div><div class="spacer battle-history"><br></div><h2 class="battle-history">Turn 6</h2><div class="spacer battle-history"><br></div><div class="battle-history">bop muk used <strong>Poison Jab</strong>!<br></div><div class="battle-history"><small>(The opposing Distant Blue lost <abbr title="−103/497">20.7%</abbr> of its health!)</small><br></div><div class="spacer battle-history"><br></div><div class="battle-history">The opposing Distant Blue used <strong>Wish</strong>!<br></div><div class="spacer battle-history"><br></div><div class="battle-history"><small>bop muk restored a little HP using its Leftovers!</small><br></div><div class="battle-history"><small>The opposing Distant Blue restored a little HP using its Leftovers!</small><br></div><div class="spacer battle-history"><br></div><h2 class="battle-history">Turn 7</h2><div class="spacer battle-history"><br></div><div class="battle-history">Imai Nobume withdrew Distant Blue!<br></div><div class="battle-history">Imai Nobume sent out Snow White (<strong>Registeel</strong>)!<br></div><div class="spacer battle-history"><br></div><div class="battle-history">bop muk used <strong>Poison Jab</strong>!<br></div><div class="battle-history"><small>It doesn't affect the opposing Snow White...</small><br></div><div class="spacer battle-history"><br></div><h2 class="battle-history">Turn 8</h2><div class="spacer battle-history"><br></div><div class="battle-history"><small>bop muk is tightening its focus!</small><br></div><div class="spacer battle-history"><br></div><div class="battle-history">The opposing Snow White used <strong>Protect</strong>!<br></div><div class="battle-history"><small>The opposing Snow White protected itself!</small><br></div><div class="spacer battle-history"><br></div><div class="battle-history">bop muk used <strong>Focus Punch</strong>!<br></div><div class="battle-history"><small>The opposing Snow White protected itself!</small><br></div><div class="spacer battle-history"><br></div><h2 class="battle-history">Turn 9</h2><div class="spacer battle-history"><br></div><div class="battle-history"><small>bop muk is tightening its focus!</small><br></div><div class="spacer battle-history"><br></div><div class="battle-history">Imai Nobume withdrew Snow White!<br></div><div class="battle-history">Imai Nobume sent out Distant Blue (<strong>Alomomola</strong>)!<br></div><div class="spacer battle-history"><br></div><div class="battle-history">bop muk used <strong>Focus Punch</strong>!<br></div><div class="battle-history"><small>(The opposing Distant Blue lost <abbr title="−136/497">27.4%</abbr> of its health!)</small><br></div><div class="spacer battle-history"><br></div><div class="battle-history"><small>The opposing Distant Blue restored a little HP using its Leftovers!</small><br></div><div class="spacer battle-history"><br></div><h2 class="battle-history">Turn 10</h2><div class="spacer battle-history"><br></div><div class="battle-history">The opposing Distant Blue used <strong>Protect</strong>!<br></div><div class="battle-history"><small>The opposing Distant Blue protected itself!</small><br></div><div class="spacer battle-history"><br></div><div class="battle-history">bop muk used <strong>Poison Jab</strong>!<br></div><div class="battle-history"><small>The opposing Distant Blue protected itself!</small><br></div><div class="spacer battle-history"><br></div><div class="battle-history"><small>The opposing Distant Blue restored a little HP using its Leftovers!</small><br></div><div class="spacer battle-history"><br></div><h2 class="battle-history">Turn 11</h2><div class="spacer battle-history"><br></div><div class="battle-history">Imai Nobume withdrew Distant Blue!<br></div><div class="battle-history">Imai Nobume sent out Snow White (<strong>Registeel</strong>)!<br></div><div class="spacer battle-history"><br></div><div class="battle-history">bop muk used <strong>Poison Jab</strong>!<br></div><div class="battle-history"><small>It doesn't affect the opposing Snow White...</small><br></div><div class="spacer battle-history"><br></div><h2 class="battle-history">Turn 12</h2><div class="spacer battle-history"><br></div><div class="battle-history">Imai Nobume withdrew Snow White!<br></div><div class="battle-history">Imai Nobume sent out Distant Blue (<strong>Alomomola</strong>)!<br></div><div class="spacer battle-history"><br></div><div class="battle-history">bop muk used <strong>Poison Jab</strong>!<br></div><div class="battle-history"><small>(The opposing Distant Blue lost <abbr title="−105/497">21.1%</abbr> of its health!)</small><br></div><div class="spacer battle-history"><br></div><div class="battle-history"><small>The opposing Distant Blue restored a little HP using its Leftovers!</small><br></div><div class="spacer battle-history"><br></div><h2 class="battle-history">Turn 13</h2><div class="spacer battle-history"><br></div><div class="battle-history">bop muk used <strong>Poison Jab</strong>!<br></div><div class="battle-history"><small>(The opposing Distant Blue lost <abbr title="−112/497">22.5%</abbr> of its health!)</small><br></div><div class="spacer battle-history"><br></div><div class="battle-history">The opposing Distant Blue used <strong>Scald</strong>!<br></div><div class="battle-history"><small>The substitute took damage for bop muk!</small><br></div><div class="spacer battle-history"><br></div><div class="battle-history"><small>The opposing Distant Blue restored a little HP using its Leftovers!</small><br></div><div class="spacer battle-history"><br></div><h2 class="battle-history">Turn 14</h2><div class="spacer battle-history"><br></div><div class="battle-history">The opposing Distant Blue used <strong>Protect</strong>!<br></div><div class="battle-history"><small>The opposing Distant Blue protected itself!</small><br></div><div class="spacer battle-history"><br></div><div class="battle-history">bop muk used <strong>Poison Jab</strong>!<br></div><div class="battle-history"><small>The opposing Distant Blue protected itself!</small><br></div><div class="spacer battle-history"><br></div><div class="battle-history"><small>The opposing Distant Blue restored a little HP using its Leftovers!</small><br></div><div class="spacer battle-history"><br></div><h2 class="battle-history">Turn 15</h2><div class="spacer battle-history"><br></div><div class="battle-history">Imai Nobume withdrew Distant Blue!<br></div><div class="battle-history">Imai Nobume sent out Snow White (<strong>Registeel</strong>)!<br></div><div class="spacer battle-history"><br></div><div class="battle-history">bop muk used <strong>Poison Jab</strong>!<br></div><div class="battle-history"><small>It doesn't affect the opposing Snow White...</small><br></div><div class="spacer battle-history"><br></div><h2 class="battle-history">Turn 16</h2><div class="spacer battle-history"><br></div><div class="battle-history"><small>bop muk is tightening its focus!</small><br></div><div class="spacer battle-history"><br></div><div class="battle-history">The opposing Snow White used <strong>Protect</strong>!<br></div><div class="battle-history"><small>The opposing Snow White protected itself!</small><br></div><div class="spacer battle-history"><br></div><div class="battle-history">bop muk used <strong>Focus Punch</strong>!<br></div><div class="battle-history"><small>The opposing Snow White protected itself!</small><br></div><div class="spacer battle-history"><br></div><h2 class="battle-history">Turn 17</h2><div class="spacer battle-history"><br></div><div class="battle-history"><small>bop muk is tightening its focus!</small><br></div><div class="spacer battle-history"><br></div><div class="battle-history">Imai Nobume withdrew Snow White!<br></div><div class="battle-history">Imai Nobume sent out Distant Blue (<strong>Alomomola</strong>)!<br></div><div class="spacer battle-history"><br></div><div class="battle-history">bop muk used <strong>Focus Punch</strong>!<br></div><div class="battle-history"><small>(The opposing Distant Blue lost <abbr title="−132/497">26.6%</abbr> of its health!)</small><br></div><div class="spacer battle-history"><br></div><div class="battle-history"><small>The opposing Distant Blue restored a little HP using its Leftovers!</small><br></div><div class="spacer battle-history"><br></div><h2 class="battle-history">Turn 18</h2><div class="spacer battle-history"><br></div><div class="battle-history">bop muk used <strong>Poison Jab</strong>!<br></div><div class="battle-history"><small>(The opposing Distant Blue lost <abbr title="−108/497">21.7%</abbr> of its health!)</small><br></div><div class="battle-history"><small>The opposing Distant Blue was poisoned!</small><br></div><div class="spacer battle-history"><br></div><div class="battle-history">The opposing Distant Blue used <strong>Wish</strong>!<br></div><div class="spacer battle-history"><br></div><div class="battle-history"><small>The opposing Distant Blue restored a little HP using its Leftovers!</small><br></div><div class="battle-history"><small>The opposing Distant Blue was hurt by poison!</small><br></div><div class="spacer battle-history"><br></div><h2 class="battle-history">Turn 19</h2><div class="spacer battle-history"><br></div><div class="battle-history"><small>bop muk is tightening its focus!</small><br></div><div class="spacer battle-history"><br></div><div class="battle-history">The opposing Distant Blue used <strong>Scald</strong>!<br></div><div class="battle-history"><small>The substitute took damage for bop muk!</small><br></div><div class="spacer battle-history"><br></div><div class="battle-history">bop muk used <strong>Focus Punch</strong>!<br></div><div class="battle-history"><small>(The opposing Distant Blue lost <abbr title="−133/497">26.8%</abbr> of its health!)</small><br></div><div class="spacer battle-history"><br></div><div class="battle-history"><small>Distant Blue's wish came true!</small><br></div><div class="battle-history"><small>The opposing Distant Blue restored a little HP using its Leftovers!</small><br></div><div class="battle-history"><small>The opposing Distant Blue was hurt by poison!</small><br></div><div class="spacer battle-history"><br></div><h2 class="battle-history">Turn 20</h2><div class="spacer battle-history"><br></div><div class="battle-history"><small>bop muk is tightening its focus!</small><br></div><div class="spacer battle-history"><br></div><div class="battle-history">The opposing Distant Blue used <strong>Wish</strong>!<br></div><div class="spacer battle-history"><br></div><div class="battle-history">bop muk used <strong>Focus Punch</strong>!<br></div><div class="battle-history"><small>(The opposing Distant Blue lost <abbr title="−129/497">26.0%</abbr> of its health!)</small><br></div><div class="spacer battle-history"><br></div><div class="battle-history"><small>The opposing Distant Blue restored a little HP using its Leftovers!</small><br></div><div class="battle-history"><small>The opposing Distant Blue was hurt by poison!</small><br></div><div class="spacer battle-history"><br></div><h2 class="battle-history">Turn 21</h2><div class="spacer battle-history"><br></div><div class="battle-history">The opposing Distant Blue used <strong>Protect</strong>!<br></div><div class="battle-history"><small>The opposing Distant Blue protected itself!</small><br></div><div class="spacer battle-history"><br></div><div class="battle-history">bop muk used <strong>Poison Jab</strong>!<br></div><div class="battle-history"><small>The opposing Distant Blue protected itself!</small><br></div><div class="spacer battle-history"><br></div><div class="battle-history"><small>Distant Blue's wish came true!</small><br></div><div class="battle-history"><small>The opposing Distant Blue restored a little HP using its Leftovers!</small><br></div><div class="battle-history"><small>The opposing Distant Blue was hurt by poison!</small><br></div><div class="spacer battle-history"><br></div><h2 class="battle-history">Turn 22</h2><div class="spacer battle-history"><br></div><div class="battle-history">bop muk used <strong>Poison Jab</strong>!<br></div><div class="battle-history"><small>(The opposing Distant Blue lost <abbr title="−108/497">21.7%</abbr> of its health!)</small><br></div><div class="spacer battle-history"><br></div><div class="battle-history">The opposing Distant Blue used <strong>Scald</strong>!<br></div><div class="battle-history"><small>bop muk's substitute faded!</small><br></div><div class="spacer battle-history"><br></div><div class="battle-history"><small>The opposing Distant Blue restored a little HP using its Leftovers!</small><br></div><div class="battle-history"><small>The opposing Distant Blue was hurt by poison!</small><br></div><div class="spacer battle-history"><br></div><h2 class="battle-history">Turn 23</h2><div class="spacer battle-history"><br></div><div class="battle-history">Imai Nobume withdrew Distant Blue!<br></div><div class="battle-history">Imai Nobume sent out Snow White (<strong>Registeel</strong>)!<br></div><div class="spacer battle-history"><br></div><div class="battle-history">bop muk used <strong>Substitute</strong>!<br></div><div class="battle-history"><small>bop muk put in a substitute!</small><br></div><div class="battle-history"><small>(bop muk lost <abbr title="−101/404">25%</abbr> of its health!)</small><br></div><div class="spacer battle-history"><br></div><div class="battle-history"><small>bop muk restored a little HP using its Leftovers!</small><br></div><div class="spacer battle-history"><br></div><h2 class="battle-history">Turn 24</h2><div class="spacer battle-history"><br></div><div class="battle-history"><small>bop muk is tightening its focus!</small><br></div><div class="spacer battle-history"><br></div><div class="battle-history">The opposing Snow White used <strong>Protect</strong>!<br></div><div class="battle-history"><small>The opposing Snow White protected itself!</small><br></div><div class="spacer battle-history"><br></div><div class="battle-history">bop muk used <strong>Focus Punch</strong>!<br></div><div class="battle-history"><small>The opposing Snow White protected itself!</small><br></div><div class="spacer battle-history"><br></div><div class="battle-history"><small>bop muk restored a little HP using its Leftovers!</small><br></div><div class="spacer battle-history"><br></div><h2 class="battle-history">Turn 25</h2><div class="spacer battle-history"><br></div><div class="battle-history"><small>bop muk is tightening its focus!</small><br></div><div class="spacer battle-history"><br></div><div class="battle-history">Imai Nobume withdrew Snow White!<br></div><div class="battle-history">Imai Nobume sent out Distant Blue (<strong>Alomomola</strong>)!<br></div><div class="spacer battle-history"><br></div><div class="battle-history">bop muk used <strong>Focus Punch</strong>!<br></div><div class="battle-history"><small>(The opposing Distant Blue lost <abbr title="−131/497">26.4%</abbr> of its health!)</small><br></div><div class="spacer battle-history"><br></div><div class="battle-history"><small>bop muk restored a little HP using its Leftovers!</small><br></div><div class="battle-history"><small>The opposing Distant Blue restored a little HP using its Leftovers!</small><br></div><div class="battle-history"><small>The opposing Distant Blue was hurt by poison!</small><br></div><div class="spacer battle-history"><br></div><h2 class="battle-history">Turn 26</h2><div class="spacer battle-history"><br></div><div class="battle-history">bop muk used <strong>Poison Jab</strong>!<br></div><div class="battle-history"><small>(The opposing Distant Blue lost <abbr title="−111/497">22.3%</abbr> of its health!)</small><br></div><div class="spacer battle-history"><br></div><div class="battle-history">The opposing Distant Blue used <strong>Wish</strong>!<br></div><div class="spacer battle-history"><br></div><div class="battle-history"><small>bop muk restored a little HP using its Leftovers!</small><br></div><div class="battle-history"><small>The opposing Distant Blue restored a little HP using its Leftovers!</small><br></div><div class="battle-history"><small>The opposing Distant Blue was hurt by poison!</small><br></div><div class="spacer battle-history"><br></div><h2 class="battle-history">Turn 27</h2><div class="spacer battle-history"><br></div><div class="battle-history">The opposing Distant Blue used <strong>Protect</strong>!<br></div><div class="battle-history"><small>The opposing Distant Blue protected itself!</small><br></div><div class="spacer battle-history"><br></div><div class="battle-history">bop muk used <strong>Poison Jab</strong>!<br></div><div class="battle-history"><small>The opposing Distant Blue protected itself!</small><br></div><div class="spacer battle-history"><br></div><div class="battle-history"><small>Distant Blue's wish came true!</small><br></div><div class="battle-history"><small>bop muk restored a little HP using its Leftovers!</small><br></div><div class="battle-history"><small>The opposing Distant Blue restored a little HP using its Leftovers!</small><br></div><div class="battle-history"><small>The opposing Distant Blue was hurt by poison!</small><br></div><div class="spacer battle-history"><br></div><h2 class="battle-history">Turn 28</h2><div class="spacer battle-history"><br></div><div class="battle-history"><small>bop muk is tightening its focus!</small><br></div><div class="spacer battle-history"><br></div><div class="battle-history">The opposing Distant Blue used <strong>Wish</strong>!<br></div><div class="spacer battle-history"><br></div><div class="battle-history">bop muk used <strong>Focus Punch</strong>!<br></div><div class="battle-history"><small>(The opposing Distant Blue lost <abbr title="−124/497">24.9%</abbr> of its health!)</small><br></div><div class="spacer battle-history"><br></div><div class="battle-history"><small>The opposing Distant Blue restored a little HP using its Leftovers!</small><br></div><div class="battle-history"><small>The opposing Distant Blue was hurt by poison!</small><br></div><div class="spacer battle-history"><br></div><h2 class="battle-history">Turn 29</h2><div class="spacer battle-history"><br></div><div class="battle-history">bop muk, come back!<br></div><div class="battle-history">Go! bop rocks (<strong>Bronzong</strong>)!<br></div><div class="battle-history"><small>Pointed stones dug into bop rocks!</small><br></div><div class="spacer battle-history"><br></div><div class="battle-history">Imai Nobume withdrew Distant Blue!<br></div><div class="battle-history">Imai Nobume sent out Snow White (<strong>Registeel</strong>)!<br></div><div class="spacer battle-history"><br></div><div class="battle-history"><small>bop rocks restored a little HP using its Leftovers!</small><br></div><div class="spacer battle-history"><br></div><h2 class="battle-history">Turn 30</h2><div class="spacer battle-history"><br></div><div class="battle-history">The opposing Snow White used <strong>Seismic Toss</strong>!<br></div><div class="battle-history"><small>(bop rocks lost <abbr title="−100/338">29.6%</abbr> of its health!)</small><br></div><div class="spacer battle-history"><br></div><div class="battle-history">bop rocks used <strong>Stealth Rock</strong>!<br></div><div class="battle-history"><small>Pointed stones float in the air around the opposing team!</small><br></div><div class="spacer battle-history"><br></div><div class="battle-history"><small>bop rocks restored a little HP using its Leftovers!</small><br></div><div class="spacer battle-history"><br></div><h2 class="battle-history">Turn 31</h2><div class="spacer battle-history"><br></div><div class="battle-history">bop rocks used <strong>Protect</strong>!<br></div><div class="battle-history"><small>bop rocks protected itself!</small><br></div><div class="spacer battle-history"><br></div><div class="battle-history">The opposing Snow White used <strong>Seismic Toss</strong>!<br></div><div class="battle-history"><small>bop rocks protected itself!</small><br></div><div class="spacer battle-history"><br></div><div class="battle-history"><small>bop rocks restored a little HP using its Leftovers!</small><br></div><div class="spacer battle-history"><br></div><h2 class="battle-history">Turn 32</h2><div class="spacer battle-history"><br></div><div class="battle-history">bop rocks, come back!<br></div><div class="battle-history">Go! bop trapped (<strong>Spiritomb</strong>)!<br></div><div class="battle-history"><small>Pointed stones dug into bop trapped!</small><br></div><div class="battle-history"><small>[bop trapped's Pressure]</small><br><small>bop trapped is exerting its pressure!</small><br></div><div class="spacer battle-history"><br></div><div class="battle-history">The opposing Snow White used <strong>Toxic</strong>!<br></div><div class="battle-history"><small>bop trapped was badly poisoned!</small><br></div><div class="spacer battle-history"><br></div><div class="battle-history"><small>bop trapped restored a little HP using its Leftovers!</small><br></div><div class="battle-history"><small>bop trapped was hurt by poison!</small><br></div><div class="spacer battle-history"><br></div><h2 class="battle-history">Turn 33</h2><div class="spacer battle-history"><br></div><div class="battle-history">Imai Nobume withdrew Snow White!<br></div><div class="battle-history">Imai Nobume sent out Crimson Rose (<strong>Granbull</strong>)!<br></div><div class="battle-history"><small>Pointed stones dug into the opposing Crimson Rose!</small><br></div><div class="battle-history"><small>[The opposing Crimson Rose's Intimidate]</small><br></div><div class="battle-history"><small>bop trapped's Attack fell!</small><br></div><div class="spacer battle-history"><br></div><div class="battle-history">bop trapped used <strong>Will-O-Wisp</strong>!<br></div><div class="battle-history"><small>The opposing Crimson Rose was burned!</small><br></div><div class="spacer battle-history"><br></div><div class="battle-history"><small>bop trapped restored a little HP using its Leftovers!</small><br></div><div class="battle-history"><small>The opposing Crimson Rose was hurt by its burn!</small><br></div><div class="battle-history"><small>bop trapped was hurt by poison!</small><br></div><div class="spacer battle-history"><br></div><h2 class="battle-history">Turn 34</h2><div class="spacer battle-history"><br></div><div class="battle-history">Imai Nobume withdrew Crimson Rose!<br></div><div class="battle-history">Imai Nobume sent out Seiren (<strong>Lanturn</strong>)!<br></div><div class="battle-history"><small>Pointed stones dug into the opposing Seiren!</small><br></div><div class="spacer battle-history"><br></div><div class="battle-history">bop trapped used <strong>Will-O-Wisp</strong>!<br></div><div class="battle-history"><small>The opposing Seiren was burned!</small><br></div><div class="spacer battle-history"><br></div><div class="battle-history"><small>The opposing Seiren restored a little HP using its Leftovers!</small><br></div><div class="battle-history"><small>bop trapped restored a little HP using its Leftovers!</small><br></div><div class="battle-history"><small>The opposing Seiren was hurt by its burn!</small><br></div><div class="battle-history"><small>bop trapped was hurt by poison!</small><br></div><div class="spacer battle-history"><br></div><h2 class="battle-history">Turn 35</h2><div class="spacer battle-history"><br></div><div class="battle-history">The opposing Seiren used <strong>Heal Bell</strong>!<br></div><div class="battle-history"><small>A bell chimed!</small><br></div><div class="battle-history"><small>The opposing Seiren's burn was healed.</small><br></div><div class="battle-history"><small>The opposing Crimson Rose's burn was healed.</small><br></div><div class="battle-history"><small>The opposing Distant Blue was cured of its poisoning.</small><br></div><div class="spacer battle-history"><br></div><div class="battle-history">bop trapped used <strong>Rest</strong>!<br></div><div class="battle-history"><small>bop trapped fell asleep!</small><br></div><div class="battle-history"><small>bop trapped slept and became healthy!</small><br></div><div class="spacer battle-history"><br></div><div class="battle-history"><small>The opposing Seiren restored a little HP using its Leftovers!</small><br></div><div class="spacer battle-history"><br></div><h2 class="battle-history">Turn 36</h2><div class="spacer battle-history"><br></div><div class="battle-history">bop trapped, come back!<br></div><div class="battle-history">Go! bop walled (<strong>Quagsire</strong>)!<br></div><div class="battle-history"><small>Pointed stones dug into bop walled!</small><br></div><div class="spacer battle-history"><br></div><div class="battle-history">The opposing Seiren used <strong>Volt Switch</strong>!<br></div><div class="battle-history"><small>It doesn't affect bop walled...</small><br></div><div class="spacer battle-history"><br></div><div class="battle-history"><small>The opposing Seiren restored a little HP using its Leftovers!</small><br></div><div class="battle-history"><small>bop walled restored a little HP using its Leftovers!</small><br></div><div class="spacer battle-history"><br></div><h2 class="battle-history">Turn 37</h2><div class="spacer battle-history"><br></div><div class="battle-history">The opposing Seiren went back to Imai Nobume!<br></div><div class="battle-history">Imai Nobume sent out Snow White (<strong>Registeel</strong>)!<br></div><div class="battle-history"><small>Pointed stones dug into the opposing Snow White!</small><br></div><div class="spacer battle-history"><br></div><div class="battle-history">bop walled used <strong>Toxic</strong>!<br></div><div class="battle-history"><small>It doesn't affect the opposing Snow White...</small><br></div><div class="spacer battle-history"><br></div><div class="battle-history"><small>The opposing Snow White restored a little HP using its Leftovers!</small><br></div><div class="spacer battle-history"><br></div><h2 class="battle-history">Turn 38</h2><div class="spacer battle-history"><br></div><div class="battle-history">The opposing Snow White used <strong>Seismic Toss</strong>!<br></div><div class="battle-history"><small>(bop walled lost <abbr title="−100/394">25.4%</abbr> of its health!)</small><br></div><div class="spacer battle-history"><br></div><div class="battle-history">bop walled used <strong>Scald</strong>!<br></div><div class="battle-history"><small>(The opposing Snow White lost <abbr title="−36/364">9.9%</abbr> of its health!)</small><br></div><div class="battle-history"><small>The opposing Snow White was burned!</small><br></div><div class="spacer battle-history"><br></div><div class="battle-history"><small>The opposing Snow White restored a little HP using its Leftovers!</small><br></div><div class="battle-history"><small>bop walled restored a little HP using its Leftovers!</small><br></div><div class="battle-history"><small>The opposing Snow White was hurt by its burn!</small><br></div><div class="spacer battle-history"><br></div><h2 class="battle-history">Turn 39</h2><div class="spacer battle-history"><br></div><div class="battle-history">bop walled, come back!<br></div><div class="battle-history">Go! bop rocks (<strong>Bronzong</strong>)!<br></div><div class="battle-history"><small>Pointed stones dug into bop rocks!</small><br></div><div class="spacer battle-history"><br></div><div class="battle-history">The opposing Snow White used <strong>Seismic Toss</strong>!<br></div><div class="battle-history"><small>(bop rocks lost <abbr title="−100/338">29.6%</abbr> of its health!)</small><br></div><div class="spacer battle-history"><br></div><div class="battle-history"><small>The opposing Snow White restored a little HP using its Leftovers!</small><br></div><div class="battle-history"><small>bop rocks restored a little HP using its Leftovers!</small><br></div><div class="battle-history"><small>The opposing Snow White was hurt by its burn!</small><br></div><div class="spacer battle-history"><br></div><h2 class="battle-history">Turn 40</h2><div class="spacer battle-history"><br></div><div class="battle-history">Imai Nobume withdrew Snow White!<br></div><div class="battle-history">Imai Nobume sent out Seiren (<strong>Lanturn</strong>)!<br></div><div class="battle-history"><small>Pointed stones dug into the opposing Seiren!</small><br></div><div class="spacer battle-history"><br></div><div class="battle-history">bop rocks, come back!<br></div><div class="battle-history">Go! bop healed (<strong>Aromatisse</strong>)!<br></div><div class="battle-history"><small>Pointed stones dug into bop healed!</small><br></div><div class="spacer battle-history"><br></div><div class="battle-history"><small>The opposing Seiren restored a little HP using its Leftovers!</small><br></div><div class="battle-history"><small>bop healed restored a little HP using its Leftovers!</small><br></div><div class="spacer battle-history"><br></div><h2 class="battle-history">Turn 41</h2><div class="spacer battle-history"><br></div><div class="battle-history">The opposing Seiren used <strong>Heal Bell</strong>!<br></div><div class="battle-history"><small>A bell chimed!</small><br></div><div class="battle-history"><small>The opposing Snow White's burn was healed.</small><br></div><div class="spacer battle-history"><br></div><div class="battle-history">bop healed used <strong>Wish</strong>!<br></div><div class="spacer battle-history"><br></div><div class="battle-history"><small>The opposing Seiren restored a little HP using its Leftovers!</small><br></div><div class="battle-history"><small>bop healed restored a little HP using its Leftovers!</small><br></div><div class="spacer battle-history"><br></div><h2 class="battle-history">Turn 42</h2><div class="spacer battle-history"><br></div><div class="battle-history">bop healed, come back!<br></div><div class="battle-history">Go! bop rocks (<strong>Bronzong</strong>)!<br></div><div class="battle-history"><small>Pointed stones dug into bop rocks!</small><br></div><div class="spacer battle-history"><br></div><div class="battle-history">The opposing Seiren used <strong>Scald</strong>!<br></div><div class="battle-history"><small>(bop rocks lost <abbr title="−51/338">15.1%</abbr> of its health!)</small><br></div><div class="spacer battle-history"><br></div><div class="battle-history"><small>bop healed's wish came true!</small><br></div><div class="battle-history"><small>The opposing Seiren restored a little HP using its Leftovers!</small><br></div><div class="battle-history"><small>bop rocks restored a little HP using its Leftovers!</small><br></div><div class="spacer battle-history"><br></div><h2 class="battle-history">Turn 43</h2><div class="spacer battle-history"><br></div><div class="battle-history">bop rocks, come back!<br></div><div class="battle-history">Go! bop walled (<strong>Quagsire</strong>)!<br></div><div class="battle-history"><small>Pointed stones dug into bop walled!</small><br></div><div class="spacer battle-history"><br></div><div class="battle-history">The opposing Seiren used <strong>Volt Switch</strong>!<br></div><div class="battle-history"><small>It doesn't affect bop walled...</small><br></div><div class="spacer battle-history"><br></div><div class="battle-history"><small>bop walled restored a little HP using its Leftovers!</small><br></div><div class="spacer battle-history"><br></div><h2 class="battle-history">Turn 44</h2><div class="spacer battle-history"><br></div><div class="battle-history">The opposing Seiren went back to Imai Nobume!<br></div><div class="battle-history">Imai Nobume sent out Snow White (<strong>Registeel</strong>)!<br></div><div class="battle-history"><small>Pointed stones dug into the opposing Snow White!</small><br></div><div class="spacer battle-history"><br></div><div class="battle-history">bop walled used <strong>Scald</strong>!<br></div><div class="battle-history"><small>(The opposing Snow White lost <abbr title="−39/364">10.7%</abbr> of its health!)</small><br></div><div class="battle-history"><small>The opposing Snow White was burned!</small><br></div><div class="spacer battle-history"><br></div><div class="battle-history"><small>The opposing Snow White restored a little HP using its Leftovers!</small><br></div><div class="battle-history"><small>bop walled restored a little HP using its Leftovers!</small><br></div><div class="battle-history"><small>The opposing Snow White was hurt by its burn!</small><br></div><div class="spacer battle-history"><br></div><h2 class="battle-history">Turn 45</h2><div class="spacer battle-history"><br></div><div class="battle-history">The opposing Snow White used <strong>Toxic</strong>!<br></div><div class="battle-history"><small>bop walled was badly poisoned!</small><br></div><div class="spacer battle-history"><br></div><div class="battle-history">bop walled used <strong>Scald</strong>!<br></div><div class="battle-history"><small>(The opposing Snow White lost <abbr title="−34/364">9.3%</abbr> of its health!)</small><br></div><div class="spacer battle-history"><br></div><div class="battle-history"><small>The opposing Snow White restored a little HP using its Leftovers!</small><br></div><div class="battle-history"><small>bop walled restored a little HP using its Leftovers!</small><br></div><div class="battle-history"><small>The opposing Snow White was hurt by its burn!</small><br></div><div class="battle-history"><small>bop walled was hurt by poison!</small><br></div><div class="spacer battle-history"><br></div><h2 class="battle-history">Turn 46</h2><div class="spacer battle-history"><br></div><div class="battle-history">Imai Nobume withdrew Snow White!<br></div><div class="battle-history">Imai Nobume sent out Distant Blue (<strong>Alomomola</strong>)!<br></div><div class="battle-history"><small>Pointed stones dug into the opposing Distant Blue!</small><br></div><div class="spacer battle-history"><br></div><div class="battle-history">bop walled used <strong>Toxic</strong>!<br></div><div class="battle-history"><small>The opposing Distant Blue was badly poisoned!</small><br></div><div class="spacer battle-history"><br></div><div class="battle-history"><small>The opposing Distant Blue restored a little HP using its Leftovers!</small><br></div><div class="battle-history"><small>bop walled restored a little HP using its Leftovers!</small><br></div><div class="battle-history"><small>The opposing Distant Blue was hurt by poison!</small><br></div><div class="battle-history"><small>bop walled was hurt by poison!</small><br></div><div class="spacer battle-history"><br></div><h2 class="battle-history">Turn 47</h2><div class="spacer battle-history"><br></div><div class="battle-history">bop walled, come back!<br></div><div class="battle-history">Go! bop healed (<strong>Aromatisse</strong>)!<br></div><div class="battle-history"><small>Pointed stones dug into bop healed!</small><br></div><div class="spacer battle-history"><br></div><div class="battle-history">The opposing Distant Blue used <strong>Wish</strong>!<br></div><div class="spacer battle-history"><br></div><div class="battle-history"><small>The opposing Distant Blue restored a little HP using its Leftovers!</small><br></div><div class="battle-history"><small>bop healed restored a little HP using its Leftovers!</small><br></div><div class="battle-history"><small>The opposing Distant Blue was hurt by poison!</small><br></div><div class="spacer battle-history"><br></div><h2 class="battle-history">Turn 48</h2><div class="spacer battle-history"><br></div><div class="battle-history">Imai Nobume withdrew Distant Blue!<br></div><div class="battle-history">Imai Nobume sent out Snow White (<strong>Registeel</strong>)!<br></div><div class="battle-history"><small>Pointed stones dug into the opposing Snow White!</small><br></div><div class="spacer battle-history"><br></div><div class="battle-history">bop healed used <strong>Heal Bell</strong>!<br></div><div class="battle-history"><small>A bell chimed!</small><br></div><div class="battle-history"><small>bop walled was cured of its poisoning.</small><br></div><div class="battle-history"><small>bop trapped woke up!</small><br></div><div class="spacer battle-history"><br></div><div class="battle-history"><small>Distant Blue's wish came true!</small><br></div><div class="battle-history"><small>bop healed restored a little HP using its Leftovers!</small><br></div><div class="battle-history"><small>The opposing Snow White was hurt by its burn!</small><br></div><div class="spacer battle-history"><br></div><h2 class="battle-history">Turn 49</h2><div class="spacer battle-history"><br></div><div class="battle-history">Imai Nobume withdrew Snow White!<br></div><div class="battle-history">Imai Nobume sent out Seiren (<strong>Lanturn</strong>)!<br></div><div class="battle-history"><small>Pointed stones dug into the opposing Seiren!</small><br></div><div class="spacer battle-history"><br></div><div class="battle-history">bop healed used <strong>Protect</strong>!<br></div><div class="battle-history"><small>But it failed!</small><br></div><div class="spacer battle-history"><br></div><div class="battle-history"><small>The opposing Seiren restored a little HP using its Leftovers!</small><br></div><div class="spacer battle-history"><br></div><h2 class="battle-history">Turn 50</h2><div class="spacer battle-history"><br></div><div class="battle-history">The opposing Seiren used <strong>Heal Bell</strong>!<br></div><div class="battle-history"><small>A bell chimed!</small><br></div><div class="battle-history"><small>The opposing Distant Blue was cured of its poisoning.</small><br></div><div class="battle-history"><small>The opposing Snow White's burn was healed.</small><br></div><div class="spacer battle-history"><br></div><div class="battle-history">bop healed used <strong>Moonblast</strong>!<br></div><div class="battle-history"><small>(The opposing Seiren lost <abbr title="−106/417">25.4%</abbr> of its health!)</small><br></div><div class="spacer battle-history"><br></div><div class="battle-history"><small>The opposing Seiren restored a little HP using its Leftovers!</small><br></div><div class="spacer battle-history"><br></div><h2 class="battle-history">Turn 51</h2><div class="spacer battle-history"><br></div><div class="battle-history">The opposing Seiren used <strong>Volt Switch</strong>!<br></div><div class="battle-history"><small>(bop healed lost <abbr title="−73/406">18.0%</abbr> of its health!)</small><br></div><div class="spacer battle-history"><br></div><div class="battle-history">The opposing Seiren went back to Imai Nobume!<br></div><div class="battle-history">Imai Nobume sent out Snow White (<strong>Registeel</strong>)!<br></div><div class="battle-history"><small>Pointed stones dug into the opposing Snow White!</small><br></div><div class="spacer battle-history"><br></div><div class="battle-history">bop healed used <strong>Moonblast</strong>!<br></div><div class="battle-history"><small>It's not very effective...</small><br></div><div class="battle-history"><small>(The opposing Snow White lost <abbr title="−30/364">8.2%</abbr> of its health!)</small><br></div><div class="spacer battle-history"><br></div><div class="battle-history"><small>The opposing Snow White restored a little HP using its Leftovers!</small><br></div><div class="battle-history"><small>bop healed restored a little HP using its Leftovers!</small><br></div><div class="spacer battle-history"><br></div><h2 class="battle-history">Turn 52</h2><div class="spacer battle-history"><br></div><div class="battle-history">bop healed used <strong>Protect</strong>!<br></div><div class="battle-history"><small>bop healed protected itself!</small><br></div><div class="spacer battle-history"><br></div><div class="battle-history">The opposing Snow White used <strong>Seismic Toss</strong>!<br></div><div class="battle-history"><small>bop healed protected itself!</small><br></div><div class="spacer battle-history"><br></div><div class="battle-history"><small>The opposing Snow White restored a little HP using its Leftovers!</small><br></div><div class="battle-history"><small>bop healed restored a little HP using its Leftovers!</small><br></div><div class="spacer battle-history"><br></div><h2 class="battle-history">Turn 53</h2><div class="spacer battle-history"><br></div><div class="battle-history">bop healed, come back!<br></div><div class="battle-history">Go! bop trapped (<strong>Spiritomb</strong>)!<br></div><div class="battle-history"><small>Pointed stones dug into bop trapped!</small><br></div><div class="battle-history"><small>[bop trapped's Pressure]</small><br><small>bop trapped is exerting its pressure!</small><br></div><div class="spacer battle-history"><br></div><div class="battle-history">The opposing Snow White used <strong>Seismic Toss</strong>!<br></div><div class="battle-history"><small>It doesn't affect bop trapped...</small><br></div><div class="spacer battle-history"><br></div><div class="battle-history"><small>The opposing Snow White restored a little HP using its Leftovers!</small><br></div><div class="battle-history"><small>bop trapped restored a little HP using its Leftovers!</small><br></div><div class="spacer battle-history"><br></div><h2 class="battle-history">Turn 54</h2><div class="spacer battle-history"><br></div><div class="battle-history">The opposing Snow White used <strong>Protect</strong>!<br></div><div class="battle-history"><small>The opposing Snow White protected itself!</small><br></div><div class="spacer battle-history"><br></div><div class="battle-history">bop trapped used <strong>Will-O-Wisp</strong>!<br></div><div class="battle-history"><small>The opposing Snow White protected itself!</small><br></div><div class="spacer battle-history"><br></div><div class="battle-history"><small>The opposing Snow White restored a little HP using its Leftovers!</small><br></div><div class="battle-history"><small>bop trapped restored a little HP using its Leftovers!</small><br></div><div class="spacer battle-history"><br></div><h2 class="battle-history">Turn 55</h2><div class="spacer battle-history"><br></div><div class="battle-history">Imai Nobume withdrew Snow White!<br></div><div class="battle-history">Imai Nobume sent out Crimson Rose (<strong>Granbull</strong>)!<br></div><div class="battle-history"><small>Pointed stones dug into the opposing Crimson Rose!</small><br></div><div class="battle-history"><small>[The opposing Crimson Rose's Intimidate]</small><br></div><div class="battle-history"><small>bop trapped's Attack fell!</small><br></div><div class="spacer battle-history"><br></div><div class="battle-history">bop trapped used <strong>Will-O-Wisp</strong>!<br></div><div class="battle-history"><small>The opposing Crimson Rose was burned!</small><br></div><div class="spacer battle-history"><br></div><div class="battle-history"><small>The opposing Crimson Rose was hurt by its burn!</small><br></div><div class="spacer battle-history"><br></div><h2 class="battle-history">Turn 56</h2><div class="spacer battle-history"><br></div><div class="battle-history">bop trapped, come back!<br></div><div class="battle-history">Go! bop rocks (<strong>Bronzong</strong>)!<br></div><div class="battle-history"><small>Pointed stones dug into bop rocks!</small><br></div><div class="spacer battle-history"><br></div><div class="battle-history">The opposing Crimson Rose used <strong>Rest</strong>!<br></div><div class="battle-history"><small>The opposing Crimson Rose fell asleep!</small><br></div><div class="battle-history"><small>The opposing Crimson Rose slept and became healthy!</small><br></div><div class="spacer battle-history"><br></div><div class="battle-history"><small>bop rocks restored a little HP using its Leftovers!</small><br></div><div class="spacer battle-history"><br></div><h2 class="battle-history">Turn 57</h2><div class="spacer battle-history"><br></div><div class="battle-history">The opposing Crimson Rose is fast asleep.<br></div><div class="spacer battle-history"><br></div><div class="battle-history">bop rocks used <strong>Gyro Ball</strong>!<br></div><div class="battle-history"><small>It's super effective!</small><br></div><div class="battle-history"><small>(The opposing Crimson Rose lost <abbr title="−96/384">25%</abbr> of its health!)</small><br></div><div class="battle-history"><small>bop rocks was hurt by the Rocky Helmet!</small><br></div><div class="spacer battle-history"><br></div><div class="battle-history"><small>bop rocks restored a little HP using its Leftovers!</small><br></div><div class="spacer battle-history"><br></div><h2 class="battle-history">Turn 58</h2><div class="spacer battle-history"><br></div><div class="battle-history">bop rocks, come back!<br></div><div class="battle-history">Go! bop muk (<strong>Muk</strong>)!<br></div><div class="battle-history"><small>Pointed stones dug into bop muk!</small><br></div><div class="spacer battle-history"><br></div><div class="battle-history">The opposing Crimson Rose is fast asleep.<br></div><div class="spacer battle-history"><br></div><div class="battle-history"><small>bop muk restored a little HP using its Leftovers!</small><br></div><div class="spacer battle-history"><br></div><h2 class="battle-history">Turn 59</h2><div class="spacer battle-history"><br></div><div class="battle-history">Imai Nobume withdrew Crimson Rose!<br></div><div class="battle-history">Imai Nobume sent out Distant Blue (<strong>Alomomola</strong>)!<br></div><div class="battle-history"><small>Pointed stones dug into the opposing Distant Blue!</small><br></div><div class="spacer battle-history"><br></div><div class="battle-history">bop muk used <strong>Substitute</strong>!<br></div><div class="battle-history"><small>bop muk put in a substitute!</small><br></div><div class="battle-history"><small>(bop muk lost <abbr title="−101/404">25%</abbr> of its health!)</small><br></div><div class="spacer battle-history"><br></div><div class="battle-history"><small>bop muk restored a little HP using its Leftovers!</small><br></div><div class="battle-history"><small>The opposing Distant Blue restored a little HP using its Leftovers!</small><br></div><div class="spacer battle-history"><br></div><h2 class="battle-history">Turn 60</h2><div class="spacer battle-history"><br></div><div class="battle-history">bop muk used <strong>Poison Jab</strong>!<br></div><div class="battle-history"><small>(The opposing Distant Blue lost <abbr title="−99/497">19.9%</abbr> of its health!)</small><br></div><div class="battle-history"><small>The opposing Distant Blue was poisoned!</small><br></div><div class="spacer battle-history"><br></div><div class="battle-history">The opposing Distant Blue used <strong>Scald</strong>!<br></div><div class="battle-history"><small>The substitute took damage for bop muk!</small><br></div><div class="spacer battle-history"><br></div><div class="battle-history"><small>bop muk restored a little HP using its Leftovers!</small><br></div><div class="battle-history"><small>The opposing Distant Blue restored a little HP using its Leftovers!</small><br></div><div class="battle-history"><small>The opposing Distant Blue was hurt by poison!</small><br></div><div class="spacer battle-history"><br></div><h2 class="battle-history">Turn 61</h2><div class="spacer battle-history"><br></div><div class="battle-history"><small>bop muk is tightening its focus!</small><br></div><div class="spacer battle-history"><br></div><div class="battle-history">The opposing Distant Blue used <strong>Wish</strong>!<br></div><div class="spacer battle-history"><br></div><div class="battle-history">bop muk used <strong>Focus Punch</strong>!<br></div><div class="battle-history"><small>(The opposing Distant Blue lost <abbr title="−131/497">26.4%</abbr> of its health!)</small><br></div><div class="spacer battle-history"><br></div><div class="battle-history"><small>bop muk restored a little HP using its Leftovers!</small><br></div><div class="battle-history"><small>The opposing Distant Blue restored a little HP using its Leftovers!</small><br></div><div class="battle-history"><small>The opposing Distant Blue was hurt by poison!</small><br></div><div class="spacer battle-history"><br></div><h2 class="battle-history">Turn 62</h2><div class="spacer battle-history"><br></div><div class="battle-history"><small>bop muk is tightening its focus!</small><br></div><div class="spacer battle-history"><br></div><div class="battle-history">The opposing Distant Blue used <strong>Protect</strong>!<br></div><div class="battle-history"><small>The opposing Distant Blue protected itself!</small><br></div><div class="spacer battle-history"><br></div><div class="battle-history">bop muk used <strong>Focus Punch</strong>!<br></div><div class="battle-history"><small>The opposing Distant Blue protected itself!</small><br></div><div class="spacer battle-history"><br></div><div class="battle-history"><small>Distant Blue's wish came true!</small><br></div><div class="battle-history"><small>bop muk restored a little HP using its Leftovers!</small><br></div><div class="battle-history"><small>The opposing Distant Blue restored a little HP using its Leftovers!</small><br></div><div class="battle-history"><small>The opposing Distant Blue was hurt by poison!</small><br></div><div class="spacer battle-history"><br></div><h2 class="battle-history">Turn 63</h2><div class="spacer battle-history"><br></div><div class="battle-history"><small>bop muk is tightening its focus!</small><br></div><div class="spacer battle-history"><br></div><div class="battle-history">The opposing Distant Blue used <strong>Wish</strong>!<br></div><div class="spacer battle-history"><br></div><div class="battle-history">bop muk used <strong>Focus Punch</strong>!<br></div><div class="battle-history"><small>(The opposing Distant Blue lost <abbr title="−122/497">24.5%</abbr> of its health!)</small><br></div><div class="spacer battle-history"><br></div><div class="battle-history"><small>bop muk restored a little HP using its Leftovers!</small><br></div><div class="battle-history"><small>The opposing Distant Blue restored a little HP using its Leftovers!</small><br></div><div class="battle-history"><small>The opposing Distant Blue was hurt by poison!</small><br></div><div class="spacer battle-history"><br></div><h2 class="battle-history">Turn 64</h2><div class="spacer battle-history"><br></div><div class="battle-history">Imai Nobume withdrew Distant Blue!<br></div><div class="battle-history">Imai Nobume sent out Snow White (<strong>Registeel</strong>)!<br></div><div class="battle-history"><small>Pointed stones dug into the opposing Snow White!</small><br></div><div class="spacer battle-history"><br></div><div class="battle-history">bop muk used <strong>Poison Jab</strong>!<br></div><div class="battle-history"><small>It doesn't affect the opposing Snow White...</small><br></div><div class="spacer battle-history"><br></div><div class="battle-history"><small>Distant Blue's wish came true!</small><br></div><div class="battle-history"><small>bop muk restored a little HP using its Leftovers!</small><br></div><div class="spacer battle-history"><br></div><h2 class="battle-history">Turn 65</h2><div class="spacer battle-history"><br></div><div class="battle-history">bop muk used <strong>Substitute</strong>!<br></div><div class="battle-history"><small>bop muk already has a substitute!</small><br></div><div class="spacer battle-history"><br></div><div class="battle-history">The opposing Snow White used <strong>Seismic Toss</strong>!<br></div><div class="battle-history"><small>bop muk's substitute faded!</small><br></div><div class="spacer battle-history"><br></div><h2 class="battle-history">Turn 66</h2><div class="spacer battle-history"><br></div><div class="battle-history">bop muk used <strong>Substitute</strong>!<br></div><div class="battle-history"><small>bop muk put in a substitute!</small><br></div><div class="battle-history"><small>(bop muk lost <abbr title="−101/404">25%</abbr> of its health!)</small><br></div><div class="spacer battle-history"><br></div><div class="battle-history">The opposing Snow White used <strong>Seismic Toss</strong>!<br></div><div class="battle-history"><small>The substitute took damage for bop muk!</small><br></div><div class="spacer battle-history"><br></div><div class="battle-history"><small>bop muk restored a little HP using its Leftovers!</small><br></div><div class="spacer battle-history"><br></div><h2 class="battle-history">Turn 67</h2><div class="spacer battle-history"><br></div><div class="battle-history">The opposing Snow White used <strong>Protect</strong>!<br></div><div class="battle-history"><small>The opposing Snow White protected itself!</small><br></div><div class="spacer battle-history"><br></div><div class="battle-history">bop muk used <strong>Ice Punch</strong>!<br></div><div class="battle-history"><small>The opposing Snow White protected itself!</small><br></div><div class="spacer battle-history"><br></div><div class="battle-history"><small>bop muk restored a little HP using its Leftovers!</small><br></div><div class="spacer battle-history"><br></div><h2 class="battle-history">Turn 68</h2><div class="spacer battle-history"><br></div><div class="battle-history"><small>bop muk is tightening its focus!</small><br></div><div class="spacer battle-history"><br></div><div class="battle-history">Imai Nobume withdrew Snow White!<br></div><div class="battle-history">Imai Nobume sent out Twilight Princess (<strong>Flygon</strong>)!<br></div><div class="battle-history"><small>Pointed stones dug into the opposing Twilight Princess!</small><br></div><div class="spacer battle-history"><br></div><div class="battle-history">bop muk used <strong>Focus Punch</strong>!<br></div><div class="battle-history"><small>(The opposing Twilight Princess lost <abbr title="−181/364">49.7%</abbr> of its health!)</small><br></div><div class="spacer battle-history"><br></div><div class="battle-history"><small>The opposing Twilight Princess restored a little HP using its Leftovers!</small><br></div><div class="battle-history"><small>bop muk restored a little HP using its Leftovers!</small><br></div><div class="spacer battle-history"><br></div><h2 class="battle-history">Turn 69</h2><div class="spacer battle-history"><br></div><div class="battle-history">The opposing Twilight Princess used <strong>U-turn</strong>!<br></div><div class="battle-history"><small>It's not very effective...</small><br></div><div class="battle-history"><small>bop muk's substitute faded!</small><br></div><div class="spacer battle-history"><br></div><div class="battle-history">The opposing Twilight Princess went back to Imai Nobume!<br></div><div class="battle-history">Imai Nobume sent out Snow White (<strong>Registeel</strong>)!<br></div><div class="battle-history"><small>Pointed stones dug into the opposing Snow White!</small><br></div><div class="spacer battle-history"><br></div><div class="battle-history">bop muk used <strong>Ice Punch</strong>!<br></div><div class="battle-history"><small>It's not very effective...</small><br></div><div class="battle-history"><small>(The opposing Snow White lost <abbr title="−28/364">7.7%</abbr> of its health!)</small><br></div><div class="spacer battle-history"><br></div><div class="battle-history"><small>bop muk restored a little HP using its Leftovers!</small><br></div><div class="battle-history"><small>The opposing Snow White restored a little HP using its Leftovers!</small><br></div><div class="spacer battle-history"><br></div><h2 class="battle-history">Turn 70</h2><div class="spacer battle-history"><br></div><div class="battle-history"><small>bop muk is tightening its focus!</small><br></div><div class="spacer battle-history"><br></div><div class="battle-history">The opposing Snow White used <strong>Seismic Toss</strong>!<br></div><div class="battle-history"><small>(bop muk lost <abbr title="−100/404">24.8%</abbr> of its health!)</small><br></div><div class="spacer battle-history"><br></div><div class="battle-history">bop muk lost its focus and couldn't move!<br></div><div class="spacer battle-history"><br></div><div class="battle-history"><small>bop muk restored a little HP using its Leftovers!</small><br></div><div class="battle-history"><small>The opposing Snow White restored a little HP using its Leftovers!</small><br></div><div class="spacer battle-history"><br></div><h2 class="battle-history">Turn 71</h2><div class="spacer battle-history"><br></div><div class="battle-history">bop muk used <strong>Substitute</strong>!<br></div><div class="battle-history"><small>bop muk put in a substitute!</small><br></div><div class="battle-history"><small>(bop muk lost <abbr title="−101/404">25%</abbr> of its health!)</small><br></div><div class="spacer battle-history"><br></div><div class="battle-history">The opposing Snow White used <strong>Seismic Toss</strong>!<br></div><div class="battle-history"><small>The substitute took damage for bop muk!</small><br></div><div class="spacer battle-history"><br></div><div class="battle-history"><small>bop muk restored a little HP using its Leftovers!</small><br></div><div class="battle-history"><small>The opposing Snow White restored a little HP using its Leftovers!</small><br></div><div class="spacer battle-history"><br></div><h2 class="battle-history">Turn 72</h2><div class="spacer battle-history"><br></div><div class="battle-history">bop muk used <strong>Ice Punch</strong>!<br></div><div class="battle-history"><small>It's not very effective...</small><br></div><div class="battle-history"><small>(The opposing Snow White lost <abbr title="−26/364">7.1%</abbr> of its health!)</small><br></div><div class="spacer battle-history"><br></div><div class="battle-history">The opposing Snow White used <strong>Seismic Toss</strong>!<br></div><div class="battle-history"><small>bop muk's substitute faded!</small><br></div><div class="spacer battle-history"><br></div><div class="battle-history"><small>bop muk restored a little HP using its Leftovers!</small><br></div><div class="battle-history"><small>The opposing Snow White restored a little HP using its Leftovers!</small><br></div><div class="spacer battle-history"><br></div><h2 class="battle-history">Turn 73</h2><div class="spacer battle-history"><br></div><div class="battle-history">bop muk, come back!<br></div><div class="battle-history">Go! bop trapped (<strong>Spiritomb</strong>)!<br></div><div class="battle-history"><small>Pointed stones dug into bop trapped!</small><br></div><div class="battle-history"><small>[bop trapped's Pressure]</small><br><small>bop trapped is exerting its pressure!</small><br></div><div class="spacer battle-history"><br></div><div class="battle-history">The opposing Snow White used <strong>Seismic Toss</strong>!<br></div><div class="battle-history"><small>It doesn't affect bop trapped...</small><br></div><div class="spacer battle-history"><br></div><div class="battle-history"><small>The opposing Snow White restored a little HP using its Leftovers!</small><br></div><div class="battle-history"><small>bop trapped restored a little HP using its Leftovers!</small><br></div><div class="spacer battle-history"><br></div><h2 class="battle-history">Turn 74</h2><div class="spacer battle-history"><br></div><div class="battle-history">Imai Nobume withdrew Snow White!<br></div><div class="battle-history">Imai Nobume sent out Crimson Rose (<strong>Granbull</strong>)!<br></div><div class="battle-history"><small>Pointed stones dug into the opposing Crimson Rose!</small><br></div><div class="battle-history"><small>[The opposing Crimson Rose's Intimidate]</small><br></div><div class="battle-history"><small>bop trapped's Attack fell!</small><br></div><div class="spacer battle-history"><br></div><div class="battle-history">bop trapped used <strong>Will-O-Wisp</strong>!<br></div><div class="battle-history"><small>But it failed!</small><br></div><div class="spacer battle-history"><br></div><div class="battle-history"><small>bop trapped restored a little HP using its Leftovers!</small><br></div><div class="spacer battle-history"><br></div><h2 class="battle-history">Turn 75</h2><div class="spacer battle-history"><br></div><div class="battle-history">bop trapped, come back!<br></div><div class="battle-history">Go! bop healed (<strong>Aromatisse</strong>)!<br></div><div class="battle-history"><small>Pointed stones dug into bop healed!</small><br></div><div class="battle-history"><small>The opposing Crimson Rose woke up!</small><br></div><div class="spacer battle-history"><br></div><div class="battle-history">The opposing Crimson Rose used <strong>Toxic</strong>!<br></div><div class="battle-history"><small>bop healed was badly poisoned!</small><br></div><div class="spacer battle-history"><br></div><div class="battle-history"><small>bop healed restored a little HP using its Leftovers!</small><br></div><div class="battle-history"><small>bop healed was hurt by poison!</small><br></div><div class="spacer battle-history"><br></div><h2 class="battle-history">Turn 76</h2><div class="spacer battle-history"><br></div><div class="battle-history">Imai Nobume withdrew Crimson Rose!<br></div><div class="battle-history">Imai Nobume sent out Queen of Roses (<strong>Drapion</strong>)!<br></div><div class="battle-history"><small>Pointed stones dug into the opposing Queen of Roses!</small><br></div><div class="spacer battle-history"><br></div><div class="battle-history">bop healed used <strong>Wish</strong>!<br></div><div class="spacer battle-history"><br></div><div class="battle-history"><small>bop healed restored a little HP using its Leftovers!</small><br></div><div class="battle-history"><small>bop healed was hurt by poison!</small><br></div><div class="spacer battle-history"><br></div><h2 class="battle-history">Turn 77</h2><div class="spacer battle-history"><br></div><div class="battle-history">bop healed, come back!<br></div><div class="battle-history">Go! bop muk (<strong>Muk</strong>)!<br></div><div class="battle-history"><small>Pointed stones dug into bop muk!</small><br></div><div class="spacer battle-history"><br></div><div class="battle-history">The opposing Queen of Roses used <strong>Knock Off</strong>!<br></div><div class="battle-history"><small>(bop muk lost <abbr title="−172/404">42.6%</abbr> of its health!)</small><br></div><div class="battle-history"><small>[bop muk's Sticky Hold]</small><br><small>bop muk's item cannot be removed!</small><br></div><div class="spacer battle-history"><br></div><div class="battle-history"><small>bop healed's wish came true!</small><br></div><div class="battle-history"><small>bop muk restored a little HP using its Leftovers!</small><br></div><div class="spacer battle-history"><br></div><h2 class="battle-history">Turn 78</h2><div class="spacer battle-history"><br></div><div class="battle-history">bop muk, come back!<br></div><div class="battle-history">Go! bop walled (<strong>Quagsire</strong>)!<br></div><div class="battle-history"><small>Pointed stones dug into bop walled!</small><br></div><div class="spacer battle-history"><br></div><div class="battle-history">The opposing Queen of Roses used <strong>Knock Off</strong>!<br></div><div class="battle-history"><small>(bop walled lost <abbr title="−111/394">28.2%</abbr> of its health!)</small><br></div><div class="battle-history"><small>The opposing Queen of Roses knocked off bop walled's Leftovers!</small><br></div><div class="spacer battle-history"><br></div><h2 class="battle-history">Turn 79</h2><div class="spacer battle-history"><br></div><div class="battle-history">Imai Nobume withdrew Queen of Roses!<br></div><div class="battle-history">Imai Nobume sent out Twilight Princess (<strong>Flygon</strong>)!<br></div><div class="battle-history"><small>Pointed stones dug into the opposing Twilight Princess!</small><br></div><div class="spacer battle-history"><br></div><div class="battle-history">bop walled used <strong>Recover</strong>!<br></div><div class="battle-history"><small>bop walled restored its HP.</small><br></div><div class="spacer battle-history"><br></div><div class="battle-history"><small>The opposing Twilight Princess restored a little HP using its Leftovers!</small><br></div><div class="spacer battle-history"><br></div><h2 class="battle-history">Turn 80</h2><div class="spacer battle-history"><br></div><div class="battle-history">bop walled, come back!<br></div><div class="battle-history">Go! bop rocks (<strong>Bronzong</strong>)!<br></div><div class="battle-history"><small>Pointed stones dug into bop rocks!</small><br></div><div class="spacer battle-history"><br></div><div class="battle-history">The opposing Twilight Princess used <strong>Defog</strong>!<br></div><div class="battle-history"><small>bop rocks's evasiveness fell!</small><br></div><div class="battle-history"><small>The pointed stones disappeared from around your team!</small><br></div><div class="battle-history"><small>The pointed stones disappeared from around the opposing team!</small><br></div><div class="spacer battle-history"><br></div><div class="battle-history"><small>The opposing Twilight Princess restored a little HP using its Leftovers!</small><br></div><div class="battle-history"><small>bop rocks restored a little HP using its Leftovers!</small><br></div><div class="spacer battle-history"><br></div><h2 class="battle-history">Turn 81</h2><div class="spacer battle-history"><br></div><div class="battle-history">The opposing Twilight Princess used <strong>U-turn</strong>!<br></div><div class="battle-history"><small>(bop rocks lost <abbr title="−48/338">14.2%</abbr> of its health!)</small><br></div><div class="spacer battle-history"><br></div><div class="battle-history">The opposing Twilight Princess went back to Imai Nobume!<br></div><div class="battle-history">Imai Nobume sent out Snow White (<strong>Registeel</strong>)!<br></div><div class="spacer battle-history"><br></div><div class="battle-history">bop rocks used <strong>Stealth Rock</strong>!<br></div><div class="battle-history"><small>Pointed stones float in the air around the opposing team!</small><br></div><div class="spacer battle-history"><br></div><div class="battle-history"><small>bop rocks restored a little HP using its Leftovers!</small><br></div><div class="spacer battle-history"><br></div><h2 class="battle-history">Turn 82</h2><div class="spacer battle-history"><br></div><div class="battle-history">bop rocks, come back!<br></div><div class="battle-history">Go! bop trapped (<strong>Spiritomb</strong>)!<br></div><div class="battle-history"><small>[bop trapped's Pressure]</small><br><small>bop trapped is exerting its pressure!</small><br></div><div class="spacer battle-history"><br></div><div class="battle-history">The opposing Snow White used <strong>Stealth Rock</strong>!<br></div><div class="battle-history"><small>Pointed stones float in the air around your team!</small><br></div><div class="spacer battle-history"><br></div><h2 class="battle-history">Turn 83</h2><div class="spacer battle-history"><br></div><div class="battle-history">Imai Nobume withdrew Snow White!<br></div><div class="battle-history">Imai Nobume sent out Crimson Rose (<strong>Granbull</strong>)!<br></div><div class="battle-history"><small>Pointed stones dug into the opposing Crimson Rose!</small><br></div><div class="battle-history"><small>[The opposing Crimson Rose's Intimidate]</small><br></div><div class="battle-history"><small>bop trapped's Attack fell!</small><br></div><div class="spacer battle-history"><br></div><div class="battle-history">bop trapped used <strong>Will-O-Wisp</strong>!<br></div><div class="battle-history"><small>The opposing Crimson Rose was burned!</small><br></div><div class="spacer battle-history"><br></div><div class="battle-history"><small>The opposing Crimson Rose was hurt by its burn!</small><br></div><div class="spacer battle-history"><br></div><h2 class="battle-history">Turn 84</h2><div class="spacer battle-history"><br></div><div class="battle-history">The opposing Crimson Rose used <strong>Rest</strong>!<br></div><div class="battle-history"><small>The opposing Crimson Rose fell asleep!</small><br></div><div class="battle-history"><small>The opposing Crimson Rose slept and became healthy!</small><br></div><div class="spacer battle-history"><br></div><div class="battle-history">bop trapped used <strong>Calm Mind</strong>!<br></div><div class="battle-history"><small>bop trapped's Special Attack rose!</small><br></div><div class="battle-history"><small>bop trapped's Special Defense rose!</small><br></div><div class="spacer battle-history"><br></div><h2 class="battle-history">Turn 85</h2><div class="spacer battle-history"><br></div><div class="battle-history">The opposing Crimson Rose is fast asleep.<br></div><div class="spacer battle-history"><br></div><div class="battle-history">bop trapped used <strong>Dark Pulse</strong>!<br></div><div class="battle-history"><small>It's not very effective...</small><br></div><div class="battle-history"><small>(The opposing Crimson Rose lost <abbr title="−94/384">24.5%</abbr> of its health!)</small><br></div><div class="spacer battle-history"><br></div><h2 class="battle-history">Turn 86</h2><div class="spacer battle-history"><br></div><div class="battle-history">The opposing Crimson Rose is fast asleep.<br></div><div class="spacer battle-history"><br></div><div class="battle-history">bop trapped used <strong>Dark Pulse</strong>!<br></div><div class="battle-history"><small>It's not very effective...</small><br></div><div class="battle-history"><small>(The opposing Crimson Rose lost <abbr title="−96/384">25%</abbr> of its health!)</small><br></div><div class="spacer battle-history"><br></div><h2 class="battle-history">Turn 87</h2><div class="spacer battle-history"><br></div><div class="battle-history">bop trapped, come back!<br></div><div class="battle-history">Go! bop rocks (<strong>Bronzong</strong>)!<br></div><div class="battle-history"><small>Pointed stones dug into bop rocks!</small><br></div><div class="battle-history"><small>The opposing Crimson Rose woke up!</small><br></div><div class="spacer battle-history"><br></div><div class="battle-history">The opposing Crimson Rose used <strong>Play Rough</strong>!<br></div><div class="battle-history"><small>It's not very effective...</small><br></div><div class="battle-history"><small>(bop rocks lost <abbr title="−54/338">16.0%</abbr> of its health!)</small><br></div><div class="spacer battle-history"><br></div><div class="battle-history"><small>bop rocks restored a little HP using its Leftovers!</small><br></div><div class="spacer battle-history"><br></div><h2 class="battle-history">Turn 88</h2><div class="spacer battle-history"><br></div><div class="battle-history">The opposing Crimson Rose used <strong>Fire Punch</strong>!<br></div><div class="battle-history"><small>It's super effective!</small><br></div><div class="battle-history"><small>(bop rocks lost <abbr title="−122/338">36.1%</abbr> of its health!)</small><br></div><div class="spacer battle-history"><br></div><div class="battle-history">bop rocks used <strong>Toxic</strong>!<br></div><div class="battle-history"><small>The opposing Crimson Rose was badly poisoned!</small><br></div><div class="spacer battle-history"><br></div><div class="battle-history"><small>bop rocks restored a little HP using its Leftovers!</small><br></div><div class="battle-history"><small>The opposing Crimson Rose was hurt by poison!</small><br></div><div class="spacer battle-history"><br></div><h2 class="battle-history">Turn 89</h2><div class="spacer battle-history"><br></div><div class="battle-history">bop rocks, come back!<br></div><div class="battle-history">Go! bop walled (<strong>Quagsire</strong>)!<br></div><div class="battle-history"><small>Pointed stones dug into bop walled!</small><br></div><div class="spacer battle-history"><br></div><div class="battle-history">The opposing Crimson Rose used <strong>Rest</strong>!<br></div><div class="battle-history"><small>The opposing Crimson Rose fell asleep!</small><br></div><div class="battle-history"><small>The opposing Crimson Rose slept and became healthy!</small><br></div><div class="spacer battle-history"><br></div><h2 class="battle-history">Turn 90</h2><div class="spacer battle-history"><br></div><div class="battle-history">The opposing Crimson Rose is fast asleep.<br></div><div class="spacer battle-history"><br></div><div class="battle-history">bop walled used <strong>Scald</strong>!<br></div><div class="battle-history"><small>(The opposing Crimson Rose lost <abbr title="−96/384">25%</abbr> of its health!)</small><br></div><div class="spacer battle-history"><br></div><h2 class="battle-history">Turn 91</h2><div class="spacer battle-history"><br></div><div class="battle-history">bop walled, come back!<br></div><div class="battle-history">Go! bop muk (<strong>Muk</strong>)!<br></div><div class="battle-history"><small>Pointed stones dug into bop muk!</small><br></div><div class="spacer battle-history"><br></div><div class="battle-history">The opposing Crimson Rose is fast asleep.<br></div><div class="spacer battle-history"><br></div><div class="battle-history"><small>bop muk restored a little HP using its Leftovers!</small><br></div><div class="spacer battle-history"><br></div><h2 class="battle-history">Turn 92</h2><div class="spacer battle-history"><br></div><div class="battle-history">Imai Nobume withdrew Crimson Rose!<br></div><div class="battle-history">Imai Nobume sent out Snow White (<strong>Registeel</strong>)!<br></div><div class="battle-history"><small>Pointed stones dug into the opposing Snow White!</small><br></div><div class="spacer battle-history"><br></div><div class="battle-history">bop muk used <strong>Poison Jab</strong>!<br></div><div class="battle-history"><small>It doesn't affect the opposing Snow White...</small><br></div><div class="spacer battle-history"><br></div><div class="battle-history"><small>bop muk restored a little HP using its Leftovers!</small><br></div><div class="battle-history"><small>The opposing Snow White restored a little HP using its Leftovers!</small><br></div><div class="spacer battle-history"><br></div><h2 class="battle-history">Turn 93</h2><div class="spacer battle-history"><br></div><div class="battle-history">bop muk, come back!<br></div><div class="battle-history">Go! bop trapped (<strong>Spiritomb</strong>)!<br></div><div class="battle-history"><small>Pointed stones dug into bop trapped!</small><br></div><div class="battle-history"><small>[bop trapped's Pressure]</small><br><small>bop trapped is exerting its pressure!</small><br></div><div class="spacer battle-history"><br></div><div class="battle-history">The opposing Snow White used <strong>Seismic Toss</strong>!<br></div><div class="battle-history"><small>It doesn't affect bop trapped...</small><br></div><div class="spacer battle-history"><br></div><div class="battle-history"><small>bop trapped restored a little HP using its Leftovers!</small><br></div><div class="spacer battle-history"><br></div><h2 class="battle-history">Turn 94</h2><div class="spacer battle-history"><br></div><div class="battle-history">Imai Nobume withdrew Snow White!<br></div><div class="battle-history">Imai Nobume sent out Crimson Rose (<strong>Granbull</strong>)!<br></div><div class="battle-history"><small>Pointed stones dug into the opposing Crimson Rose!</small><br></div><div class="battle-history"><small>[The opposing Crimson Rose's Intimidate]</small><br></div><div class="battle-history"><small>bop trapped's Attack fell!</small><br></div><div class="spacer battle-history"><br></div><div class="battle-history">bop trapped used <strong>Will-O-Wisp</strong>!<br></div><div class="battle-history"><small>But it failed!</small><br></div><div class="spacer battle-history"><br></div><div class="battle-history"><small>bop trapped restored a little HP using its Leftovers!</small><br></div><div class="spacer battle-history"><br></div><h2 class="battle-history">Turn 95</h2><div class="spacer battle-history"><br></div><div class="battle-history"><small>The opposing Crimson Rose woke up!</small><br></div><div class="spacer battle-history"><br></div><div class="battle-history">The opposing Crimson Rose used <strong>Fire Punch</strong>!<br></div><div class="battle-history"><small>(bop trapped lost <abbr title="−49/304">16.1%</abbr> of its health!)</small><br></div><div class="spacer battle-history"><br></div><div class="battle-history">bop trapped used <strong>Will-O-Wisp</strong>!<br></div><div class="battle-history"><small>The opposing Crimson Rose was burned!</small><br></div><div class="spacer battle-history"><br></div><div class="battle-history"><small>bop trapped restored a little HP using its Leftovers!</small><br></div><div class="battle-history"><small>The opposing Crimson Rose was hurt by its burn!</small><br></div><div class="spacer battle-history"><br></div><h2 class="battle-history">Turn 96</h2><div class="spacer battle-history"><br></div><div class="battle-history">The opposing Crimson Rose used <strong>Rest</strong>!<br></div><div class="battle-history"><small>The opposing Crimson Rose fell asleep!</small><br></div><div class="battle-history"><small>The opposing Crimson Rose slept and became healthy!</small><br></div><div class="spacer battle-history"><br></div><div class="battle-history">bop trapped used <strong>Calm Mind</strong>!<br></div><div class="battle-history"><small>bop trapped's Special Attack rose!</small><br></div><div class="battle-history"><small>bop trapped's Special Defense rose!</small><br></div><div class="spacer battle-history"><br></div><div class="battle-history"><small>bop trapped restored a little HP using its Leftovers!</small><br></div><div class="spacer battle-history"><br></div><h2 class="battle-history">Turn 97</h2><div class="spacer battle-history"><br></div><div class="battle-history">The opposing Crimson Rose is fast asleep.<br></div><div class="spacer battle-history"><br></div><div class="battle-history">bop trapped used <strong>Dark Pulse</strong>!<br></div><div class="battle-history"><small>It's not very effective...</small><br></div><div class="battle-history"><small>(The opposing Crimson Rose lost <abbr title="−108/384">28.1%</abbr> of its health!)</small><br></div><div class="spacer battle-history"><br></div><div class="battle-history"><small>bop trapped restored a little HP using its Leftovers!</small><br></div><div class="spacer battle-history"><br></div><h2 class="battle-history">Turn 98</h2><div class="spacer battle-history"><br></div><div class="battle-history">The opposing Crimson Rose is fast asleep.<br></div><div class="spacer battle-history"><br></div><div class="battle-history">bop trapped used <strong>Dark Pulse</strong>!<br></div><div class="battle-history"><small>It's not very effective...</small><br></div><div class="battle-history"><small>(The opposing Crimson Rose lost <abbr title="−105/384">27.3%</abbr> of its health!)</small><br></div><div class="spacer battle-history"><br></div><h2 class="battle-history">Turn 99</h2><div class="spacer battle-history"><br></div><div class="battle-history"><small>The opposing Crimson Rose woke up!</small><br></div><div class="spacer battle-history"><br></div><div class="battle-history">The opposing Crimson Rose used <strong>Play Rough</strong>!<br></div><div class="battle-history"><small>It's super effective!</small><br></div><div class="battle-history"><small>(bop trapped lost <abbr title="−180/304">59.2%</abbr> of its health!)</small><br></div><div class="spacer battle-history"><br></div><div class="battle-history">bop trapped used <strong>Will-O-Wisp</strong>!<br></div><div class="battle-history"><small>The opposing Crimson Rose was burned!</small><br></div><div class="spacer battle-history"><br></div><div class="battle-history"><small>bop trapped restored a little HP using its Leftovers!</small><br></div><div class="battle-history"><small>The opposing Crimson Rose was hurt by its burn!</small><br></div><div class="spacer battle-history"><br></div><h2 class="battle-history">Turn 100</h2><div class="spacer battle-history"><br></div><div class="battle-history">The opposing Crimson Rose used <strong>Rest</strong>!<br></div><div class="battle-history"><small>The opposing Crimson Rose fell asleep!</small><br></div><div class="battle-history"><small>The opposing Crimson Rose slept and became healthy!</small><br></div><div class="spacer battle-history"><br></div><div class="battle-history">bop trapped used <strong>Rest</strong>!<br></div><div class="battle-history"><small>bop trapped fell asleep!</small><br></div><div class="battle-history"><small>bop trapped slept and became healthy!</small><br></div><div class="spacer battle-history"><br></div><h2 class="battle-history">Turn 101</h2><div class="spacer battle-history"><br></div><div class="battle-history">bop trapped, come back!<br></div><div class="battle-history">Go! bop muk (<strong>Muk</strong>)!<br></div><div class="battle-history"><small>Pointed stones dug into bop muk!</small><br></div><div class="spacer battle-history"><br></div><div class="battle-history">The opposing Crimson Rose is fast asleep.<br></div><div class="spacer battle-history"><br></div><div class="battle-history"><small>bop muk restored a little HP using its Leftovers!</small><br></div><div class="spacer battle-history"><br></div><h2 class="battle-history">Turn 102</h2><div class="spacer battle-history"><br></div><div class="battle-history"><small>bop muk is tightening its focus!</small><br></div><div class="spacer battle-history"><br></div><div class="battle-history">Imai Nobume withdrew Crimson Rose!<br></div><div class="battle-history">Imai Nobume sent out Snow White (<strong>Registeel</strong>)!<br></div><div class="battle-history"><small>Pointed stones dug into the opposing Snow White!</small><br></div><div class="spacer battle-history"><br></div><div class="battle-history">bop muk used <strong>Focus Punch</strong>!<br></div><div class="battle-history"><small>It's super effective!</small><br></div><div class="battle-history"><small>(The opposing Snow White lost <abbr title="−236/364">64.8%</abbr> of its health!)</small><br></div><div class="spacer battle-history"><br></div><div class="battle-history"><small>bop muk restored a little HP using its Leftovers!</small><br></div><div class="battle-history"><small>The opposing Snow White restored a little HP using its Leftovers!</small><br></div><div class="spacer battle-history"><br></div><h2 class="battle-history">Turn 103</h2><div class="spacer battle-history"><br></div><div class="battle-history">Imai Nobume withdrew Snow White!<br></div><div class="battle-history">Imai Nobume sent out Queen of Roses (<strong>Drapion</strong>)!<br></div><div class="battle-history"><small>Pointed stones dug into the opposing Queen of Roses!</small><br></div><div class="spacer battle-history"><br></div><div class="battle-history">bop muk used <strong>Substitute</strong>!<br></div><div class="battle-history"><small>bop muk put in a substitute!</small><br></div><div class="battle-history"><small>(bop muk lost <abbr title="−101/404">25%</abbr> of its health!)</small><br></div><div class="spacer battle-history"><br></div><div class="battle-history"><small>bop muk restored a little HP using its Leftovers!</small><br></div><div class="spacer battle-history"><br></div><h2 class="battle-history">Turn 104</h2><div class="spacer battle-history"><br></div><div class="battle-history"><small>bop muk is tightening its focus!</small><br></div><div class="spacer battle-history"><br></div><div class="battle-history">The opposing Queen of Roses used <strong>Earthquake</strong>!<br></div><div class="battle-history"><small>It's super effective!</small><br></div><div class="battle-history"><small>bop muk's substitute faded!</small><br></div><div class="spacer battle-history"><br></div><div class="battle-history">bop muk used <strong>Focus Punch</strong>!<br></div><div class="battle-history"><small>A critical hit!</small><br></div><div class="battle-history"><small>(The opposing Queen of Roses lost <abbr title="−211/281">75.1%</abbr> of its health!)</small><br></div><div class="spacer battle-history"><br></div><div class="battle-history">The opposing Queen of Roses fainted!<br></div><div class="spacer battle-history"><br></div><div class="battle-history"><small>bop muk restored a little HP using its Leftovers!</small><br></div><div class="spacer battle-history"><br></div><div class="battle-history">Imai Nobume sent out Twilight Princess (<strong>Flygon</strong>)!<br></div><div class="battle-history"><small>Pointed stones dug into the opposing Twilight Princess!</small><br></div><div class="spacer battle-history"><br></div><h2 class="battle-history">Turn 105</h2><div class="spacer battle-history"><br></div><div class="battle-history">bop muk, come back!<br></div><div class="battle-history">Go! bop defogged (<strong>Flygon</strong>)!<br></div><div class="battle-history"><small>Pointed stones dug into bop defogged!</small><br></div><div class="spacer battle-history"><br></div><div class="battle-history">The opposing Twilight Princess used <strong>Defog</strong>!<br></div><div class="battle-history"><small>bop defogged's evasiveness fell!</small><br></div><div class="battle-history"><small>The pointed stones disappeared from around your team!</small><br></div><div class="battle-history"><small>The pointed stones disappeared from around the opposing team!</small><br></div><div class="spacer battle-history"><br></div><div class="battle-history"><small>The opposing Twilight Princess restored a little HP using its Leftovers!</small><br></div><div class="spacer battle-history"><br></div><h2 class="battle-history">Turn 106</h2><div class="spacer battle-history"><br></div><div class="battle-history">bop defogged used <strong>U-turn</strong>!<br></div><div class="battle-history"><small>(The opposing Twilight Princess lost <abbr title="−83/364">22.8%</abbr> of its health!)</small><br></div><div class="spacer battle-history"><br></div><div class="battle-history">bop defogged went back to ChillShadow!<br></div><div class="battle-history">Go! bop walled (<strong>Quagsire</strong>)!<br></div><div class="spacer battle-history"><br></div><div class="battle-history">The opposing Twilight Princess used <strong>U-turn</strong>!<br></div><div class="battle-history"><small>(bop walled lost <abbr title="−49/394">12.4%</abbr> of its health!)</small><br></div><div class="spacer battle-history"><br></div><div class="battle-history">The opposing Twilight Princess went back to Imai Nobume!<br></div><div class="battle-history">Imai Nobume sent out Distant Blue (<strong>Alomomola</strong>)!<br></div><div class="spacer battle-history"><br></div><div class="battle-history"><small>The opposing Distant Blue restored a little HP using its Leftovers!</small><br></div><div class="battle-history"><small>The opposing Distant Blue was hurt by poison!</small><br></div><div class="spacer battle-history"><br></div><h2 class="battle-history">Turn 107</h2><div class="spacer battle-history"><br></div><div class="battle-history">bop walled, come back!<br></div><div class="battle-history">Go! bop healed (<strong>Aromatisse</strong>)!<br></div><div class="spacer battle-history"><br></div><div class="battle-history">The opposing Distant Blue used <strong>Wish</strong>!<br></div><div class="spacer battle-history"><br></div><div class="battle-history"><small>The opposing Distant Blue restored a little HP using its Leftovers!</small><br></div><div class="battle-history"><small>bop healed restored a little HP using its Leftovers!</small><br></div><div class="battle-history"><small>The opposing Distant Blue was hurt by poison!</small><br></div><div class="battle-history"><small>bop healed was hurt by poison!</small><br></div><div class="spacer battle-history"><br></div><h2 class="battle-history">Turn 108</h2><div class="spacer battle-history"><br></div><div class="battle-history">Imai Nobume withdrew Distant Blue!<br></div><div class="battle-history">Imai Nobume sent out Snow White (<strong>Registeel</strong>)!<br></div><div class="spacer battle-history"><br></div><div class="battle-history">bop healed used <strong>Wish</strong>!<br></div><div class="spacer battle-history"><br></div><div class="battle-history"><small>Distant Blue's wish came true!</small><br></div><div class="battle-history"><small>bop healed restored a little HP using its Leftovers!</small><br></div><div class="battle-history"><small>bop healed was hurt by poison!</small><br></div><div class="spacer battle-history"><br></div><h2 class="battle-history">Turn 109</h2><div class="spacer battle-history"><br></div><div class="battle-history">bop healed, come back!<br></div><div class="battle-history">Go! bop rocks (<strong>Bronzong</strong>)!<br></div><div class="spacer battle-history"><br></div><div class="battle-history">The opposing Snow White used <strong>Stealth Rock</strong>!<br></div><div class="battle-history"><small>Pointed stones float in the air around your team!</small><br></div><div class="spacer battle-history"><br></div><div class="battle-history"><small>bop healed's wish came true!</small><br></div><div class="battle-history"><small>bop rocks restored a little HP using its Leftovers!</small><br></div><div class="spacer battle-history"><br></div><h2 class="battle-history">Turn 110</h2><div class="spacer battle-history"><br></div><div class="battle-history">bop rocks used <strong>Protect</strong>!<br></div><div class="battle-history"><small>bop rocks protected itself!</small><br></div><div class="spacer battle-history"><br></div><div class="battle-history">The opposing Snow White used <strong>Seismic Toss</strong>!<br></div><div class="battle-history"><small>bop rocks protected itself!</small><br></div><div class="spacer battle-history"><br></div><h2 class="battle-history">Turn 111</h2><div class="spacer battle-history"><br></div><div class="battle-history">The opposing Snow White used <strong>Seismic Toss</strong>!<br></div><div class="battle-history"><small>(bop rocks lost <abbr title="−100/338">29.6%</abbr> of its health!)</small><br></div><div class="spacer battle-history"><br></div><div class="battle-history">bop rocks used <strong>Stealth Rock</strong>!<br></div><div class="battle-history"><small>Pointed stones float in the air around the opposing team!</small><br></div><div class="spacer battle-history"><br></div><div class="battle-history"><small>bop rocks restored a little HP using its Leftovers!</small><br></div><div class="spacer battle-history"><br></div><h2 class="battle-history">Turn 112</h2><div class="chat chatmessage-imainobume"><strong style="color:hsl(263,43%,58.03861511746898%)"><small>★</small><span class="username" data-name="Imai Nobume">Imai Nobume</span>:</strong> <em>lol theres not rly a point gg</em></div><div class="spacer battle-history"><br></div><div class="battle-history"><small>Imai Nobume forfeited.</small><br></div><div class="spacer battle-history"><br></div><div class="battle-history"><strong>ChillShadow</strong> won the battle!<br></div><div class="chat chatmessage-chillshadow"><strong style="color:hsl(116,47%,43%)"><small>★</small><span class="username" data-name="ChillShadow">ChillShadow</span>:</strong> <em>ggs!</em></div></div><div class="inner-preempt"></div></div></div>
</div>
<script>
let daily = Math.floor(Date.now()/1000/60/60/24);document.write('<script src="https://play.pokemonshowdown.com/js/replay-embed.js?version'+daily+'"></'+'script>');
</script>
