<!DOCTYPE html>
<meta charset="utf-8" />
<!-- version 1 -->
<title>RU replay: MERU vs. Matame</title>
<style>
html,body {font-family:Verdana, sans-serif;font-size:10pt;margin:0;padding:0;}body{padding:12px 0;} .battle-log {font-family:Verdana, sans-serif;font-size:10pt;} .battle-log-inline {border:1px solid #AAAAAA;background:#EEF2F5;color:black;max-width:640px;margin:0 auto 80px;padding-bottom:5px;} .battle-log .inner {padding:4px 8px 0px 8px;} .battle-log .inner-preempt {padding:0 8px 4px 8px;} .battle-log .inner-after {margin-top:0.5em;} .battle-log h2 {margin:0.5em -8px;padding:4px 8px;border:1px solid #AAAAAA;background:#E0E7EA;border-left:0;border-right:0;font-family:Verdana, sans-serif;font-size:13pt;} .battle-log .chat {vertical-align:middle;padding:3px 0 3px 0;font-size:8pt;} .battle-log .chat strong {color:#40576A;} .battle-log .chat em {padding:1px 4px 1px 3px;color:#000000;font-style:normal;} .chat.mine {background:rgba(0,0,0,0.05);margin-left:-8px;margin-right:-8px;padding-left:8px;padding-right:8px;} .spoiler {color:#BBBBBB;background:#BBBBBB;padding:0px 3px;} .spoiler:hover, .spoiler:active, .spoiler-shown {color:#000000;background:#E2E2E2;padding:0px 3px;} .spoiler a {color:#BBBBBB;} .spoiler:hover a, .spoiler:active a, .spoiler-shown a {color:#2288CC;} .chat code, .chat .spoiler:hover code, .chat .spoiler:active code, .chat .spoiler-shown code {border:1px solid #C0C0C0;background:#EEEEEE;color:black;padding:0 2px;} .chat .spoiler code {border:1px solid #CCCCCC;background:#CCCCCC;color:#CCCCCC;} .battle-log .rated {padding:3px 4px;} .battle-log .rated strong {color:white;background:#89A;padding:1px 4px;border-radius:4px;} .spacer {margin-top:0.5em;} .message-announce {background:#6688AA;color:white;padding:1px 4px 2px;} .message-announce a, .broadcast-green a, .broadcast-blue a, .broadcast-red a {color:#DDEEFF;} .broadcast-green {background-color:#559955;color:white;padding:2px 4px;} .broadcast-blue {background-color:#6688AA;color:white;padding:2px 4px;} .infobox {border:1px solid #6688AA;padding:2px 4px;} .infobox-limited {max-height:200px;overflow:auto;overflow-x:hidden;} .broadcast-red {background-color:#AA5544;color:white;padding:2px 4px;} .message-learn-canlearn {font-weight:bold;color:#228822;text-decoration:underline;} .message-learn-cannotlearn {font-weight:bold;color:#CC2222;text-decoration:underline;} .message-effect-weak {font-weight:bold;color:#CC2222;} .message-effect-resist {font-weight:bold;color:#6688AA;} .message-effect-immune {font-weight:bold;color:#666666;} .message-learn-list {margin-top:0;margin-bottom:0;} .message-throttle-notice, .message-error {color:#992222;} .message-overflow, .chat small.message-overflow {font-size:0pt;} .message-overflow::before {font-size:9pt;content:'...';} .subtle {color:#3A4A66;}
</style>
<div class="wrapper replay-wrapper" style="max-width:1180px;margin:0 auto">
<input type="hidden" name="replayid" value="smogtours-ru-218053" />
<div class="battle"></div><div class="battle-log"></div><div class="replay-controls"></div><div class="replay-controls-2"></div>
<h1 style="font-weight:normal;text-align:center"><strong>RU</strong><br /><a href="http://pokemonshowdown.com/users/meru" class="subtle" target="_blank">MERU</a> vs. <a href="http://pokemonshowdown.com/users/matame" class="subtle" target="_blank">Matame</a></h1>
<script type="text/plain" class="battle-log-data">|J|MERU
|J|Matame
|player|p1|MERU|174
|player|p2|Matame|233
|gametype|singles
|gen|6
|tier|RU
|seed|21514,11747,44806,19584
|rule|Sleep Clause Mod: Limit one foe put to sleep
|rule|Species Clause: Limit one of each Pokémon
|rule|OHKO Clause: OHKO moves are banned
|rule|Moody Clause: Moody is banned
|rule|Evasion Moves Clause: Evasion moves are banned
|rule|Endless Battle Clause: Forcing endless battles is banned
|rule|HP Percentage Mod: HP is shown in percentages
|clearpoke
|poke|p1|Golbat, F|item
|poke|p1|Alomomola, F|item
|poke|p1|Camerupt, F|item
|poke|p1|Gurdurr, F|item
|poke|p1|Drapion, F|item
|poke|p1|Diancie|item
|poke|p2|Accelgor, F|item
|poke|p2|Gourgeist-*, F|item
|poke|p2|Rhyperior, M|item
|poke|p2|Sneasel, M|item
|poke|p2|Blastoise, F|item
|poke|p2|Mawile, M|item
|rule|Swagger Clause: Swagger is banned
|rule|Baton Pass Clause: Limit one Baton Passer, can't pass Spe and other stats simultaneously
|teampreview
|c|★Matame|hf
|choice|team 5, team 2, team 3, team 4, team 1, team 6|team 3, team 2, team 1, team 4, team 5, team 6
|
|start
|switch|p1a: Drapion|Drapion, F|281\/281
|switch|p2a: Rhyperior|Rhyperior, M|414\/414
|turn|1
|choice|switch 2|switch 6
|
|switch|p1a: Alomomola|Alomomola, F|501\/501
|switch|p2a: Mawile|Mawile, M|304\/304
|-ability|p2a: Mawile|Intimidate|boost
|-unboost|p1a: Alomomola|atk|1
|
|turn|2
|choice|switch 3|move stealthrock
|
|switch|p1a: Camerupt|Camerupt, F|343\/343
|move|p2a: Mawile|Stealth Rock|p1a: Camerupt
|-sidestart|p1: MERU|move: Stealth Rock
|
|turn|3
|choice|move earthpower mega|switch 5
|
|switch|p2a: Blastoise|Blastoise, F|362\/362
|detailschange|p1a: Camerupt|Camerupt-Mega, F
|-mega|p1a: Camerupt|Camerupt|Cameruptite
|move|p1a: Camerupt|Earth Power|p2a: Blastoise
|-damage|p2a: Blastoise|196\/362
|
|-heal|p2a: Blastoise|218\/362|[from] item: Leftovers
|turn|4
|choice|switch 3|move scald
|
|switch|p1a: Alomomola|Alomomola, F|501\/501
|-damage|p1a: Alomomola|439\/501|[from] Stealth Rock
|move|p2a: Blastoise|Scald|p1a: Alomomola
|-resisted|p1a: Alomomola
|-damage|p1a: Alomomola|395\/501
|
|-heal|p2a: Blastoise|240\/362|[from] item: Leftovers
|-heal|p1a: Alomomola|426\/501|[from] item: Leftovers
|turn|5
|choice|move knockoff|switch 5
|
|switch|p2a: Mawile|Mawile, M|304\/304
|-ability|p2a: Mawile|Intimidate|boost
|-unboost|p1a: Alomomola|atk|1
|move|p1a: Alomomola|Knock Off|p2a: Mawile
|-resisted|p2a: Mawile
|-damage|p2a: Mawile|288\/304
|-enditem|p2a: Mawile|Leftovers|[from] move: Knock Off|[of] p1a: Alomomola
|
|-heal|p1a: Alomomola|457\/501|[from] item: Leftovers
|turn|6
|choice|switch 3|move batonpass
|
|switch|p1a: Camerupt|Camerupt-Mega, F|343\/343
|-damage|p1a: Camerupt|301\/343|[from] Stealth Rock
|move|p2a: Mawile|Baton Pass|p2a: Mawile
|choice||switch 5
|
|switch|p2a: Blastoise|Blastoise, F|240\/362
|
|-heal|p2a: Blastoise|262\/362|[from] item: Leftovers
|turn|7
|choice|switch 3|move toxic
|
|switch|p1a: Alomomola|Alomomola, F|501\/501
|-damage|p1a: Alomomola|439\/501|[from] Stealth Rock
|move|p2a: Blastoise|Toxic|p1a: Alomomola
|-status|p1a: Alomomola|tox
|
|-heal|p2a: Blastoise|284\/362|[from] item: Leftovers
|-heal|p1a: Alomomola|470\/501 tox|[from] item: Leftovers
|-damage|p1a: Alomomola|439\/501 tox|[from] psn
|turn|8
|choice|move scald|switch 3
|
|switch|p2a: Accelgor|Accelgor, F|302\/302
|move|p1a: Alomomola|Scald|p2a: Accelgor
|-damage|p2a: Accelgor|235\/302
|
|-heal|p1a: Alomomola|470\/501 tox|[from] item: Leftovers
|-damage|p1a: Alomomola|408\/501 tox|[from] psn
|turn|9
|choice|switch 6|move bugbuzz
|
|switch|p1a: Diancie|Diancie|304\/304
|-damage|p1a: Diancie|266\/304|[from] Stealth Rock
|move|p2a: Accelgor|Bug Buzz|p1a: Diancie
|-resisted|p1a: Diancie
|-damage|p1a: Diancie|215\/304
|-damage|p2a: Accelgor|205\/302|[from] item: Life Orb
|
|-heal|p1a: Diancie|234\/304|[from] item: Leftovers
|turn|10
|J|GOAO✔️
|choice|move healbell|switch 3
|
|switch|p2a: Blastoise|Blastoise, F|284\/362
|move|p1a: Diancie|Heal Bell|p1a: Diancie
|-activate|p1a: Diancie|move: Heal Bell
|-curestatus|p1: Alomomola|tox|[msg]
|
|-heal|p2a: Blastoise|306\/362|[from] item: Leftovers
|-heal|p1a: Diancie|253\/304|[from] item: Leftovers
|turn|11
|choice|switch 4|move toxic
|
|switch|p1a: Gurdurr|Gurdurr, F|374\/374
|-damage|p1a: Gurdurr|351\/374|[from] Stealth Rock
|move|p2a: Blastoise|Toxic|p1a: Gurdurr
|-status|p1a: Gurdurr|tox
|
|-heal|p2a: Blastoise|328\/362|[from] item: Leftovers
|-damage|p1a: Gurdurr|328\/374 tox|[from] psn
|turn|12
|J|Asim12
|choice|move drainpunch|switch 2
|
|switch|p2a: Gourgeist|Gourgeist-Super, F|374\/374
|-item|p1a: Gurdurr|Eviolite|[from] ability: Frisk|[of] p2a: Gourgeist|[identify]
|move|p1a: Gurdurr|Drain Punch|p2a: Gourgeist
|-immune|p2a: Gourgeist|[msg]
|
|-damage|p1a: Gurdurr|282\/374 tox|[from] psn
|turn|13
|choice|switch 5|move leechseed
|
|switch|p1a: Golbat|Golbat, F|354\/354
|-damage|p1a: Golbat|266\/354|[from] Stealth Rock
|move|p2a: Gourgeist|Leech Seed|p1a: Golbat
|-start|p1a: Golbat|move: Leech Seed
|
|-damage|p1a: Golbat|222\/354|[from] Leech Seed|[of] p2a: Gourgeist
|turn|14
|choice|move defog|switch 6
|
|switch|p2a: Rhyperior|Rhyperior, M|414\/414
|move|p1a: Golbat|Defog|p2a: Rhyperior
|-unboost|p2a: Rhyperior|evasion|1
|-sideend|p1: MERU|Stealth Rock|[from] move: Defog|[of] p1a: Golbat
|
|-damage|p1a: Golbat|178\/354|[from] Leech Seed|[of] p2a: Rhyperior
|turn|15
|choice|move toxic|move stoneedge
|
|move|p1a: Golbat|Toxic|p2a: Rhyperior
|-status|p2a: Rhyperior|tox
|move|p2a: Rhyperior|Stone Edge|p1a: Golbat|[miss]
|-miss|p2a: Rhyperior|p1a: Golbat
|
|-damage|p1a: Golbat|134\/354|[from] Leech Seed|[of] p2a: Rhyperior
|-damage|p2a: Rhyperior|389\/414 tox|[from] psn
|turn|16
|choice|switch 6|move stoneedge
|
|switch|p1a: Alomomola|Alomomola, F|501\/501
|move|p2a: Rhyperior|Stone Edge|p1a: Alomomola|[miss]
|-miss|p2a: Rhyperior|p1a: Alomomola
|
|-damage|p2a: Rhyperior|339\/414 tox|[from] psn
|turn|17
|choice|move scald|switch 5
|
|switch|p2a: Mawile|Mawile, M|288\/304
|-ability|p2a: Mawile|Intimidate|boost
|-unboost|p1a: Alomomola|atk|1
|move|p1a: Alomomola|Scald|p2a: Mawile
|-damage|p2a: Mawile|212\/304
|-status|p2a: Mawile|brn
|
|-damage|p2a: Mawile|174\/304 brn|[from] brn
|turn|18
|choice|switch 6|move stealthrock
|
|switch|p1a: Golbat|Golbat, F|134\/354
|move|p2a: Mawile|Stealth Rock|p1a: Golbat
|-sidestart|p1: MERU|move: Stealth Rock
|
|-damage|p2a: Mawile|136\/304 brn|[from] brn
|turn|19
|choice|move defog|move batonpass
|
|move|p1a: Golbat|Defog|p2a: Mawile
|-unboost|p2a: Mawile|evasion|1
|-sideend|p1: MERU|Stealth Rock|[from] move: Defog|[of] p1a: Golbat
|move|p2a: Mawile|Baton Pass|p2a: Mawile
|choice||switch 4
|
|switch|p2a: Sneasel|Sneasel, M|251\/251
|
|turn|20
|choice|switch 4|move pursuit
|
|-activate|p1a: Golbat|move: Pursuit
|move|p2a: Sneasel|Pursuit|p1a: Golbat|[from]Pursuit
|-damage|p1a: Golbat|51\/354
|-damage|p2a: Sneasel|226\/251|[from] item: Life Orb
|switch|p1a: Diancie|Diancie|253\/304
|
|-heal|p1a: Diancie|272\/304|[from] item: Leftovers
|turn|21
|choice|move moonblast|switch 2
|
|switch|p2a: Blastoise|Blastoise, F|328\/362
|move|p1a: Diancie|Moonblast|p2a: Blastoise
|-damage|p2a: Blastoise|253\/362
|
|-heal|p2a: Blastoise|275\/362|[from] item: Leftovers
|-heal|p1a: Diancie|291\/304|[from] item: Leftovers
|turn|22
|choice|switch 6|move scald
|
|switch|p1a: Alomomola|Alomomola, F|501\/501
|move|p2a: Blastoise|Scald|p1a: Alomomola
|-resisted|p1a: Alomomola
|-crit|p1a: Alomomola
|-damage|p1a: Alomomola|432\/501
|-status|p1a: Alomomola|brn
|
|-heal|p2a: Blastoise|297\/362|[from] item: Leftovers
|-heal|p1a: Alomomola|463\/501 brn|[from] item: Leftovers
|-damage|p1a: Alomomola|401\/501 brn|[from] brn
|turn|23
|L|Asim12
|choice|move wish|move scald
|
|move|p2a: Blastoise|Scald|p1a: Alomomola
|-resisted|p1a: Alomomola
|-damage|p1a: Alomomola|356\/501 brn
|move|p1a: Alomomola|Wish|p1a: Alomomola
|
|-heal|p2a: Blastoise|319\/362|[from] item: Leftovers
|-heal|p1a: Alomomola|387\/501 brn|[from] item: Leftovers
|-damage|p1a: Alomomola|325\/501 brn|[from] brn
|turn|24
|choice|move knockoff|move scald
|
|move|p2a: Blastoise|Scald|p1a: Alomomola
|-resisted|p1a: Alomomola
|-damage|p1a: Alomomola|278\/501 brn
|move|p1a: Alomomola|Knock Off|p2a: Blastoise
|-damage|p2a: Blastoise|293\/362
|-enditem|p2a: Blastoise|Leftovers|[from] move: Knock Off|[of] p1a: Alomomola
|
|-heal|p1a: Alomomola|501\/501 brn|[from] move: Wish|[wisher] Alomomola
|-damage|p1a: Alomomola|439\/501 brn|[from] brn
|turn|25
|choice|move wish|move scald
|
|move|p2a: Blastoise|Scald|p1a: Alomomola
|-resisted|p1a: Alomomola
|-damage|p1a: Alomomola|395\/501 brn
|move|p1a: Alomomola|Wish|p1a: Alomomola
|
|-heal|p1a: Alomomola|426\/501 brn|[from] item: Leftovers
|-damage|p1a: Alomomola|364\/501 brn|[from] brn
|turn|26
|choice|move scald|move scald
|
|move|p2a: Blastoise|Scald|p1a: Alomomola
|-resisted|p1a: Alomomola
|-damage|p1a: Alomomola|317\/501 brn
|move|p1a: Alomomola|Scald|p2a: Blastoise
|-resisted|p2a: Blastoise
|-damage|p2a: Blastoise|278\/362
|
|-heal|p1a: Alomomola|501\/501 brn|[from] move: Wish|[wisher] Alomomola
|-damage|p1a: Alomomola|439\/501 brn|[from] brn
|turn|27
|choice|move wish|switch 6
|
|switch|p2a: Gourgeist|Gourgeist-Super, F|374\/374
|-item|p1a: Alomomola|Leftovers|[from] ability: Frisk|[of] p2a: Gourgeist|[identify]
|move|p1a: Alomomola|Wish|p1a: Alomomola
|
|-heal|p1a: Alomomola|470\/501 brn|[from] item: Leftovers
|-damage|p1a: Alomomola|408\/501 brn|[from] brn
|turn|28
|choice|switch 3|move leechseed
|
|switch|p1a: Camerupt|Camerupt-Mega, F|301\/343
|move|p2a: Gourgeist|Leech Seed|p1a: Camerupt
|-start|p1a: Camerupt|move: Leech Seed
|
|-heal|p1a: Camerupt|343\/343|[from] move: Wish|[wisher] Alomomola
|-damage|p1a: Camerupt|301\/343|[from] Leech Seed|[of] p2a: Gourgeist
|turn|29
|choice|move fireblast|switch 6
|
|switch|p2a: Blastoise|Blastoise, F|278\/362
|move|p1a: Camerupt|Fire Blast|p2a: Blastoise
|-resisted|p2a: Blastoise
|-damage|p2a: Blastoise|180\/362
|
|-damage|p1a: Camerupt|259\/343|[from] Leech Seed|[of] p2a: Blastoise
|-heal|p2a: Blastoise|222\/362|[silent]
|turn|30
|choice|switch 3|switch 4
|
|switch|p2a: Mawile|Mawile, M|136\/304 brn
|-ability|p2a: Mawile|Intimidate|boost
|-unboost|p1a: Camerupt|atk|1
|switch|p1a: Alomomola|Alomomola, F|501\/501 brn
|
|-damage|p1a: Alomomola|439\/501 brn|[from] brn
|-damage|p2a: Mawile|98\/304 brn|[from] brn
|turn|31
|choice|switch 4|move stealthrock
|
|switch|p1a: Golbat|Golbat, F|51\/354
|move|p2a: Mawile|Stealth Rock|p1a: Golbat
|-sidestart|p1: MERU|move: Stealth Rock
|
|-damage|p2a: Mawile|60\/304 brn|[from] brn
|turn|32
|choice|move roost|move batonpass
|
|move|p1a: Golbat|Roost|p1a: Golbat
|-heal|p1a: Golbat|228\/354
|move|p2a: Mawile|Baton Pass|p2a: Mawile
|choice||switch 2
|
|switch|p2a: Sneasel|Sneasel, M|226\/251
|
|turn|33
|choice|switch 6|move iciclecrash
|
|switch|p1a: Diancie|Diancie|291\/304
|-damage|p1a: Diancie|253\/304|[from] Stealth Rock
|move|p2a: Sneasel|Icicle Crash|p1a: Diancie
|-crit|p1a: Diancie
|-damage|p1a: Diancie|72\/304
|-damage|p2a: Sneasel|201\/251|[from] item: Life Orb
|
|-heal|p1a: Diancie|91\/304|[from] item: Leftovers
|turn|34
|choice|move moonblast|move iciclecrash
|
|move|p2a: Sneasel|Icicle Crash|p1a: Diancie|[miss]
|-miss|p2a: Sneasel|p1a: Diancie
|move|p1a: Diancie|Moonblast|p2a: Sneasel
|-supereffective|p2a: Sneasel
|-damage|p2a: Sneasel|0 fnt
|faint|p2a: Sneasel
|
|-heal|p1a: Diancie|110\/304|[from] item: Leftovers
|c|★MERU|this hax is tilting everywhere smh
|choice||switch 4
|
|switch|p2a: Blastoise|Blastoise, F|222\/362
|turn|35
|choice|switch 4|move scald
|
|switch|p1a: Alomomola|Alomomola, F|501\/501 brn
|-damage|p1a: Alomomola|439\/501 brn|[from] Stealth Rock
|move|p2a: Blastoise|Scald|p1a: Alomomola
|-resisted|p1a: Alomomola
|-crit|p1a: Alomomola
|-damage|p1a: Alomomola|363\/501 brn
|
|-heal|p1a: Alomomola|394\/501 brn|[from] item: Leftovers
|-damage|p1a: Alomomola|332\/501 brn|[from] brn
|turn|36
|choice|move wish|switch 6
|
|switch|p2a: Gourgeist|Gourgeist-Super, F|374\/374
|-item|p1a: Alomomola|Leftovers|[from] ability: Frisk|[of] p2a: Gourgeist|[identify]
|move|p1a: Alomomola|Wish|p1a: Alomomola
|
|-heal|p1a: Alomomola|363\/501 brn|[from] item: Leftovers
|-damage|p1a: Alomomola|301\/501 brn|[from] brn
|turn|37
|choice|switch 3|switch 6
|
|switch|p1a: Camerupt|Camerupt-Mega, F|259\/343
|-damage|p1a: Camerupt|217\/343|[from] Stealth Rock
|switch|p2a: Blastoise|Blastoise, F|222\/362
|
|-heal|p1a: Camerupt|343\/343|[from] move: Wish|[wisher] Alomomola
|turn|38
|choice|switch 3|move scald
|
|switch|p1a: Alomomola|Alomomola, F|468\/501 brn
|-damage|p1a: Alomomola|406\/501 brn|[from] Stealth Rock
|move|p2a: Blastoise|Scald|p1a: Alomomola
|-resisted|p1a: Alomomola
|-damage|p1a: Alomomola|361\/501 brn
|
|-heal|p1a: Alomomola|392\/501 brn|[from] item: Leftovers
|-damage|p1a: Alomomola|330\/501 brn|[from] brn
|turn|39
|choice|move wish|switch 6
|
|switch|p2a: Gourgeist|Gourgeist-Super, F|374\/374
|-item|p1a: Alomomola|Leftovers|[from] ability: Frisk|[of] p2a: Gourgeist|[identify]
|move|p1a: Alomomola|Wish|p1a: Alomomola
|
|-heal|p1a: Alomomola|361\/501 brn|[from] item: Leftovers
|-damage|p1a: Alomomola|299\/501 brn|[from] brn
|turn|40
|choice|switch 6|switch 6
|
|switch|p1a: Golbat|Golbat, F|228\/354
|-damage|p1a: Golbat|140\/354|[from] Stealth Rock
|switch|p2a: Blastoise|Blastoise, F|222\/362
|
|-heal|p1a: Golbat|354\/354|[from] move: Wish|[wisher] Alomomola
|turn|41
|choice|move defog|switch 5
|
|switch|p2a: Rhyperior|Rhyperior, M|339\/414 tox
|move|p1a: Golbat|Defog|p2a: Rhyperior
|-unboost|p2a: Rhyperior|evasion|1
|-sideend|p1: MERU|Stealth Rock|[from] move: Defog|[of] p1a: Golbat
|
|-damage|p2a: Rhyperior|314\/414 tox|[from] psn
|turn|42
|choice|switch 5|move stoneedge
|
|switch|p1a: Gurdurr|Gurdurr, F|282\/374 tox
|move|p2a: Rhyperior|Stone Edge|p1a: Gurdurr
|-resisted|p1a: Gurdurr
|-damage|p1a: Gurdurr|172\/374 tox
|
|-damage|p2a: Rhyperior|264\/414 tox|[from] psn
|-damage|p1a: Gurdurr|149\/374 tox|[from] psn
|turn|43
|choice|move knockoff|switch 6
|
|switch|p2a: Gourgeist|Gourgeist-Super, F|374\/374
|-item|p1a: Gurdurr|Eviolite|[from] ability: Frisk|[of] p2a: Gourgeist|[identify]
|move|p1a: Gurdurr|Knock Off|p2a: Gourgeist
|-supereffective|p2a: Gourgeist
|-damage|p2a: Gourgeist|110\/374
|-damage|p1a: Gurdurr|87\/374 tox|[from] item: Rocky Helmet|[of] p2a: Gourgeist
|-enditem|p2a: Gourgeist|Rocky Helmet|[from] move: Knock Off|[of] p1a: Gurdurr
|
|-damage|p1a: Gurdurr|41\/374 tox|[from] psn
|turn|44
|choice|switch 3|move synthesis
|
|switch|p1a: Camerupt|Camerupt-Mega, F|343\/343
|move|p2a: Gourgeist|Synthesis|p2a: Gourgeist
|-heal|p2a: Gourgeist|297\/374
|
|turn|45
|choice|move fireblast|switch 5
|
|switch|p2a: Blastoise|Blastoise, F|222\/362
|move|p1a: Camerupt|Fire Blast|p2a: Blastoise
|-resisted|p2a: Blastoise
|-crit|p2a: Blastoise
|-damage|p2a: Blastoise|77\/362
|
|turn|46
|choice|switch 6|switch 3
|
|switch|p2a: Accelgor|Accelgor, F|205\/302
|switch|p1a: Alomomola|Alomomola, F|466\/501 brn
|
|-heal|p1a: Alomomola|497\/501 brn|[from] item: Leftovers
|-damage|p1a: Alomomola|435\/501 brn|[from] brn
|turn|47
|choice|switch 5|move bugbuzz
|
|switch|p1a: Golbat|Golbat, F|354\/354
|move|p2a: Accelgor|Bug Buzz|p1a: Golbat
|-resisted|p1a: Golbat
|-damage|p1a: Golbat|319\/354
|-damage|p2a: Accelgor|175\/302|[from] item: Life Orb
|
|turn|48
|choice|move bravebird|switch 6
|
|switch|p2a: Rhyperior|Rhyperior, M|264\/414 tox
|move|p1a: Golbat|Brave Bird|p2a: Rhyperior
|-resisted|p2a: Rhyperior
|-damage|p2a: Rhyperior|219\/414 tox
|-damage|p1a: Golbat|304\/354|[from] recoil|[of] p2a: Rhyperior
|
|-damage|p2a: Rhyperior|194\/414 tox|[from] psn
|turn|49
|choice|switch 3|move stoneedge
|
|switch|p1a: Gurdurr|Gurdurr, F|41\/374 tox
|move|p2a: Rhyperior|Stone Edge|p1a: Gurdurr
|-resisted|p1a: Gurdurr
|-crit|p1a: Gurdurr
|-damage|p1a: Gurdurr|0 fnt
|faint|p1a: Gurdurr
|
|-damage|p2a: Rhyperior|144\/414 tox|[from] psn
|choice|switch 2|
|
|switch|p1a: Drapion|Drapion, F|281\/281
|turn|50
|choice|move pursuit|switch 5
|
|-activate|p2a: Rhyperior|move: Pursuit
|move|p1a: Drapion|Pursuit|p2a: Rhyperior|[from]Pursuit
|-damage|p2a: Rhyperior|50\/414 tox
|switch|p2a: Gourgeist|Gourgeist-Super, F|297\/374
|-item|p1a: Drapion|Choice Scarf|[from] ability: Frisk|[of] p2a: Gourgeist|[identify]
|
|turn|51
|choice|switch 6|switch 2
|
|switch|p1a: Camerupt|Camerupt-Mega, F|343\/343
|switch|p2a: Mawile|Mawile, M|60\/304 brn
|-ability|p2a: Mawile|Intimidate|boost
|-unboost|p1a: Camerupt|atk|1
|
|-damage|p2a: Mawile|22\/304 brn|[from] brn
|turn|52
|choice|switch 6|move stealthrock
|
|switch|p1a: Drapion|Drapion, F|281\/281
|move|p2a: Mawile|Stealth Rock|p1a: Drapion
|-sidestart|p1: MERU|move: Stealth Rock
|
|-damage|p2a: Mawile|0 fnt|[from] brn
|faint|p2a: Mawile
|choice||switch 2
|
|switch|p2a: Gourgeist|Gourgeist-Super, F|297\/374
|-item|p1a: Drapion|Choice Scarf|[from] ability: Frisk|[of] p2a: Gourgeist|[identify]
|turn|53
|choice|move poisonjab|move leechseed
|
|move|p1a: Drapion|Poison Jab|p2a: Gourgeist
|-damage|p2a: Gourgeist|195\/374
|move|p2a: Gourgeist|Leech Seed|p1a: Drapion
|-start|p1a: Drapion|move: Leech Seed
|
|-damage|p1a: Drapion|246\/281|[from] Leech Seed|[of] p2a: Gourgeist
|-heal|p2a: Gourgeist|230\/374|[silent]
|turn|54
|choice|move poisonjab|move synthesis
|
|move|p1a: Drapion|Poison Jab|p2a: Gourgeist
|-damage|p2a: Gourgeist|130\/374
|-status|p2a: Gourgeist|psn
|move|p2a: Gourgeist|Synthesis|p2a: Gourgeist
|-heal|p2a: Gourgeist|317\/374 psn
|
|-damage|p1a: Drapion|211\/281|[from] Leech Seed|[of] p2a: Gourgeist
|-heal|p2a: Gourgeist|352\/374 psn|[silent]
|-damage|p2a: Gourgeist|306\/374 psn|[from] psn
|turn|55
|choice|switch 6|move synthesis
|
|switch|p1a: Camerupt|Camerupt-Mega, F|343\/343
|-damage|p1a: Camerupt|301\/343|[from] Stealth Rock
|move|p2a: Gourgeist|Synthesis|p2a: Gourgeist
|-heal|p2a: Gourgeist|374\/374 psn
|
|-damage|p2a: Gourgeist|328\/374 psn|[from] psn
|turn|56
|choice|move hiddenpower|switch 5
|
|switch|p2a: Rhyperior|Rhyperior, M|50\/414 tox
|move|p1a: Camerupt|Hidden Power|p2a: Rhyperior
|-supereffective|p2a: Rhyperior
|-damage|p2a: Rhyperior|0 fnt
|faint|p2a: Rhyperior
|
|choice||switch 3
|
|switch|p2a: Blastoise|Blastoise, F|77\/362
|turn|57
|choice|switch 5|switch 6
|
|switch|p2a: Accelgor|Accelgor, F|175\/302
|switch|p1a: Alomomola|Alomomola, F|501\/501 brn
|-damage|p1a: Alomomola|439\/501 brn|[from] Stealth Rock
|
|-heal|p1a: Alomomola|470\/501 brn|[from] item: Leftovers
|-damage|p1a: Alomomola|408\/501 brn|[from] brn
|turn|58
|choice|switch 4|switch 5
|
|switch|p2a: Gourgeist|Gourgeist-Super, F|328\/374 psn
|-item|p1a: Alomomola|Leftovers|[from] ability: Frisk|[of] p2a: Gourgeist|[identify]
|switch|p1a: Diancie|Diancie|110\/304
|-damage|p1a: Diancie|72\/304|[from] Stealth Rock
|
|-heal|p1a: Diancie|91\/304|[from] item: Leftovers
|-damage|p2a: Gourgeist|282\/374 psn|[from] psn
|turn|59
|choice|move stealthrock|switch 6
|
|switch|p2a: Blastoise|Blastoise, F|77\/362
|move|p1a: Diancie|Stealth Rock|p2a: Blastoise
|-sidestart|p2: Matame|move: Stealth Rock
|
|-heal|p1a: Diancie|110\/304|[from] item: Leftovers
|turn|60
|choice|move moonblast|move rapidspin
|
|move|p2a: Blastoise|Rapid Spin|p1a: Diancie
|-resisted|p1a: Diancie
|-damage|p1a: Diancie|105\/304
|-sideend|p2: Matame|Stealth Rock|[from] move: Rapid Spin|[of] p2a: Blastoise
|move|p1a: Diancie|Moonblast|p2a: Blastoise
|-damage|p2a: Blastoise|5\/362
|
|-heal|p1a: Diancie|124\/304|[from] item: Leftovers
|turn|61
|c|★MERU|reall
|choice|move moonblast|move scald
|
|move|p2a: Blastoise|Scald|p1a: Diancie
|-supereffective|p1a: Diancie
|-damage|p1a: Diancie|0 fnt
|faint|p1a: Diancie
|
|choice|switch 6|
|
|switch|p1a: Drapion|Drapion, F|211\/281
|-damage|p1a: Drapion|176\/281|[from] Stealth Rock
|turn|62
|choice|move knockoff|move scald
|
|move|p1a: Drapion|Knock Off|p2a: Blastoise
|-damage|p2a: Blastoise|0 fnt
|faint|p2a: Blastoise
|
|choice||switch 5
|
|switch|p2a: Accelgor|Accelgor, F|175\/302
|turn|63
|choice|move knockoff|move bugbuzz
|
|move|p1a: Drapion|Knock Off|p2a: Accelgor
|-crit|p2a: Accelgor
|-damage|p2a: Accelgor|0 fnt
|-enditem|p2a: Accelgor|Life Orb|[from] move: Knock Off|[of] p1a: Drapion
|faint|p2a: Accelgor
|
|c|★MERU|sry
|c|★MERU|i didnt make this team
|c|★MERU|so idk evs
|c|★Matame|oh its
|c|★Matame|ok
|choice||switch 6
|
|switch|p2a: Gourgeist|Gourgeist-Super, F|282\/374 psn
|-item|p1a: Drapion|Choice Scarf|[from] ability: Frisk|[of] p2a: Gourgeist|[identify]
|turn|64
|choice|move knockoff|move synthesis
|
|move|p1a: Drapion|Knock Off|p2a: Gourgeist
|-supereffective|p2a: Gourgeist
|-damage|p2a: Gourgeist|106\/374 psn
|move|p2a: Gourgeist|Synthesis|p2a: Gourgeist
|-heal|p2a: Gourgeist|293\/374 psn
|
|-damage|p2a: Gourgeist|247\/374 psn|[from] psn
|turn|65
|choice|move knockoff|move willowisp
|
|move|p1a: Drapion|Knock Off|p2a: Gourgeist
|-supereffective|p2a: Gourgeist
|-damage|p2a: Gourgeist|67\/374 psn
|move|p2a: Gourgeist|Will-O-Wisp|p1a: Drapion
|-status|p1a: Drapion|brn
|
|-damage|p1a: Drapion|141\/281 brn|[from] brn
|-damage|p2a: Gourgeist|21\/374 psn|[from] psn
|turn|66
|choice|move knockoff|move synthesis
|
|move|p1a: Drapion|Knock Off|p2a: Gourgeist
|-supereffective|p2a: Gourgeist
|-damage|p2a: Gourgeist|0 fnt
|faint|p2a: Gourgeist
|
|win|MERU</script>
</div>
<div class="battle-log battle-log-inline"><div class="inner"><div class="battle-options"></div><div class="inner"><div class=""><small>Format:</small> <br><strong>RU</strong></div><div class=""><small><em>Sleep Clause Mod:</em> Limit one foe put to sleep</small></div><div class=""><small><em>Species Clause:</em> Limit one of each Pokémon</small></div><div class=""><small><em>OHKO Clause:</em> OHKO moves are banned</small></div><div class=""><small><em>Moody Clause:</em> Moody is banned</small></div><div class=""><small><em>Evasion Moves Clause:</em> Evasion moves are banned</small></div><div class=""><small><em>Endless Battle Clause:</em> Forcing endless battles is banned</small></div><div class=""><small><em>HP Percentage Mod:</em> HP is shown in percentages</small></div><div class=""><small><em>Swagger Clause:</em> Swagger is banned</small></div><div class=""><small><em>Baton Pass Clause:</em> Limit one Baton Passer, can't pass Spe and other stats simultaneously</small></div><div class="chat battle-history"><strong>MERU's team:</strong> <em style="color:#445566;display:block;">Golbat / Alomomola / Camerupt / Gurdurr / Drapion / Diancie</em></div><div class="chat battle-history"><strong>Matame's team:</strong> <em style="color:#445566;display:block;">Accelgor / Gourgeist-* / Rhyperior / Sneasel / Blastoise / Mawile</em></div><div class="chat chatmessage-matame"><strong style="color:hsl(205,86%,38%)"><small>★</small><span class="username" data-name="Matame">Matame</span>:</strong> <em>hf</em></div><div class="spacer battle-history"><br></div><div class="battle-history">Battle started between MERU and Matame!<br></div><div class="spacer battle-history"><br></div><div class="battle-history">Go! <strong>Drapion</strong>!<br></div><div class="spacer battle-history"><br></div><div class="battle-history">Matame sent out <strong>Rhyperior</strong>!<br></div><div class="spacer battle-history"><br></div><h2 class="battle-history">Turn 1</h2><div class="spacer battle-history"><br></div><div class="battle-history">Drapion, come back!<br></div><div class="battle-history">Go! <strong>Alomomola</strong>!<br></div><div class="spacer battle-history"><br></div><div class="battle-history">Matame withdrew Rhyperior!<br></div><div class="battle-history">Matame sent out <strong>Mawile</strong>!<br></div><div class="battle-history"><small>[The opposing Mawile's Intimidate]</small><br></div><div class="battle-history"><small>Alomomola's Attack fell!</small><br></div><div class="spacer battle-history"><br></div><h2 class="battle-history">Turn 2</h2><div class="spacer battle-history"><br></div><div class="battle-history">Alomomola, come back!<br></div><div class="battle-history">Go! <strong>Camerupt</strong>!<br></div><div class="spacer battle-history"><br></div><div class="battle-history">The opposing Mawile used <strong>Stealth Rock</strong>!<br></div><div class="battle-history"><small>Pointed stones float in the air around your team!</small><br></div><div class="spacer battle-history"><br></div><h2 class="battle-history">Turn 3</h2><div class="spacer battle-history"><br></div><div class="battle-history">Matame withdrew Mawile!<br></div><div class="battle-history">Matame sent out <strong>Blastoise</strong>!<br></div><div class="spacer battle-history"><br></div><div class="battle-history"><small>Camerupt's Cameruptite is reacting to MERU's Mega Bracelet!</small><br>Camerupt has Mega Evolved into Mega Camerupt!<br></div><div class="spacer battle-history"><br></div><div class="battle-history">Camerupt used <strong>Earth Power</strong>!<br></div><div class="battle-history"><small>(The opposing Blastoise lost <abbr title="−166/362">45.9%</abbr> of its health!)</small><br></div><div class="spacer battle-history"><br></div><div class="battle-history"><small>The opposing Blastoise restored a little HP using its Leftovers!</small><br></div><div class="spacer battle-history"><br></div><h2 class="battle-history">Turn 4</h2><div class="spacer battle-history"><br></div><div class="battle-history">Camerupt, come back!<br></div><div class="battle-history">Go! <strong>Alomomola</strong>!<br></div><div class="battle-history"><small>Pointed stones dug into Alomomola!</small><br></div><div class="spacer battle-history"><br></div><div class="battle-history">The opposing Blastoise used <strong>Scald</strong>!<br></div><div class="battle-history"><small>It's not very effective...</small><br></div><div class="battle-history"><small>(Alomomola lost <abbr title="−44/501">8.8%</abbr> of its health!)</small><br></div><div class="spacer battle-history"><br></div><div class="battle-history"><small>The opposing Blastoise restored a little HP using its Leftovers!</small><br></div><div class="battle-history"><small>Alomomola restored a little HP using its Leftovers!</small><br></div><div class="spacer battle-history"><br></div><h2 class="battle-history">Turn 5</h2><div class="spacer battle-history"><br></div><div class="battle-history">Matame withdrew Blastoise!<br></div><div class="battle-history">Matame sent out <strong>Mawile</strong>!<br></div><div class="battle-history"><small>[The opposing Mawile's Intimidate]</small><br></div><div class="battle-history"><small>Alomomola's Attack fell!</small><br></div><div class="spacer battle-history"><br></div><div class="battle-history">Alomomola used <strong>Knock Off</strong>!<br></div><div class="battle-history"><small>It's not very effective...</small><br></div><div class="battle-history"><small>(The opposing Mawile lost <abbr title="−16/304">5.3%</abbr> of its health!)</small><br></div><div class="battle-history"><small>Alomomola knocked off the opposing Mawile's Leftovers!</small><br></div><div class="spacer battle-history"><br></div><div class="battle-history"><small>Alomomola restored a little HP using its Leftovers!</small><br></div><div class="spacer battle-history"><br></div><h2 class="battle-history">Turn 6</h2><div class="spacer battle-history"><br></div><div class="battle-history">Alomomola, come back!<br></div><div class="battle-history">Go! Camerupt (<strong>Camerupt-Mega</strong>)!<br></div><div class="battle-history"><small>Pointed stones dug into Camerupt!</small><br></div><div class="spacer battle-history"><br></div><div class="battle-history">The opposing Mawile used <strong>Baton Pass</strong>!<br></div><div class="spacer battle-history"><br></div><div class="battle-history">Matame sent out <strong>Blastoise</strong>!<br></div><div class="spacer battle-history"><br></div><div class="battle-history"><small>The opposing Blastoise restored a little HP using its Leftovers!</small><br></div><div class="spacer battle-history"><br></div><h2 class="battle-history">Turn 7</h2><div class="spacer battle-history"><br></div><div class="battle-history">Camerupt, come back!<br></div><div class="battle-history">Go! <strong>Alomomola</strong>!<br></div><div class="battle-history"><small>Pointed stones dug into Alomomola!</small><br></div><div class="spacer battle-history"><br></div><div class="battle-history">The opposing Blastoise used <strong>Toxic</strong>!<br></div><div class="battle-history"><small>Alomomola was badly poisoned!</small><br></div><div class="spacer battle-history"><br></div><div class="battle-history"><small>The opposing Blastoise restored a little HP using its Leftovers!</small><br></div><div class="battle-history"><small>Alomomola restored a little HP using its Leftovers!</small><br></div><div class="battle-history"><small>Alomomola was hurt by poison!</small><br></div><div class="spacer battle-history"><br></div><h2 class="battle-history">Turn 8</h2><div class="spacer battle-history"><br></div><div class="battle-history">Matame withdrew Blastoise!<br></div><div class="battle-history">Matame sent out <strong>Accelgor</strong>!<br></div><div class="spacer battle-history"><br></div><div class="battle-history">Alomomola used <strong>Scald</strong>!<br></div><div class="battle-history"><small>(The opposing Accelgor lost <abbr title="−67/302">22.2%</abbr> of its health!)</small><br></div><div class="spacer battle-history"><br></div><div class="battle-history"><small>Alomomola restored a little HP using its Leftovers!</small><br></div><div class="battle-history"><small>Alomomola was hurt by poison!</small><br></div><div class="spacer battle-history"><br></div><h2 class="battle-history">Turn 9</h2><div class="spacer battle-history"><br></div><div class="battle-history">Alomomola, come back!<br></div><div class="battle-history">Go! <strong>Diancie</strong>!<br></div><div class="battle-history"><small>Pointed stones dug into Diancie!</small><br></div><div class="spacer battle-history"><br></div><div class="battle-history">The opposing Accelgor used <strong>Bug Buzz</strong>!<br></div><div class="battle-history"><small>It's not very effective...</small><br></div><div class="battle-history"><small>(Diancie lost <abbr title="−51/304">16.8%</abbr> of its health!)</small><br></div><div class="battle-history"><small>The opposing Accelgor lost some of its HP!</small><br></div><div class="spacer battle-history"><br></div><div class="battle-history"><small>Diancie restored a little HP using its Leftovers!</small><br></div><div class="spacer battle-history"><br></div><h2 class="battle-history">Turn 10</h2><div class="spacer battle-history"><br></div><div class="battle-history">Matame withdrew Accelgor!<br></div><div class="battle-history">Matame sent out <strong>Blastoise</strong>!<br></div><div class="spacer battle-history"><br></div><div class="battle-history">Diancie used <strong>Heal Bell</strong>!<br></div><div class="battle-history"><small>A bell chimed!</small><br></div><div class="battle-history"><small>Alomomola was cured of its poisoning.</small><br></div><div class="spacer battle-history"><br></div><div class="battle-history"><small>The opposing Blastoise restored a little HP using its Leftovers!</small><br></div><div class="battle-history"><small>Diancie restored a little HP using its Leftovers!</small><br></div><div class="spacer battle-history"><br></div><h2 class="battle-history">Turn 11</h2><div class="spacer battle-history"><br></div><div class="battle-history">Diancie, come back!<br></div><div class="battle-history">Go! <strong>Gurdurr</strong>!<br></div><div class="battle-history"><small>Pointed stones dug into Gurdurr!</small><br></div><div class="spacer battle-history"><br></div><div class="battle-history">The opposing Blastoise used <strong>Toxic</strong>!<br></div><div class="battle-history"><small>Gurdurr was badly poisoned!</small><br></div><div class="spacer battle-history"><br></div><div class="battle-history"><small>The opposing Blastoise restored a little HP using its Leftovers!</small><br></div><div class="battle-history"><small>Gurdurr was hurt by poison!</small><br></div><div class="spacer battle-history"><br></div><h2 class="battle-history">Turn 12</h2><div class="spacer battle-history"><br></div><div class="battle-history">Matame withdrew Blastoise!<br></div><div class="battle-history">Matame sent out Gourgeist (<strong>Gourgeist-Super</strong>)!<br></div><div class="battle-history"><small>[The opposing Gourgeist's Frisk]</small><br><small>The opposing Gourgeist frisked Gurdurr and found its Eviolite!</small><br></div><div class="spacer battle-history"><br></div><div class="battle-history">Gurdurr used <strong>Drain Punch</strong>!<br></div><div class="battle-history"><small>It doesn't affect the opposing Gourgeist...</small><br></div><div class="spacer battle-history"><br></div><div class="battle-history"><small>Gurdurr was hurt by poison!</small><br></div><div class="spacer battle-history"><br></div><h2 class="battle-history">Turn 13</h2><div class="spacer battle-history"><br></div><div class="battle-history">Gurdurr, come back!<br></div><div class="battle-history">Go! <strong>Golbat</strong>!<br></div><div class="battle-history"><small>Pointed stones dug into Golbat!</small><br></div><div class="spacer battle-history"><br></div><div class="battle-history">The opposing Gourgeist used <strong>Leech Seed</strong>!<br></div><div class="battle-history"><small>Golbat was seeded!</small><br></div><div class="spacer battle-history"><br></div><div class="battle-history"><small>Golbat's health is sapped by Leech Seed!</small><br></div><div class="spacer battle-history"><br></div><h2 class="battle-history">Turn 14</h2><div class="spacer battle-history"><br></div><div class="battle-history">Matame withdrew Gourgeist!<br></div><div class="battle-history">Matame sent out <strong>Rhyperior</strong>!<br></div><div class="spacer battle-history"><br></div><div class="battle-history">Golbat used <strong>Defog</strong>!<br></div><div class="battle-history"><small>The opposing Rhyperior's evasiveness fell!</small><br></div><div class="battle-history"><small>The pointed stones disappeared from around your team!</small><br></div><div class="spacer battle-history"><br></div><div class="battle-history"><small>Golbat's health is sapped by Leech Seed!</small><br></div><div class="spacer battle-history"><br></div><h2 class="battle-history">Turn 15</h2><div class="spacer battle-history"><br></div><div class="battle-history">Golbat used <strong>Toxic</strong>!<br></div><div class="battle-history"><small>The opposing Rhyperior was badly poisoned!</small><br></div><div class="spacer battle-history"><br></div><div class="battle-history">The opposing Rhyperior used <strong>Stone Edge</strong>!<br></div><div class="battle-history"><small>Golbat avoided the attack!</small><br></div><div class="spacer battle-history"><br></div><div class="battle-history"><small>Golbat's health is sapped by Leech Seed!</small><br></div><div class="battle-history"><small>The opposing Rhyperior was hurt by poison!</small><br></div><div class="spacer battle-history"><br></div><h2 class="battle-history">Turn 16</h2><div class="spacer battle-history"><br></div><div class="battle-history">Golbat, come back!<br></div><div class="battle-history">Go! <strong>Alomomola</strong>!<br></div><div class="spacer battle-history"><br></div><div class="battle-history">The opposing Rhyperior used <strong>Stone Edge</strong>!<br></div><div class="battle-history"><small>Alomomola avoided the attack!</small><br></div><div class="spacer battle-history"><br></div><div class="battle-history"><small>The opposing Rhyperior was hurt by poison!</small><br></div><div class="spacer battle-history"><br></div><h2 class="battle-history">Turn 17</h2><div class="spacer battle-history"><br></div><div class="battle-history">Matame withdrew Rhyperior!<br></div><div class="battle-history">Matame sent out <strong>Mawile</strong>!<br></div><div class="battle-history"><small>[The opposing Mawile's Intimidate]</small><br></div><div class="battle-history"><small>Alomomola's Attack fell!</small><br></div><div class="spacer battle-history"><br></div><div class="battle-history">Alomomola used <strong>Scald</strong>!<br></div><div class="battle-history"><small>(The opposing Mawile lost <abbr title="−76/304">25%</abbr> of its health!)</small><br></div><div class="battle-history"><small>The opposing Mawile was burned!</small><br></div><div class="spacer battle-history"><br></div><div class="battle-history"><small>The opposing Mawile was hurt by its burn!</small><br></div><div class="spacer battle-history"><br></div><h2 class="battle-history">Turn 18</h2><div class="spacer battle-history"><br></div><div class="battle-history">Alomomola, come back!<br></div><div class="battle-history">Go! <strong>Golbat</strong>!<br></div><div class="spacer battle-history"><br></div><div class="battle-history">The opposing Mawile used <strong>Stealth Rock</strong>!<br></div><div class="battle-history"><small>Pointed stones float in the air around your team!</small><br></div><div class="spacer battle-history"><br></div><div class="battle-history"><small>The opposing Mawile was hurt by its burn!</small><br></div><div class="spacer battle-history"><br></div><h2 class="battle-history">Turn 19</h2><div class="spacer battle-history"><br></div><div class="battle-history">Golbat used <strong>Defog</strong>!<br></div><div class="battle-history"><small>The opposing Mawile's evasiveness fell!</small><br></div><div class="battle-history"><small>The pointed stones disappeared from around your team!</small><br></div><div class="spacer battle-history"><br></div><div class="battle-history">The opposing Mawile used <strong>Baton Pass</strong>!<br></div><div class="spacer battle-history"><br></div><div class="battle-history">Matame sent out <strong>Sneasel</strong>!<br></div><div class="spacer battle-history"><br></div><h2 class="battle-history">Turn 20</h2><div class="spacer battle-history"><br></div><div class="battle-history"><small>(Golbat is being withdrawn...)</small><br></div><div class="spacer battle-history"><br></div><div class="battle-history">The opposing Sneasel used <strong>Pursuit</strong>!<br></div><div class="battle-history"><small>(Golbat lost <abbr title="−83/354">23.4%</abbr> of its health!)</small><br></div><div class="battle-history"><small>The opposing Sneasel lost some of its HP!</small><br></div><div class="spacer battle-history"><br></div><div class="battle-history">Golbat, come back!<br></div><div class="battle-history">Go! <strong>Diancie</strong>!<br></div><div class="spacer battle-history"><br></div><div class="battle-history"><small>Diancie restored a little HP using its Leftovers!</small><br></div><div class="spacer battle-history"><br></div><h2 class="battle-history">Turn 21</h2><div class="spacer battle-history"><br></div><div class="battle-history">Matame withdrew Sneasel!<br></div><div class="battle-history">Matame sent out <strong>Blastoise</strong>!<br></div><div class="spacer battle-history"><br></div><div class="battle-history">Diancie used <strong>Moonblast</strong>!<br></div><div class="battle-history"><small>(The opposing Blastoise lost <abbr title="−75/362">20.7%</abbr> of its health!)</small><br></div><div class="spacer battle-history"><br></div><div class="battle-history"><small>The opposing Blastoise restored a little HP using its Leftovers!</small><br></div><div class="battle-history"><small>Diancie restored a little HP using its Leftovers!</small><br></div><div class="spacer battle-history"><br></div><h2 class="battle-history">Turn 22</h2><div class="spacer battle-history"><br></div><div class="battle-history">Diancie, come back!<br></div><div class="battle-history">Go! <strong>Alomomola</strong>!<br></div><div class="spacer battle-history"><br></div><div class="battle-history">The opposing Blastoise used <strong>Scald</strong>!<br></div><div class="battle-history"><small>It's not very effective...</small><br></div><div class="battle-history"><small>A critical hit!</small><br></div><div class="battle-history"><small>(Alomomola lost <abbr title="−69/501">13.8%</abbr> of its health!)</small><br></div><div class="battle-history"><small>Alomomola was burned!</small><br></div><div class="spacer battle-history"><br></div><div class="battle-history"><small>The opposing Blastoise restored a little HP using its Leftovers!</small><br></div><div class="battle-history"><small>Alomomola restored a little HP using its Leftovers!</small><br></div><div class="battle-history"><small>Alomomola was hurt by its burn!</small><br></div><div class="spacer battle-history"><br></div><h2 class="battle-history">Turn 23</h2><div class="spacer battle-history"><br></div><div class="battle-history">The opposing Blastoise used <strong>Scald</strong>!<br></div><div class="battle-history"><small>It's not very effective...</small><br></div><div class="battle-history"><small>(Alomomola lost <abbr title="−45/501">9.0%</abbr> of its health!)</small><br></div><div class="spacer battle-history"><br></div><div class="battle-history">Alomomola used <strong>Wish</strong>!<br></div><div class="spacer battle-history"><br></div><div class="battle-history"><small>The opposing Blastoise restored a little HP using its Leftovers!</small><br></div><div class="battle-history"><small>Alomomola restored a little HP using its Leftovers!</small><br></div><div class="battle-history"><small>Alomomola was hurt by its burn!</small><br></div><div class="spacer battle-history"><br></div><h2 class="battle-history">Turn 24</h2><div class="spacer battle-history"><br></div><div class="battle-history">The opposing Blastoise used <strong>Scald</strong>!<br></div><div class="battle-history"><small>It's not very effective...</small><br></div><div class="battle-history"><small>(Alomomola lost <abbr title="−47/501">9.4%</abbr> of its health!)</small><br></div><div class="spacer battle-history"><br></div><div class="battle-history">Alomomola used <strong>Knock Off</strong>!<br></div><div class="battle-history"><small>(The opposing Blastoise lost <abbr title="−26/362">7.2%</abbr> of its health!)</small><br></div><div class="battle-history"><small>Alomomola knocked off the opposing Blastoise's Leftovers!</small><br></div><div class="spacer battle-history"><br></div><div class="battle-history"><small>Alomomola's wish came true!</small><br></div><div class="battle-history"><small>Alomomola was hurt by its burn!</small><br></div><div class="spacer battle-history"><br></div><h2 class="battle-history">Turn 25</h2><div class="spacer battle-history"><br></div><div class="battle-history">The opposing Blastoise used <strong>Scald</strong>!<br></div><div class="battle-history"><small>It's not very effective...</small><br></div><div class="battle-history"><small>(Alomomola lost <abbr title="−44/501">8.8%</abbr> of its health!)</small><br></div><div class="spacer battle-history"><br></div><div class="battle-history">Alomomola used <strong>Wish</strong>!<br></div><div class="spacer battle-history"><br></div><div class="battle-history"><small>Alomomola restored a little HP using its Leftovers!</small><br></div><div class="battle-history"><small>Alomomola was hurt by its burn!</small><br></div><div class="spacer battle-history"><br></div><h2 class="battle-history">Turn 26</h2><div class="spacer battle-history"><br></div><div class="battle-history">The opposing Blastoise used <strong>Scald</strong>!<br></div><div class="battle-history"><small>It's not very effective...</small><br></div><div class="battle-history"><small>(Alomomola lost <abbr title="−47/501">9.4%</abbr> of its health!)</small><br></div><div class="spacer battle-history"><br></div><div class="battle-history">Alomomola used <strong>Scald</strong>!<br></div><div class="battle-history"><small>It's not very effective...</small><br></div><div class="battle-history"><small>(The opposing Blastoise lost <abbr title="−15/362">4.1%</abbr> of its health!)</small><br></div><div class="spacer battle-history"><br></div><div class="battle-history"><small>Alomomola's wish came true!</small><br></div><div class="battle-history"><small>Alomomola was hurt by its burn!</small><br></div><div class="spacer battle-history"><br></div><h2 class="battle-history">Turn 27</h2><div class="spacer battle-history"><br></div><div class="battle-history">Matame withdrew Blastoise!<br></div><div class="battle-history">Matame sent out Gourgeist (<strong>Gourgeist-Super</strong>)!<br></div><div class="battle-history"><small>[The opposing Gourgeist's Frisk]</small><br><small>The opposing Gourgeist frisked Alomomola and found its Leftovers!</small><br></div><div class="spacer battle-history"><br></div><div class="battle-history">Alomomola used <strong>Wish</strong>!<br></div><div class="spacer battle-history"><br></div><div class="battle-history"><small>Alomomola restored a little HP using its Leftovers!</small><br></div><div class="battle-history"><small>Alomomola was hurt by its burn!</small><br></div><div class="spacer battle-history"><br></div><h2 class="battle-history">Turn 28</h2><div class="spacer battle-history"><br></div><div class="battle-history">Alomomola, come back!<br></div><div class="battle-history">Go! Camerupt (<strong>Camerupt-Mega</strong>)!<br></div><div class="spacer battle-history"><br></div><div class="battle-history">The opposing Gourgeist used <strong>Leech Seed</strong>!<br></div><div class="battle-history"><small>Camerupt was seeded!</small><br></div><div class="spacer battle-history"><br></div><div class="battle-history"><small>Alomomola's wish came true!</small><br></div><div class="battle-history"><small>Camerupt's health is sapped by Leech Seed!</small><br></div><div class="spacer battle-history"><br></div><h2 class="battle-history">Turn 29</h2><div class="spacer battle-history"><br></div><div class="battle-history">Matame withdrew Gourgeist!<br></div><div class="battle-history">Matame sent out <strong>Blastoise</strong>!<br></div><div class="spacer battle-history"><br></div><div class="battle-history">Camerupt used <strong>Fire Blast</strong>!<br></div><div class="battle-history"><small>It's not very effective...</small><br></div><div class="battle-history"><small>(The opposing Blastoise lost <abbr title="−98/362">27.1%</abbr> of its health!)</small><br></div><div class="spacer battle-history"><br></div><div class="battle-history"><small>Camerupt's health is sapped by Leech Seed!</small><br></div><div class="spacer battle-history"><br></div><h2 class="battle-history">Turn 30</h2><div class="spacer battle-history"><br></div><div class="battle-history">Matame withdrew Blastoise!<br></div><div class="battle-history">Matame sent out <strong>Mawile</strong>!<br></div><div class="battle-history"><small>[The opposing Mawile's Intimidate]</small><br></div><div class="battle-history"><small>Camerupt's Attack fell!</small><br></div><div class="spacer battle-history"><br></div><div class="battle-history">Camerupt, come back!<br></div><div class="battle-history">Go! <strong>Alomomola</strong>!<br></div><div class="spacer battle-history"><br></div><div class="battle-history"><small>Alomomola was hurt by its burn!</small><br></div><div class="battle-history"><small>The opposing Mawile was hurt by its burn!</small><br></div><div class="spacer battle-history"><br></div><h2 class="battle-history">Turn 31</h2><div class="spacer battle-history"><br></div><div class="battle-history">Alomomola, come back!<br></div><div class="battle-history">Go! <strong>Golbat</strong>!<br></div><div class="spacer battle-history"><br></div><div class="battle-history">The opposing Mawile used <strong>Stealth Rock</strong>!<br></div><div class="battle-history"><small>Pointed stones float in the air around your team!</small><br></div><div class="spacer battle-history"><br></div><div class="battle-history"><small>The opposing Mawile was hurt by its burn!</small><br></div><div class="spacer battle-history"><br></div><h2 class="battle-history">Turn 32</h2><div class="spacer battle-history"><br></div><div class="battle-history">Golbat used <strong>Roost</strong>!<br></div><div class="battle-history"><small>Golbat restored its HP.</small><br></div><div class="spacer battle-history"><br></div><div class="battle-history">The opposing Mawile used <strong>Baton Pass</strong>!<br></div><div class="spacer battle-history"><br></div><div class="battle-history">Matame sent out <strong>Sneasel</strong>!<br></div><div class="spacer battle-history"><br></div><h2 class="battle-history">Turn 33</h2><div class="spacer battle-history"><br></div><div class="battle-history">Golbat, come back!<br></div><div class="battle-history">Go! <strong>Diancie</strong>!<br></div><div class="battle-history"><small>Pointed stones dug into Diancie!</small><br></div><div class="spacer battle-history"><br></div><div class="battle-history">The opposing Sneasel used <strong>Icicle Crash</strong>!<br></div><div class="battle-history"><small>A critical hit!</small><br></div><div class="battle-history"><small>(Diancie lost <abbr title="−181/304">59.5%</abbr> of its health!)</small><br></div><div class="battle-history"><small>The opposing Sneasel lost some of its HP!</small><br></div><div class="spacer battle-history"><br></div><div class="battle-history"><small>Diancie restored a little HP using its Leftovers!</small><br></div><div class="spacer battle-history"><br></div><h2 class="battle-history">Turn 34</h2><div class="spacer battle-history"><br></div><div class="battle-history">The opposing Sneasel used <strong>Icicle Crash</strong>!<br></div><div class="battle-history"><small>Diancie avoided the attack!</small><br></div><div class="spacer battle-history"><br></div><div class="battle-history">Diancie used <strong>Moonblast</strong>!<br></div><div class="battle-history"><small>It's super effective!</small><br></div><div class="battle-history"><small>(The opposing Sneasel lost <abbr title="−201/251">80.1%</abbr> of its health!)</small><br></div><div class="spacer battle-history"><br></div><div class="battle-history">The opposing Sneasel fainted!<br></div><div class="spacer battle-history"><br></div><div class="battle-history"><small>Diancie restored a little HP using its Leftovers!</small><br></div><div class="chat chatmessage-meru"><strong style="color:hsl(175,64%,42.17522184961365%)"><small>★</small><span class="username" data-name="MERU">MERU</span>:</strong> <em>this hax is tilting everywhere smh</em></div><div class="spacer battle-history"><br></div><div class="battle-history">Matame sent out <strong>Blastoise</strong>!<br></div><div class="spacer battle-history"><br></div><h2 class="battle-history">Turn 35</h2><div class="spacer battle-history"><br></div><div class="battle-history">Diancie, come back!<br></div><div class="battle-history">Go! <strong>Alomomola</strong>!<br></div><div class="battle-history"><small>Pointed stones dug into Alomomola!</small><br></div><div class="spacer battle-history"><br></div><div class="battle-history">The opposing Blastoise used <strong>Scald</strong>!<br></div><div class="battle-history"><small>It's not very effective...</small><br></div><div class="battle-history"><small>A critical hit!</small><br></div><div class="battle-history"><small>(Alomomola lost <abbr title="−76/501">15.2%</abbr> of its health!)</small><br></div><div class="spacer battle-history"><br></div><div class="battle-history"><small>Alomomola restored a little HP using its Leftovers!</small><br></div><div class="battle-history"><small>Alomomola was hurt by its burn!</small><br></div><div class="spacer battle-history"><br></div><h2 class="battle-history">Turn 36</h2><div class="spacer battle-history"><br></div><div class="battle-history">Matame withdrew Blastoise!<br></div><div class="battle-history">Matame sent out Gourgeist (<strong>Gourgeist-Super</strong>)!<br></div><div class="battle-history"><small>[The opposing Gourgeist's Frisk]</small><br><small>The opposing Gourgeist frisked Alomomola and found its Leftovers!</small><br></div><div class="spacer battle-history"><br></div><div class="battle-history">Alomomola used <strong>Wish</strong>!<br></div><div class="spacer battle-history"><br></div><div class="battle-history"><small>Alomomola restored a little HP using its Leftovers!</small><br></div><div class="battle-history"><small>Alomomola was hurt by its burn!</small><br></div><div class="spacer battle-history"><br></div><h2 class="battle-history">Turn 37</h2><div class="spacer battle-history"><br></div><div class="battle-history">Alomomola, come back!<br></div><div class="battle-history">Go! Camerupt (<strong>Camerupt-Mega</strong>)!<br></div><div class="battle-history"><small>Pointed stones dug into Camerupt!</small><br></div><div class="spacer battle-history"><br></div><div class="battle-history">Matame withdrew Gourgeist!<br></div><div class="battle-history">Matame sent out <strong>Blastoise</strong>!<br></div><div class="spacer battle-history"><br></div><div class="battle-history"><small>Alomomola's wish came true!</small><br></div><div class="spacer battle-history"><br></div><h2 class="battle-history">Turn 38</h2><div class="spacer battle-history"><br></div><div class="battle-history">Camerupt, come back!<br></div><div class="battle-history">Go! <strong>Alomomola</strong>!<br></div><div class="battle-history"><small>Pointed stones dug into Alomomola!</small><br></div><div class="spacer battle-history"><br></div><div class="battle-history">The opposing Blastoise used <strong>Scald</strong>!<br></div><div class="battle-history"><small>It's not very effective...</small><br></div><div class="battle-history"><small>(Alomomola lost <abbr title="−45/501">9.0%</abbr> of its health!)</small><br></div><div class="spacer battle-history"><br></div><div class="battle-history"><small>Alomomola restored a little HP using its Leftovers!</small><br></div><div class="battle-history"><small>Alomomola was hurt by its burn!</small><br></div><div class="spacer battle-history"><br></div><h2 class="battle-history">Turn 39</h2><div class="spacer battle-history"><br></div><div class="battle-history">Matame withdrew Blastoise!<br></div><div class="battle-history">Matame sent out Gourgeist (<strong>Gourgeist-Super</strong>)!<br></div><div class="battle-history"><small>[The opposing Gourgeist's Frisk]</small><br><small>The opposing Gourgeist frisked Alomomola and found its Leftovers!</small><br></div><div class="spacer battle-history"><br></div><div class="battle-history">Alomomola used <strong>Wish</strong>!<br></div><div class="spacer battle-history"><br></div><div class="battle-history"><small>Alomomola restored a little HP using its Leftovers!</small><br></div><div class="battle-history"><small>Alomomola was hurt by its burn!</small><br></div><div class="spacer battle-history"><br></div><h2 class="battle-history">Turn 40</h2><div class="spacer battle-history"><br></div><div class="battle-history">Alomomola, come back!<br></div><div class="battle-history">Go! <strong>Golbat</strong>!<br></div><div class="battle-history"><small>Pointed stones dug into Golbat!</small><br></div><div class="spacer battle-history"><br></div><div class="battle-history">Matame withdrew Gourgeist!<br></div><div class="battle-history">Matame sent out <strong>Blastoise</strong>!<br></div><div class="spacer battle-history"><br></div><div class="battle-history"><small>Alomomola's wish came true!</small><br></div><div class="spacer battle-history"><br></div><h2 class="battle-history">Turn 41</h2><div class="spacer battle-history"><br></div><div class="battle-history">Matame withdrew Blastoise!<br></div><div class="battle-history">Matame sent out <strong>Rhyperior</strong>!<br></div><div class="spacer battle-history"><br></div><div class="battle-history">Golbat used <strong>Defog</strong>!<br></div><div class="battle-history"><small>The opposing Rhyperior's evasiveness fell!</small><br></div><div class="battle-history"><small>The pointed stones disappeared from around your team!</small><br></div><div class="spacer battle-history"><br></div><div class="battle-history"><small>The opposing Rhyperior was hurt by poison!</small><br></div><div class="spacer battle-history"><br></div><h2 class="battle-history">Turn 42</h2><div class="spacer battle-history"><br></div><div class="battle-history">Golbat, come back!<br></div><div class="battle-history">Go! <strong>Gurdurr</strong>!<br></div><div class="spacer battle-history"><br></div><div class="battle-history">The opposing Rhyperior used <strong>Stone Edge</strong>!<br></div><div class="battle-history"><small>It's not very effective...</small><br></div><div class="battle-history"><small>(Gurdurr lost <abbr title="−110/374">29.4%</abbr> of its health!)</small><br></div><div class="spacer battle-history"><br></div><div class="battle-history"><small>The opposing Rhyperior was hurt by poison!</small><br></div><div class="battle-history"><small>Gurdurr was hurt by poison!</small><br></div><div class="spacer battle-history"><br></div><h2 class="battle-history">Turn 43</h2><div class="spacer battle-history"><br></div><div class="battle-history">Matame withdrew Rhyperior!<br></div><div class="battle-history">Matame sent out Gourgeist (<strong>Gourgeist-Super</strong>)!<br></div><div class="battle-history"><small>[The opposing Gourgeist's Frisk]</small><br><small>The opposing Gourgeist frisked Gurdurr and found its Eviolite!</small><br></div><div class="spacer battle-history"><br></div><div class="battle-history">Gurdurr used <strong>Knock Off</strong>!<br></div><div class="battle-history"><small>It's super effective!</small><br></div><div class="battle-history"><small>(The opposing Gourgeist lost <abbr title="−264/374">70.6%</abbr> of its health!)</small><br></div><div class="battle-history"><small>Gurdurr was hurt by the Rocky Helmet!</small><br></div><div class="battle-history"><small>Gurdurr knocked off the opposing Gourgeist's Rocky Helmet!</small><br></div><div class="spacer battle-history"><br></div><div class="battle-history"><small>Gurdurr was hurt by poison!</small><br></div><div class="spacer battle-history"><br></div><h2 class="battle-history">Turn 44</h2><div class="spacer battle-history"><br></div><div class="battle-history">Gurdurr, come back!<br></div><div class="battle-history">Go! Camerupt (<strong>Camerupt-Mega</strong>)!<br></div><div class="spacer battle-history"><br></div><div class="battle-history">The opposing Gourgeist used <strong>Synthesis</strong>!<br></div><div class="battle-history"><small>The opposing Gourgeist restored its HP.</small><br></div><div class="spacer battle-history"><br></div><h2 class="battle-history">Turn 45</h2><div class="spacer battle-history"><br></div><div class="battle-history">Matame withdrew Gourgeist!<br></div><div class="battle-history">Matame sent out <strong>Blastoise</strong>!<br></div><div class="spacer battle-history"><br></div><div class="battle-history">Camerupt used <strong>Fire Blast</strong>!<br></div><div class="battle-history"><small>It's not very effective...</small><br></div><div class="battle-history"><small>A critical hit!</small><br></div><div class="battle-history"><small>(The opposing Blastoise lost <abbr title="−145/362">40.1%</abbr> of its health!)</small><br></div><div class="spacer battle-history"><br></div><h2 class="battle-history">Turn 46</h2><div class="spacer battle-history"><br></div><div class="battle-history">Matame withdrew Blastoise!<br></div><div class="battle-history">Matame sent out <strong>Accelgor</strong>!<br></div><div class="spacer battle-history"><br></div><div class="battle-history">Camerupt, come back!<br></div><div class="battle-history">Go! <strong>Alomomola</strong>!<br></div><div class="spacer battle-history"><br></div><div class="battle-history"><small>Alomomola restored a little HP using its Leftovers!</small><br></div><div class="battle-history"><small>Alomomola was hurt by its burn!</small><br></div><div class="spacer battle-history"><br></div><h2 class="battle-history">Turn 47</h2><div class="spacer battle-history"><br></div><div class="battle-history">Alomomola, come back!<br></div><div class="battle-history">Go! <strong>Golbat</strong>!<br></div><div class="spacer battle-history"><br></div><div class="battle-history">The opposing Accelgor used <strong>Bug Buzz</strong>!<br></div><div class="battle-history"><small>It's not very effective...</small><br></div><div class="battle-history"><small>(Golbat lost <abbr title="−35/354">9.9%</abbr> of its health!)</small><br></div><div class="battle-history"><small>The opposing Accelgor lost some of its HP!</small><br></div><div class="spacer battle-history"><br></div><h2 class="battle-history">Turn 48</h2><div class="spacer battle-history"><br></div><div class="battle-history">Matame withdrew Accelgor!<br></div><div class="battle-history">Matame sent out <strong>Rhyperior</strong>!<br></div><div class="spacer battle-history"><br></div><div class="battle-history">Golbat used <strong>Brave Bird</strong>!<br></div><div class="battle-history"><small>It's not very effective...</small><br></div><div class="battle-history"><small>(The opposing Rhyperior lost <abbr title="−45/414">10.9%</abbr> of its health!)</small><br></div><div class="battle-history"><small>Golbat is damaged by the recoil!</small><br></div><div class="spacer battle-history"><br></div><div class="battle-history"><small>The opposing Rhyperior was hurt by poison!</small><br></div><div class="spacer battle-history"><br></div><h2 class="battle-history">Turn 49</h2><div class="spacer battle-history"><br></div><div class="battle-history">Golbat, come back!<br></div><div class="battle-history">Go! <strong>Gurdurr</strong>!<br></div><div class="spacer battle-history"><br></div><div class="battle-history">The opposing Rhyperior used <strong>Stone Edge</strong>!<br></div><div class="battle-history"><small>It's not very effective...</small><br></div><div class="battle-history"><small>A critical hit!</small><br></div><div class="battle-history"><small>(Gurdurr lost <abbr title="−41/374">11.0%</abbr> of its health!)</small><br></div><div class="spacer battle-history"><br></div><div class="battle-history">Gurdurr fainted!<br></div><div class="spacer battle-history"><br></div><div class="battle-history"><small>The opposing Rhyperior was hurt by poison!</small><br></div><div class="spacer battle-history"><br></div><div class="battle-history">Go! <strong>Drapion</strong>!<br></div><div class="spacer battle-history"><br></div><h2 class="battle-history">Turn 50</h2><div class="spacer battle-history"><br></div><div class="battle-history"><small>(The opposing Rhyperior is being withdrawn...)</small><br></div><div class="spacer battle-history"><br></div><div class="battle-history">Drapion used <strong>Pursuit</strong>!<br></div><div class="battle-history"><small>(The opposing Rhyperior lost <abbr title="−94/414">22.7%</abbr> of its health!)</small><br></div><div class="spacer battle-history"><br></div><div class="battle-history">Matame withdrew Rhyperior!<br></div><div class="battle-history">Matame sent out Gourgeist (<strong>Gourgeist-Super</strong>)!<br></div><div class="battle-history"><small>[The opposing Gourgeist's Frisk]</small><br><small>The opposing Gourgeist frisked Drapion and found its Choice Scarf!</small><br></div><div class="spacer battle-history"><br></div><h2 class="battle-history">Turn 51</h2><div class="spacer battle-history"><br></div><div class="battle-history">Drapion, come back!<br></div><div class="battle-history">Go! Camerupt (<strong>Camerupt-Mega</strong>)!<br></div><div class="spacer battle-history"><br></div><div class="battle-history">Matame withdrew Gourgeist!<br></div><div class="battle-history">Matame sent out <strong>Mawile</strong>!<br></div><div class="battle-history"><small>[The opposing Mawile's Intimidate]</small><br></div><div class="battle-history"><small>Camerupt's Attack fell!</small><br></div><div class="spacer battle-history"><br></div><div class="battle-history"><small>The opposing Mawile was hurt by its burn!</small><br></div><div class="spacer battle-history"><br></div><h2 class="battle-history">Turn 52</h2><div class="spacer battle-history"><br></div><div class="battle-history">Camerupt, come back!<br></div><div class="battle-history">Go! <strong>Drapion</strong>!<br></div><div class="spacer battle-history"><br></div><div class="battle-history">The opposing Mawile used <strong>Stealth Rock</strong>!<br></div><div class="battle-history"><small>Pointed stones float in the air around your team!</small><br></div><div class="spacer battle-history"><br></div><div class="battle-history"><small>The opposing Mawile was hurt by its burn!</small><br></div><div class="spacer battle-history"><br></div><div class="battle-history">The opposing Mawile fainted!<br></div><div class="spacer battle-history"><br></div><div class="battle-history">Matame sent out Gourgeist (<strong>Gourgeist-Super</strong>)!<br></div><div class="battle-history"><small>[The opposing Gourgeist's Frisk]</small><br><small>The opposing Gourgeist frisked Drapion and found its Choice Scarf!</small><br></div><div class="spacer battle-history"><br></div><h2 class="battle-history">Turn 53</h2><div class="spacer battle-history"><br></div><div class="battle-history">Drapion used <strong>Poison Jab</strong>!<br></div><div class="battle-history"><small>(The opposing Gourgeist lost <abbr title="−102/374">27.3%</abbr> of its health!)</small><br></div><div class="spacer battle-history"><br></div><div class="battle-history">The opposing Gourgeist used <strong>Leech Seed</strong>!<br></div><div class="battle-history"><small>Drapion was seeded!</small><br></div><div class="spacer battle-history"><br></div><div class="battle-history"><small>Drapion's health is sapped by Leech Seed!</small><br></div><div class="spacer battle-history"><br></div><h2 class="battle-history">Turn 54</h2><div class="spacer battle-history"><br></div><div class="battle-history">Drapion used <strong>Poison Jab</strong>!<br></div><div class="battle-history"><small>(The opposing Gourgeist lost <abbr title="−100/374">26.7%</abbr> of its health!)</small><br></div><div class="battle-history"><small>The opposing Gourgeist was poisoned!</small><br></div><div class="spacer battle-history"><br></div><div class="battle-history">The opposing Gourgeist used <strong>Synthesis</strong>!<br></div><div class="battle-history"><small>The opposing Gourgeist restored its HP.</small><br></div><div class="spacer battle-history"><br></div><div class="battle-history"><small>Drapion's health is sapped by Leech Seed!</small><br></div><div class="battle-history"><small>The opposing Gourgeist was hurt by poison!</small><br></div><div class="spacer battle-history"><br></div><h2 class="battle-history">Turn 55</h2><div class="spacer battle-history"><br></div><div class="battle-history">Drapion, come back!<br></div><div class="battle-history">Go! Camerupt (<strong>Camerupt-Mega</strong>)!<br></div><div class="battle-history"><small>Pointed stones dug into Camerupt!</small><br></div><div class="spacer battle-history"><br></div><div class="battle-history">The opposing Gourgeist used <strong>Synthesis</strong>!<br></div><div class="battle-history"><small>The opposing Gourgeist restored its HP.</small><br></div><div class="spacer battle-history"><br></div><div class="battle-history"><small>The opposing Gourgeist was hurt by poison!</small><br></div><div class="spacer battle-history"><br></div><h2 class="battle-history">Turn 56</h2><div class="spacer battle-history"><br></div><div class="battle-history">Matame withdrew Gourgeist!<br></div><div class="battle-history">Matame sent out <strong>Rhyperior</strong>!<br></div><div class="spacer battle-history"><br></div><div class="battle-history">Camerupt used <strong>Hidden Power</strong>!<br></div><div class="battle-history"><small>It's super effective!</small><br></div><div class="battle-history"><small>(The opposing Rhyperior lost <abbr title="−50/414">12.1%</abbr> of its health!)</small><br></div><div class="spacer battle-history"><br></div><div class="battle-history">The opposing Rhyperior fainted!<br></div><div class="spacer battle-history"><br></div><div class="battle-history">Matame sent out <strong>Blastoise</strong>!<br></div><div class="spacer battle-history"><br></div><h2 class="battle-history">Turn 57</h2><div class="spacer battle-history"><br></div><div class="battle-history">Matame withdrew Blastoise!<br></div><div class="battle-history">Matame sent out <strong>Accelgor</strong>!<br></div><div class="spacer battle-history"><br></div><div class="battle-history">Camerupt, come back!<br></div><div class="battle-history">Go! <strong>Alomomola</strong>!<br></div><div class="battle-history"><small>Pointed stones dug into Alomomola!</small><br></div><div class="spacer battle-history"><br></div><div class="battle-history"><small>Alomomola restored a little HP using its Leftovers!</small><br></div><div class="battle-history"><small>Alomomola was hurt by its burn!</small><br></div><div class="spacer battle-history"><br></div><h2 class="battle-history">Turn 58</h2><div class="spacer battle-history"><br></div><div class="battle-history">Matame withdrew Accelgor!<br></div><div class="battle-history">Matame sent out Gourgeist (<strong>Gourgeist-Super</strong>)!<br></div><div class="battle-history"><small>[The opposing Gourgeist's Frisk]</small><br><small>The opposing Gourgeist frisked Alomomola and found its Leftovers!</small><br></div><div class="spacer battle-history"><br></div><div class="battle-history">Alomomola, come back!<br></div><div class="battle-history">Go! <strong>Diancie</strong>!<br></div><div class="battle-history"><small>Pointed stones dug into Diancie!</small><br></div><div class="spacer battle-history"><br></div><div class="battle-history"><small>Diancie restored a little HP using its Leftovers!</small><br></div><div class="battle-history"><small>The opposing Gourgeist was hurt by poison!</small><br></div><div class="spacer battle-history"><br></div><h2 class="battle-history">Turn 59</h2><div class="spacer battle-history"><br></div><div class="battle-history">Matame withdrew Gourgeist!<br></div><div class="battle-history">Matame sent out <strong>Blastoise</strong>!<br></div><div class="spacer battle-history"><br></div><div class="battle-history">Diancie used <strong>Stealth Rock</strong>!<br></div><div class="battle-history"><small>Pointed stones float in the air around the opposing team!</small><br></div><div class="spacer battle-history"><br></div><div class="battle-history"><small>Diancie restored a little HP using its Leftovers!</small><br></div><div class="spacer battle-history"><br></div><h2 class="battle-history">Turn 60</h2><div class="spacer battle-history"><br></div><div class="battle-history">The opposing Blastoise used <strong>Rapid Spin</strong>!<br></div><div class="battle-history"><small>It's not very effective...</small><br></div><div class="battle-history"><small>(Diancie lost <abbr title="−5/304">1.6%</abbr> of its health!)</small><br></div><div class="battle-history"><small>The pointed stones disappeared from around the opposing team!</small><br></div><div class="spacer battle-history"><br></div><div class="battle-history">Diancie used <strong>Moonblast</strong>!<br></div><div class="battle-history"><small>(The opposing Blastoise lost <abbr title="−72/362">19.9%</abbr> of its health!)</small><br></div><div class="spacer battle-history"><br></div><div class="battle-history"><small>Diancie restored a little HP using its Leftovers!</small><br></div><div class="spacer battle-history"><br></div><h2 class="battle-history">Turn 61</h2><div class="chat chatmessage-meru"><strong style="color:hsl(175,64%,42.17522184961365%)"><small>★</small><span class="username" data-name="MERU">MERU</span>:</strong> <em>reall</em></div><div class="spacer battle-history"><br></div><div class="battle-history">The opposing Blastoise used <strong>Scald</strong>!<br></div><div class="battle-history"><small>It's super effective!</small><br></div><div class="battle-history"><small>(Diancie lost <abbr title="−124/304">40.8%</abbr> of its health!)</small><br></div><div class="spacer battle-history"><br></div><div class="battle-history">Diancie fainted!<br></div><div class="spacer battle-history"><br></div><div class="battle-history">Go! <strong>Drapion</strong>!<br></div><div class="battle-history"><small>Pointed stones dug into Drapion!</small><br></div><div class="spacer battle-history"><br></div><h2 class="battle-history">Turn 62</h2><div class="spacer battle-history"><br></div><div class="battle-history">Drapion used <strong>Knock Off</strong>!<br></div><div class="battle-history"><small>(The opposing Blastoise lost <abbr title="−5/362">1.4%</abbr> of its health!)</small><br></div><div class="spacer battle-history"><br></div><div class="battle-history">The opposing Blastoise fainted!<br></div><div class="spacer battle-history"><br></div><div class="battle-history">Matame sent out <strong>Accelgor</strong>!<br></div><div class="spacer battle-history"><br></div><h2 class="battle-history">Turn 63</h2><div class="spacer battle-history"><br></div><div class="battle-history">Drapion used <strong>Knock Off</strong>!<br></div><div class="battle-history"><small>A critical hit!</small><br></div><div class="battle-history"><small>(The opposing Accelgor lost <abbr title="−175/302">57.9%</abbr> of its health!)</small><br></div><div class="battle-history"><small>Drapion knocked off the opposing Accelgor's Life Orb!</small><br></div><div class="spacer battle-history"><br></div><div class="battle-history">The opposing Accelgor fainted!<br></div><div class="chat chatmessage-meru"><strong style="color:hsl(175,64%,42.17522184961365%)"><small>★</small><span class="username" data-name="MERU">MERU</span>:</strong> <em>sry</em></div><div class="chat chatmessage-meru"><strong style="color:hsl(175,64%,42.17522184961365%)"><small>★</small><span class="username" data-name="MERU">MERU</span>:</strong> <em>i didnt make this team</em></div><div class="chat chatmessage-meru"><strong style="color:hsl(175,64%,42.17522184961365%)"><small>★</small><span class="username" data-name="MERU">MERU</span>:</strong> <em>so idk evs</em></div><div class="chat chatmessage-matame"><strong style="color:hsl(205,86%,38%)"><small>★</small><span class="username" data-name="Matame">Matame</span>:</strong> <em>oh its</em></div><div class="chat chatmessage-matame"><strong style="color:hsl(205,86%,38%)"><small>★</small><span class="username" data-name="Matame">Matame</span>:</strong> <em>ok</em></div><div class="spacer battle-history"><br></div><div class="battle-history">Matame sent out Gourgeist (<strong>Gourgeist-Super</strong>)!<br></div><div class="battle-history"><small>[The opposing Gourgeist's Frisk]</small><br><small>The opposing Gourgeist frisked Drapion and found its Choice Scarf!</small><br></div><div class="spacer battle-history"><br></div><h2 class="battle-history">Turn 64</h2><div class="spacer battle-history"><br></div><div class="battle-history">Drapion used <strong>Knock Off</strong>!<br></div><div class="battle-history"><small>It's super effective!</small><br></div><div class="battle-history"><small>(The opposing Gourgeist lost <abbr title="−176/374">47.1%</abbr> of its health!)</small><br></div><div class="spacer battle-history"><br></div><div class="battle-history">The opposing Gourgeist used <strong>Synthesis</strong>!<br></div><div class="battle-history"><small>The opposing Gourgeist restored its HP.</small><br></div><div class="spacer battle-history"><br></div><div class="battle-history"><small>The opposing Gourgeist was hurt by poison!</small><br></div><div class="spacer battle-history"><br></div><h2 class="battle-history">Turn 65</h2><div class="spacer battle-history"><br></div><div class="battle-history">Drapion used <strong>Knock Off</strong>!<br></div><div class="battle-history"><small>It's super effective!</small><br></div><div class="battle-history"><small>(The opposing Gourgeist lost <abbr title="−180/374">48.1%</abbr> of its health!)</small><br></div><div class="spacer battle-history"><br></div><div class="battle-history">The opposing Gourgeist used <strong>Will-O-Wisp</strong>!<br></div><div class="battle-history"><small>Drapion was burned!</small><br></div><div class="spacer battle-history"><br></div><div class="battle-history"><small>Drapion was hurt by its burn!</small><br></div><div class="battle-history"><small>The opposing Gourgeist was hurt by poison!</small><br></div><div class="spacer battle-history"><br></div><h2 class="battle-history">Turn 66</h2><div class="spacer battle-history"><br></div><div class="battle-history">Drapion used <strong>Knock Off</strong>!<br></div><div class="battle-history"><small>It's super effective!</small><br></div><div class="battle-history"><small>(The opposing Gourgeist lost <abbr title="−21/374">5.6%</abbr> of its health!)</small><br></div><div class="spacer battle-history"><br></div><div class="battle-history">The opposing Gourgeist fainted!<br></div><div class="spacer battle-history"><br></div><div class="battle-history"><strong>MERU</strong> won the battle!<br></div></div><div class="inner-preempt"></div></div></div>
</div>
<script>
let daily = Math.floor(Date.now()/1000/60/60/24);document.write('<script src="https://play.pokemonshowdown.com/js/replay-embed.js?version'+daily+'"></'+'script>');
</script>
