<!DOCTYPE html>
<meta charset="utf-8" />
<!-- version 1 -->
<title>RU replay: lanetrotro vs. senhor picachu</title>
<style>
html,body {font-family:Verdana, sans-serif;font-size:10pt;margin:0;padding:0;}body{padding:12px 0;} .battle-log {font-family:Verdana, sans-serif;font-size:10pt;} .battle-log-inline {border:1px solid #AAAAAA;background:#EEF2F5;color:black;max-width:640px;margin:0 auto 80px;padding-bottom:5px;} .battle-log .inner {padding:4px 8px 0px 8px;} .battle-log .inner-preempt {padding:0 8px 4px 8px;} .battle-log .inner-after {margin-top:0.5em;} .battle-log h2 {margin:0.5em -8px;padding:4px 8px;border:1px solid #AAAAAA;background:#E0E7EA;border-left:0;border-right:0;font-family:Verdana, sans-serif;font-size:13pt;} .battle-log .chat {vertical-align:middle;padding:3px 0 3px 0;font-size:8pt;} .battle-log .chat strong {color:#40576A;} .battle-log .chat em {padding:1px 4px 1px 3px;color:#000000;font-style:normal;} .chat.mine {background:rgba(0,0,0,0.05);margin-left:-8px;margin-right:-8px;padding-left:8px;padding-right:8px;} .spoiler {color:#BBBBBB;background:#BBBBBB;padding:0px 3px;} .spoiler:hover, .spoiler:active, .spoiler-shown {color:#000000;background:#E2E2E2;padding:0px 3px;} .spoiler a {color:#BBBBBB;} .spoiler:hover a, .spoiler:active a, .spoiler-shown a {color:#2288CC;} .chat code, .chat .spoiler:hover code, .chat .spoiler:active code, .chat .spoiler-shown code {border:1px solid #C0C0C0;background:#EEEEEE;color:black;padding:0 2px;} .chat .spoiler code {border:1px solid #CCCCCC;background:#CCCCCC;color:#CCCCCC;} .battle-log .rated {padding:3px 4px;} .battle-log .rated strong {color:white;background:#89A;padding:1px 4px;border-radius:4px;} .spacer {margin-top:0.5em;} .message-announce {background:#6688AA;color:white;padding:1px 4px 2px;} .message-announce a, .broadcast-green a, .broadcast-blue a, .broadcast-red a {color:#DDEEFF;} .broadcast-green {background-color:#559955;color:white;padding:2px 4px;} .broadcast-blue {background-color:#6688AA;color:white;padding:2px 4px;} .infobox {border:1px solid #6688AA;padding:2px 4px;} .infobox-limited {max-height:200px;overflow:auto;overflow-x:hidden;} .broadcast-red {background-color:#AA5544;color:white;padding:2px 4px;} .message-learn-canlearn {font-weight:bold;color:#228822;text-decoration:underline;} .message-learn-cannotlearn {font-weight:bold;color:#CC2222;text-decoration:underline;} .message-effect-weak {font-weight:bold;color:#CC2222;} .message-effect-resist {font-weight:bold;color:#6688AA;} .message-effect-immune {font-weight:bold;color:#666666;} .message-learn-list {margin-top:0;margin-bottom:0;} .message-throttle-notice, .message-error {color:#992222;} .message-overflow, .chat small.message-overflow {font-size:0pt;} .message-overflow::before {font-size:9pt;content:'...';} .subtle {color:#3A4A66;}
</style>
<div class="wrapper replay-wrapper" style="max-width:1180px;margin:0 auto">
<input type="hidden" name="replayid" value="ru-503041528" />
<div class="battle"></div><div class="battle-log"></div><div class="replay-controls"></div><div class="replay-controls-2"></div>
<h1 style="font-weight:normal;text-align:center"><strong>RU</strong><br /><a href="http://pokemonshowdown.com/users/lanetrotro" class="subtle" target="_blank">lanetrotro</a> vs. <a href="http://pokemonshowdown.com/users/senhorpicachu" class="subtle" target="_blank">senhor picachu</a></h1>
<script type="text/plain" class="battle-log-data">|j|lanetrotro
|j|senhor picachu
|player|p1|lanetrotro|169
|player|p2|senhor picachu|2
|gametype|singles
|gen|6
|tier|RU
|rated
|seed|62877,65099,10939,40303
|rule|Sleep Clause Mod: Limit one foe put to sleep
|rule|Species Clause: Limit one of each Pokémon
|rule|OHKO Clause: OHKO moves are banned
|rule|Moody Clause: Moody is banned
|rule|Evasion Moves Clause: Evasion moves are banned
|rule|Endless Battle Clause: Forcing endless battles is banned
|rule|HP Percentage Mod: HP is shown in percentages
|clearpoke
|poke|p1|Banette, F, shiny|item
|poke|p1|Fletchinder, F, shiny|item
|poke|p1|Flygon, F, shiny|item
|poke|p1|Gallade, M, shiny|item
|poke|p1|Togetic, M, shiny|item
|poke|p1|Rotom-Mow, shiny|item
|poke|p2|Raichu, M|item
|poke|p2|Hariyama, F|item
|poke|p2|Charizard, F|item
|poke|p2|Exeggutor, F|item
|poke|p2|Granbull, F|
|poke|p2|Feebas, F|item
|rule|Swagger Clause: Swagger is banned
|rule|Baton Pass Clause: Limit one Baton Passer, can't pass Spe and other stats simultaneously
|teampreview
|choice|team 1, team 2, team 3, team 4, team 5, team 6|team 6, team 2, team 3, team 4, team 5, team 1
|
|start
|switch|p1a: Banette|Banette, F, shiny|332\/332
|switch|p2a: Feebas|Feebas, F|181\/181
|turn|1
|choice|move shadowball mega|move scald
|
|detailschange|p1a: Banette|Banette-Mega, F, shiny
|-mega|p1a: Banette|Banette|Banettite
|move|p2a: Feebas|Scald|p1a: Banette
|-damage|p1a: Banette|289\/332
|-status|p1a: Banette|brn
|move|p1a: Banette|Shadow Ball|p2a: Feebas
|-damage|p2a: Feebas|79\/181
|-unboost|p2a: Feebas|spd|1
|
|-damage|p1a: Banette|248\/332 brn|[from] brn
|upkeep
|turn|2
|choice|move suckerpunch|move brine
|
|move|p1a: Banette|Sucker Punch|p2a: Feebas
|-damage|p2a: Feebas|0 fnt
|faint|p2a: Feebas
|
|-damage|p1a: Banette|207\/332 brn|[from] brn
|upkeep
|choice||switch 6
|
|switch|p2a: Raichu|Raichu, M|261\/261
|turn|3
|choice|move shadowball|move voltswitch
|
|move|p2a: Raichu|Volt Switch|p1a: Banette
|-damage|p1a: Banette|141\/332 brn
|choice||switch 2
|
|switch|p2a: Hariyama|Hariyama, F|492\/492
|move|p1a: Banette|Shadow Ball|p2a: Hariyama
|-damage|p2a: Hariyama|401\/492
|
|-damage|p1a: Banette|100\/332 brn|[from] brn
|upkeep
|turn|4
|choice|switch 5|move crosschop
|
|switch|p1a: Togetic|Togetic, M, shiny|314\/314
|move|p2a: Hariyama|Cross Chop|p1a: Togetic
|-resisted|p1a: Togetic
|-damage|p1a: Togetic|251\/314
|
|-heal|p1a: Togetic|270\/314|[from] item: Leftovers
|upkeep
|turn|5
|choice|move zenheadbutt|move closecombat
|
|move|p2a: Hariyama|Close Combat|p1a: Togetic
|-resisted|p1a: Togetic
|-crit|p1a: Togetic
|-damage|p1a: Togetic|159\/314
|-unboost|p2a: Hariyama|def|1
|-unboost|p2a: Hariyama|spd|1
|move|p1a: Togetic|Zen Headbutt|p2a: Hariyama
|-supereffective|p2a: Hariyama
|-damage|p2a: Hariyama|267\/492
|
|-heal|p1a: Togetic|178\/314|[from] item: Leftovers
|upkeep
|turn|6
|choice|move dazzlinggleam|switch 2
|
|switch|p2a: Raichu|Raichu, M|261\/261
|move|p1a: Togetic|Dazzling Gleam|p2a: Raichu
|-damage|p2a: Raichu|174\/261
|
|-heal|p1a: Togetic|197\/314|[from] item: Leftovers
|upkeep
|turn|7
|choice|move bodyslam|move voltswitch
|
|move|p2a: Raichu|Volt Switch|p1a: Togetic
|-supereffective|p1a: Togetic
|-damage|p1a: Togetic|63\/314
|choice||switch 2
|
|switch|p2a: Hariyama|Hariyama, F|267\/492
|move|p1a: Togetic|Body Slam|p2a: Hariyama
|-damage|p2a: Hariyama|218\/492
|
|-heal|p1a: Togetic|82\/314|[from] item: Leftovers
|upkeep
|turn|8
|choice|move dazzlinggleam|move closecombat
|
|move|p2a: Hariyama|Close Combat|p1a: Togetic
|-resisted|p1a: Togetic
|-damage|p1a: Togetic|8\/314
|-unboost|p2a: Hariyama|def|1
|-unboost|p2a: Hariyama|spd|1
|move|p1a: Togetic|Dazzling Gleam|p2a: Hariyama
|-supereffective|p2a: Hariyama
|-damage|p2a: Hariyama|0 fnt
|faint|p2a: Hariyama
|
|-heal|p1a: Togetic|27\/314|[from] item: Leftovers
|upkeep
|choice||switch 2
|
|switch|p2a: Raichu|Raichu, M|174\/261
|turn|9
|choice|switch 6|move volttackle
|
|switch|p1a: Rotom|Rotom-Mow, shiny|304\/304
|move|p2a: Raichu|Volt Tackle|p1a: Rotom
|-resisted|p1a: Rotom
|-damage|p1a: Rotom|266\/304
|-damage|p2a: Raichu|161\/261|[from] recoil|[of] p1a: Rotom
|
|upkeep
|turn|10
|choice|move leafstorm|switch 3
|
|switch|p2a: Charizard|Charizard, F|297\/297
|move|p1a: Rotom|Leaf Storm|p2a: Charizard
|-resisted|p2a: Charizard
|-damage|p2a: Charizard|253\/297
|-unboost|p1a: Rotom|spa|2
|
|upkeep
|turn|11
|choice|move voltswitch|move airslash
|
|move|p2a: Charizard|Air Slash|p1a: Rotom
|-crit|p1a: Rotom
|-damage|p1a: Rotom|133\/304
|move|p1a: Rotom|Volt Switch|p2a: Charizard
|-supereffective|p2a: Charizard
|-damage|p2a: Charizard|161\/297
|choice|switch 5|
|
|switch|p1a: Banette|Banette-Mega, F, shiny|100\/332 brn
|
|-damage|p1a: Banette|59\/332 brn|[from] brn
|upkeep
|turn|12
|choice|move suckerpunch|move firepunch
|
|move|p1a: Banette|Sucker Punch|p2a: Charizard
|-damage|p2a: Charizard|92\/297
|move|p2a: Charizard|Fire Punch|p1a: Banette
|-damage|p1a: Banette|0 fnt
|faint|p1a: Banette
|
|upkeep
|choice|switch 5|
|
|switch|p1a: Rotom|Rotom-Mow, shiny|133\/304
|turn|13
|choice|move voltswitch|move flamecharge
|
|move|p2a: Charizard|Flame Charge|p1a: Rotom
|-supereffective|p1a: Rotom
|-damage|p1a: Rotom|0 fnt
|-boost|p2a: Charizard|spe|1
|faint|p1a: Rotom
|
|upkeep
|choice|switch 4|
|
|switch|p1a: Gallade|Gallade, M, shiny|277\/277
|turn|14
|choice|move knockoff|move flamecharge
|
|move|p2a: Charizard|Flame Charge|p1a: Gallade
|-damage|p1a: Gallade|141\/277
|-boost|p2a: Charizard|spe|1
|move|p1a: Gallade|Knock Off|p2a: Charizard
|-damage|p2a: Charizard|0 fnt
|-enditem|p2a: Charizard|Assault Vest|[from] move: Knock Off|[of] p1a: Gallade
|-damage|p1a: Gallade|114\/277|[from] item: Life Orb
|faint|p2a: Charizard
|
|upkeep
|choice||switch 3
|
|switch|p2a: Raichu|Raichu, M|161\/261
|turn|15
|choice|move earthquake|move volttackle
|
|move|p2a: Raichu|Volt Tackle|p1a: Gallade
|-damage|p1a: Gallade|0 fnt
|-damage|p2a: Raichu|123\/261|[from] recoil|[of] p1a: Gallade
|faint|p1a: Gallade
|
|upkeep
|choice|switch 3|
|
|switch|p1a: Flygon|Flygon, F, shiny|301\/301
|turn|16
|choice|move earthquake|switch 5
|
|switch|p2a: Granbull|Granbull, F|383\/383
|-ability|p2a: Granbull|Intimidate|boost
|-unboost|p1a: Flygon|atk|1
|move|p1a: Flygon|Earthquake|p2a: Granbull
|-damage|p2a: Granbull|268\/383
|
|upkeep
|turn|17
|choice|move uturn|move playrough
|
|move|p1a: Flygon|U-turn|p2a: Granbull
|-resisted|p2a: Granbull
|-damage|p2a: Granbull|240\/383
|choice|switch 2|
|
|switch|p1a: Fletchinder|Fletchinder, F, shiny|265\/265
|move|p2a: Granbull|Play Rough|p1a: Fletchinder
|-resisted|p1a: Fletchinder
|-damage|p1a: Fletchinder|138\/265
|
|-heal|p1a: Fletchinder|154\/265|[from] item: Leftovers
|upkeep
|turn|18
|choice|move swordsdance|move bodyslam
|
|move|p1a: Fletchinder|Swords Dance|p1a: Fletchinder
|-boost|p1a: Fletchinder|atk|2
|move|p2a: Granbull|Body Slam|p1a: Fletchinder
|-damage|p1a: Fletchinder|0 fnt
|-status|p2a: Granbull|brn|[from] ability: Flame Body|[of] p1a: Fletchinder
|faint|p1a: Fletchinder
|
|-damage|p2a: Granbull|193\/383 brn|[from] brn
|upkeep
|choice|switch 2|
|
|switch|p1a: Flygon|Flygon, F, shiny|301\/301
|turn|19
|choice|move uturn|move dazzlinggleam
|
|move|p1a: Flygon|U-turn|p2a: Granbull
|-resisted|p2a: Granbull
|-damage|p2a: Granbull|147\/383 brn
|choice|switch 6|
|
|switch|p1a: Togetic|Togetic, M, shiny|27\/314
|move|p2a: Granbull|Dazzling Gleam|p1a: Togetic
|-damage|p1a: Togetic|0 fnt
|faint|p1a: Togetic
|
|-damage|p2a: Granbull|100\/383 brn|[from] brn
|upkeep
|choice|switch 6|
|
|switch|p1a: Flygon|Flygon, F, shiny|301\/301
|turn|20
|choice|move earthquake|move charm
|
|move|p1a: Flygon|Earthquake|p2a: Granbull
|-damage|p2a: Granbull|0 fnt
|faint|p2a: Granbull
|
|upkeep
|choice||switch 5
|
|switch|p2a: Raichu|Raichu, M|123\/261
|turn|21
|choice|move earthquake|move nuzzle
|
|move|p2a: Raichu|Nuzzle|p1a: Flygon
|-immune|p1a: Flygon|[msg]
|move|p1a: Flygon|Earthquake|p2a: Raichu
|-supereffective|p2a: Raichu
|-damage|p2a: Raichu|0 fnt
|faint|p2a: Raichu
|
|upkeep
|choice||switch 4
|
|switch|p2a: Exeggutor|Exeggutor, F|331\/331
|turn|22
|choice|move uturn|move extrasensory
|
|move|p1a: Flygon|U-turn|p2a: Exeggutor
|-supereffective|p2a: Exeggutor
|-damage|p2a: Exeggutor|0 fnt
|faint|p2a: Exeggutor
|
|win|lanetrotro
|player|p1
|player|p2
|raw|lanetrotro's rating: 1095 &rarr; <strong>1114<\/strong><br \/>(+19 for winning)
|raw|senhor picachu's rating: 1000 &rarr; <strong>1000<\/strong><br \/>(+0 for losing)
|l|senhor picachu</script>
</div>
<div class="battle-log battle-log-inline"><div class="inner"><div class="battle-options"></div><div class="inner"><div class="chat"><small>lanetrotro joined.</small></div><div class="chat"><small>senhor picachu joined.</small></div><div class=""><small>Format:</small> <br><strong>RU</strong></div><div class="rated"><strong>Rated battle</strong></div><div class=""><small><em>Sleep Clause Mod:</em> Limit one foe put to sleep</small></div><div class=""><small><em>Species Clause:</em> Limit one of each Pokémon</small></div><div class=""><small><em>OHKO Clause:</em> OHKO moves are banned</small></div><div class=""><small><em>Moody Clause:</em> Moody is banned</small></div><div class=""><small><em>Evasion Moves Clause:</em> Evasion moves are banned</small></div><div class=""><small><em>Endless Battle Clause:</em> Forcing endless battles is banned</small></div><div class=""><small><em>HP Percentage Mod:</em> HP is shown in percentages</small></div><div class=""><small><em>Swagger Clause:</em> Swagger is banned</small></div><div class=""><small><em>Baton Pass Clause:</em> Limit one Baton Passer, can't pass Spe and other stats simultaneously</small></div><div class="chat battle-history"><strong>lanetrotro's team:</strong> <em style="color:#445566;display:block;">Banette / Fletchinder / Flygon / Gallade / Togetic / Rotom-Mow</em></div><div class="chat battle-history"><strong>senhor picachu's team:</strong> <em style="color:#445566;display:block;">Raichu / Hariyama / Charizard / Exeggutor / Granbull / Feebas</em></div><div class="spacer battle-history"><br></div><div class="battle-history">Battle started between lanetrotro and senhor picachu!<br></div><div class="spacer battle-history"><br></div><div class="battle-history">Go! <strong>Banette</strong>!<br></div><div class="spacer battle-history"><br></div><div class="battle-history">senhor picachu sent out <strong>Feebas</strong>!<br></div><div class="spacer battle-history"><br></div><h2 class="battle-history">Turn 1</h2><div class="spacer battle-history"><br></div><div class="battle-history"><small>Banette's Banettite is reacting to lanetrotro's Mega Bracelet!</small><br>Banette has Mega Evolved into Mega Banette!<br></div><div class="spacer battle-history"><br></div><div class="battle-history">The opposing Feebas used <strong>Scald</strong>!<br></div><div class="battle-history"><small>(Banette lost <abbr title="−43/332">13.0%</abbr> of its health!)</small><br></div><div class="battle-history"><small>Banette was burned!</small><br></div><div class="spacer battle-history"><br></div><div class="battle-history">Banette used <strong>Shadow Ball</strong>!<br></div><div class="battle-history"><small>(The opposing Feebas lost <abbr title="−102/181">56.4%</abbr> of its health!)</small><br></div><div class="battle-history"><small>The opposing Feebas's Special Defense fell!</small><br></div><div class="spacer battle-history"><br></div><div class="battle-history"><small>Banette was hurt by its burn!</small><br></div><div class="spacer battle-history"><br></div><h2 class="battle-history">Turn 2</h2><div class="spacer battle-history"><br></div><div class="battle-history">Banette used <strong>Sucker Punch</strong>!<br></div><div class="battle-history"><small>(The opposing Feebas lost <abbr title="−79/181">43.6%</abbr> of its health!)</small><br></div><div class="spacer battle-history"><br></div><div class="battle-history">The opposing Feebas fainted!<br></div><div class="spacer battle-history"><br></div><div class="battle-history"><small>Banette was hurt by its burn!</small><br></div><div class="spacer battle-history"><br></div><div class="battle-history">senhor picachu sent out <strong>Raichu</strong>!<br></div><div class="spacer battle-history"><br></div><h2 class="battle-history">Turn 3</h2><div class="spacer battle-history"><br></div><div class="battle-history">The opposing Raichu used <strong>Volt Switch</strong>!<br></div><div class="battle-history"><small>(Banette lost <abbr title="−66/332">19.9%</abbr> of its health!)</small><br></div><div class="spacer battle-history"><br></div><div class="battle-history">The opposing Raichu went back to senhor picachu!<br></div><div class="battle-history">senhor picachu sent out <strong>Hariyama</strong>!<br></div><div class="spacer battle-history"><br></div><div class="battle-history">Banette used <strong>Shadow Ball</strong>!<br></div><div class="battle-history"><small>(The opposing Hariyama lost <abbr title="−91/492">18.5%</abbr> of its health!)</small><br></div><div class="spacer battle-history"><br></div><div class="battle-history"><small>Banette was hurt by its burn!</small><br></div><div class="spacer battle-history"><br></div><h2 class="battle-history">Turn 4</h2><div class="spacer battle-history"><br></div><div class="battle-history">Banette, come back!<br></div><div class="battle-history">Go! <strong>Togetic</strong>!<br></div><div class="spacer battle-history"><br></div><div class="battle-history">The opposing Hariyama used <strong>Cross Chop</strong>!<br></div><div class="battle-history"><small>It's not very effective...</small><br></div><div class="battle-history"><small>(Togetic lost <abbr title="−63/314">20.1%</abbr> of its health!)</small><br></div><div class="spacer battle-history"><br></div><div class="battle-history"><small>Togetic restored a little HP using its Leftovers!</small><br></div><div class="spacer battle-history"><br></div><h2 class="battle-history">Turn 5</h2><div class="spacer battle-history"><br></div><div class="battle-history">The opposing Hariyama used <strong>Close Combat</strong>!<br></div><div class="battle-history"><small>It's not very effective...</small><br></div><div class="battle-history"><small>A critical hit!</small><br></div><div class="battle-history"><small>(Togetic lost <abbr title="−111/314">35.4%</abbr> of its health!)</small><br></div><div class="battle-history"><small>The opposing Hariyama's Defense fell!</small><br></div><div class="battle-history"><small>The opposing Hariyama's Special Defense fell!</small><br></div><div class="spacer battle-history"><br></div><div class="battle-history">Togetic used <strong>Zen Headbutt</strong>!<br></div><div class="battle-history"><small>It's super effective!</small><br></div><div class="battle-history"><small>(The opposing Hariyama lost <abbr title="−134/492">27.2%</abbr> of its health!)</small><br></div><div class="spacer battle-history"><br></div><div class="battle-history"><small>Togetic restored a little HP using its Leftovers!</small><br></div><div class="spacer battle-history"><br></div><h2 class="battle-history">Turn 6</h2><div class="spacer battle-history"><br></div><div class="battle-history">senhor picachu withdrew Hariyama!<br></div><div class="battle-history">senhor picachu sent out <strong>Raichu</strong>!<br></div><div class="spacer battle-history"><br></div><div class="battle-history">Togetic used <strong>Dazzling Gleam</strong>!<br></div><div class="battle-history"><small>(The opposing Raichu lost <abbr title="−87/261">33.3%</abbr> of its health!)</small><br></div><div class="spacer battle-history"><br></div><div class="battle-history"><small>Togetic restored a little HP using its Leftovers!</small><br></div><div class="spacer battle-history"><br></div><h2 class="battle-history">Turn 7</h2><div class="spacer battle-history"><br></div><div class="battle-history">The opposing Raichu used <strong>Volt Switch</strong>!<br></div><div class="battle-history"><small>It's super effective!</small><br></div><div class="battle-history"><small>(Togetic lost <abbr title="−134/314">42.7%</abbr> of its health!)</small><br></div><div class="spacer battle-history"><br></div><div class="battle-history">The opposing Raichu went back to senhor picachu!<br></div><div class="battle-history">senhor picachu sent out <strong>Hariyama</strong>!<br></div><div class="spacer battle-history"><br></div><div class="battle-history">Togetic used <strong>Body Slam</strong>!<br></div><div class="battle-history"><small>(The opposing Hariyama lost <abbr title="−49/492">10.0%</abbr> of its health!)</small><br></div><div class="spacer battle-history"><br></div><div class="battle-history"><small>Togetic restored a little HP using its Leftovers!</small><br></div><div class="spacer battle-history"><br></div><h2 class="battle-history">Turn 8</h2><div class="spacer battle-history"><br></div><div class="battle-history">The opposing Hariyama used <strong>Close Combat</strong>!<br></div><div class="battle-history"><small>It's not very effective...</small><br></div><div class="battle-history"><small>(Togetic lost <abbr title="−74/314">23.6%</abbr> of its health!)</small><br></div><div class="battle-history"><small>The opposing Hariyama's Defense fell!</small><br></div><div class="battle-history"><small>The opposing Hariyama's Special Defense fell!</small><br></div><div class="spacer battle-history"><br></div><div class="battle-history">Togetic used <strong>Dazzling Gleam</strong>!<br></div><div class="battle-history"><small>It's super effective!</small><br></div><div class="battle-history"><small>(The opposing Hariyama lost <abbr title="−218/492">44.3%</abbr> of its health!)</small><br></div><div class="spacer battle-history"><br></div><div class="battle-history">The opposing Hariyama fainted!<br></div><div class="spacer battle-history"><br></div><div class="battle-history"><small>Togetic restored a little HP using its Leftovers!</small><br></div><div class="spacer battle-history"><br></div><div class="battle-history">senhor picachu sent out <strong>Raichu</strong>!<br></div><div class="spacer battle-history"><br></div><h2 class="battle-history">Turn 9</h2><div class="spacer battle-history"><br></div><div class="battle-history">Togetic, come back!<br></div><div class="battle-history">Go! Rotom (<strong>Rotom-Mow</strong>)!<br></div><div class="spacer battle-history"><br></div><div class="battle-history">The opposing Raichu used <strong>Volt Tackle</strong>!<br></div><div class="battle-history"><small>It's not very effective...</small><br></div><div class="battle-history"><small>(Rotom lost <abbr title="−38/304">12.5%</abbr> of its health!)</small><br></div><div class="battle-history"><small>The opposing Raichu is damaged by the recoil!</small><br></div><div class="spacer battle-history"><br></div><h2 class="battle-history">Turn 10</h2><div class="spacer battle-history"><br></div><div class="battle-history">senhor picachu withdrew Raichu!<br></div><div class="battle-history">senhor picachu sent out <strong>Charizard</strong>!<br></div><div class="spacer battle-history"><br></div><div class="battle-history">Rotom used <strong>Leaf Storm</strong>!<br></div><div class="battle-history"><small>It's not very effective...</small><br></div><div class="battle-history"><small>(The opposing Charizard lost <abbr title="−44/297">14.8%</abbr> of its health!)</small><br></div><div class="battle-history"><small>Rotom's Special Attack fell harshly!</small><br></div><div class="spacer battle-history"><br></div><h2 class="battle-history">Turn 11</h2><div class="spacer battle-history"><br></div><div class="battle-history">The opposing Charizard used <strong>Air Slash</strong>!<br></div><div class="battle-history"><small>A critical hit!</small><br></div><div class="battle-history"><small>(Rotom lost <abbr title="−133/304">43.8%</abbr> of its health!)</small><br></div><div class="spacer battle-history"><br></div><div class="battle-history">Rotom used <strong>Volt Switch</strong>!<br></div><div class="battle-history"><small>It's super effective!</small><br></div><div class="battle-history"><small>(The opposing Charizard lost <abbr title="−92/297">31.0%</abbr> of its health!)</small><br></div><div class="spacer battle-history"><br></div><div class="battle-history">Rotom went back to lanetrotro!<br></div><div class="battle-history">Go! Banette (<strong>Banette-Mega</strong>)!<br></div><div class="spacer battle-history"><br></div><div class="battle-history"><small>Banette was hurt by its burn!</small><br></div><div class="spacer battle-history"><br></div><h2 class="battle-history">Turn 12</h2><div class="spacer battle-history"><br></div><div class="battle-history">Banette used <strong>Sucker Punch</strong>!<br></div><div class="battle-history"><small>(The opposing Charizard lost <abbr title="−69/297">23.2%</abbr> of its health!)</small><br></div><div class="spacer battle-history"><br></div><div class="battle-history">The opposing Charizard used <strong>Fire Punch</strong>!<br></div><div class="battle-history"><small>(Banette lost <abbr title="−59/332">17.8%</abbr> of its health!)</small><br></div><div class="spacer battle-history"><br></div><div class="battle-history">Banette fainted!<br></div><div class="spacer battle-history"><br></div><div class="battle-history">Go! Rotom (<strong>Rotom-Mow</strong>)!<br></div><div class="spacer battle-history"><br></div><h2 class="battle-history">Turn 13</h2><div class="spacer battle-history"><br></div><div class="battle-history">The opposing Charizard used <strong>Flame Charge</strong>!<br></div><div class="battle-history"><small>It's super effective!</small><br></div><div class="battle-history"><small>(Rotom lost <abbr title="−133/304">43.8%</abbr> of its health!)</small><br></div><div class="battle-history"><small>The opposing Charizard's Speed rose!</small><br></div><div class="spacer battle-history"><br></div><div class="battle-history">Rotom fainted!<br></div><div class="spacer battle-history"><br></div><div class="battle-history">Go! <strong>Gallade</strong>!<br></div><div class="spacer battle-history"><br></div><h2 class="battle-history">Turn 14</h2><div class="spacer battle-history"><br></div><div class="battle-history">The opposing Charizard used <strong>Flame Charge</strong>!<br></div><div class="battle-history"><small>(Gallade lost <abbr title="−136/277">49.1%</abbr> of its health!)</small><br></div><div class="battle-history"><small>The opposing Charizard's Speed rose!</small><br></div><div class="spacer battle-history"><br></div><div class="battle-history">Gallade used <strong>Knock Off</strong>!<br></div><div class="battle-history"><small>(The opposing Charizard lost <abbr title="−92/297">31.0%</abbr> of its health!)</small><br></div><div class="battle-history"><small>Gallade knocked off the opposing Charizard's Assault Vest!</small><br></div><div class="battle-history"><small>Gallade lost some of its HP!</small><br></div><div class="spacer battle-history"><br></div><div class="battle-history">The opposing Charizard fainted!<br></div><div class="spacer battle-history"><br></div><div class="battle-history">senhor picachu sent out <strong>Raichu</strong>!<br></div><div class="spacer battle-history"><br></div><h2 class="battle-history">Turn 15</h2><div class="spacer battle-history"><br></div><div class="battle-history">The opposing Raichu used <strong>Volt Tackle</strong>!<br></div><div class="battle-history"><small>(Gallade lost <abbr title="−114/277">41.2%</abbr> of its health!)</small><br></div><div class="battle-history"><small>The opposing Raichu is damaged by the recoil!</small><br></div><div class="spacer battle-history"><br></div><div class="battle-history">Gallade fainted!<br></div><div class="spacer battle-history"><br></div><div class="battle-history">Go! <strong>Flygon</strong>!<br></div><div class="spacer battle-history"><br></div><h2 class="battle-history">Turn 16</h2><div class="spacer battle-history"><br></div><div class="battle-history">senhor picachu withdrew Raichu!<br></div><div class="battle-history">senhor picachu sent out <strong>Granbull</strong>!<br></div><div class="battle-history"><small>[The opposing Granbull's Intimidate]</small><br></div><div class="battle-history"><small>Flygon's Attack fell!</small><br></div><div class="spacer battle-history"><br></div><div class="battle-history">Flygon used <strong>Earthquake</strong>!<br></div><div class="battle-history"><small>(The opposing Granbull lost <abbr title="−115/383">30.0%</abbr> of its health!)</small><br></div><div class="spacer battle-history"><br></div><h2 class="battle-history">Turn 17</h2><div class="spacer battle-history"><br></div><div class="battle-history">Flygon used <strong>U-turn</strong>!<br></div><div class="battle-history"><small>It's not very effective...</small><br></div><div class="battle-history"><small>(The opposing Granbull lost <abbr title="−28/383">7.3%</abbr> of its health!)</small><br></div><div class="spacer battle-history"><br></div><div class="battle-history">Flygon went back to lanetrotro!<br></div><div class="battle-history">Go! <strong>Fletchinder</strong>!<br></div><div class="spacer battle-history"><br></div><div class="battle-history">The opposing Granbull used <strong>Play Rough</strong>!<br></div><div class="battle-history"><small>It's not very effective...</small><br></div><div class="battle-history"><small>(Fletchinder lost <abbr title="−127/265">47.9%</abbr> of its health!)</small><br></div><div class="spacer battle-history"><br></div><div class="battle-history"><small>Fletchinder restored a little HP using its Leftovers!</small><br></div><div class="spacer battle-history"><br></div><h2 class="battle-history">Turn 18</h2><div class="spacer battle-history"><br></div><div class="battle-history">Fletchinder used <strong>Swords Dance</strong>!<br></div><div class="battle-history"><small>Fletchinder's Attack rose sharply!</small><br></div><div class="spacer battle-history"><br></div><div class="battle-history">The opposing Granbull used <strong>Body Slam</strong>!<br></div><div class="battle-history"><small>(Fletchinder lost <abbr title="−154/265">58.1%</abbr> of its health!)</small><br></div><div class="battle-history"><small>[Fletchinder's Flame Body]</small><br><small>The opposing Granbull was burned!</small><br></div><div class="spacer battle-history"><br></div><div class="battle-history">Fletchinder fainted!<br></div><div class="spacer battle-history"><br></div><div class="battle-history"><small>The opposing Granbull was hurt by its burn!</small><br></div><div class="spacer battle-history"><br></div><div class="battle-history">Go! <strong>Flygon</strong>!<br></div><div class="spacer battle-history"><br></div><h2 class="battle-history">Turn 19</h2><div class="spacer battle-history"><br></div><div class="battle-history">Flygon used <strong>U-turn</strong>!<br></div><div class="battle-history"><small>It's not very effective...</small><br></div><div class="battle-history"><small>(The opposing Granbull lost <abbr title="−46/383">12.0%</abbr> of its health!)</small><br></div><div class="spacer battle-history"><br></div><div class="battle-history">Flygon went back to lanetrotro!<br></div><div class="battle-history">Go! <strong>Togetic</strong>!<br></div><div class="spacer battle-history"><br></div><div class="battle-history">The opposing Granbull used <strong>Dazzling Gleam</strong>!<br></div><div class="battle-history"><small>(Togetic lost <abbr title="−27/314">8.6%</abbr> of its health!)</small><br></div><div class="spacer battle-history"><br></div><div class="battle-history">Togetic fainted!<br></div><div class="spacer battle-history"><br></div><div class="battle-history"><small>The opposing Granbull was hurt by its burn!</small><br></div><div class="spacer battle-history"><br></div><div class="battle-history">Go! <strong>Flygon</strong>!<br></div><div class="spacer battle-history"><br></div><h2 class="battle-history">Turn 20</h2><div class="spacer battle-history"><br></div><div class="battle-history">Flygon used <strong>Earthquake</strong>!<br></div><div class="battle-history"><small>(The opposing Granbull lost <abbr title="−100/383">26.1%</abbr> of its health!)</small><br></div><div class="spacer battle-history"><br></div><div class="battle-history">The opposing Granbull fainted!<br></div><div class="spacer battle-history"><br></div><div class="battle-history">senhor picachu sent out <strong>Raichu</strong>!<br></div><div class="spacer battle-history"><br></div><h2 class="battle-history">Turn 21</h2><div class="spacer battle-history"><br></div><div class="battle-history">The opposing Raichu used <strong>Nuzzle</strong>!<br></div><div class="battle-history"><small>It doesn't affect Flygon...</small><br></div><div class="spacer battle-history"><br></div><div class="battle-history">Flygon used <strong>Earthquake</strong>!<br></div><div class="battle-history"><small>It's super effective!</small><br></div><div class="battle-history"><small>(The opposing Raichu lost <abbr title="−123/261">47.1%</abbr> of its health!)</small><br></div><div class="spacer battle-history"><br></div><div class="battle-history">The opposing Raichu fainted!<br></div><div class="spacer battle-history"><br></div><div class="battle-history">senhor picachu sent out <strong>Exeggutor</strong>!<br></div><div class="spacer battle-history"><br></div><h2 class="battle-history">Turn 22</h2><div class="spacer battle-history"><br></div><div class="battle-history">Flygon used <strong>U-turn</strong>!<br></div><div class="battle-history"><small>It's super effective!</small><br></div><div class="battle-history"><small>(The opposing Exeggutor lost <abbr title="−331/331">100%</abbr> of its health!)</small><br></div><div class="spacer battle-history"><br></div><div class="battle-history">The opposing Exeggutor fainted!<br></div><div class="spacer battle-history"><br></div><div class="battle-history"><strong>lanetrotro</strong> won the battle!<br></div><div class="chat">lanetrotro's rating: 1095 → <strong>1114</strong><br>(+19 for winning)</div><div class="chat">senhor picachu's rating: 1000 → <strong>1000</strong><br>(+0 for losing)</div><div class="chat"><small>senhor picachu left.</small></div></div><div class="inner-preempt"></div></div></div>
</div>
<script>
let daily = Math.floor(Date.now()/1000/60/60/24);document.write('<script src="https://play.pokemonshowdown.com/js/replay-embed.js?version'+daily+'"></'+'script>');
</script>
