<!DOCTYPE html>
<meta charset="utf-8" />
<!-- version 1 -->
<title>RU replay: j_bolginaski vs. FishFlax</title>
<style>
html,body {font-family:Verdana, sans-serif;font-size:10pt;margin:0;padding:0;}body{padding:12px 0;} .battle-log {font-family:Verdana, sans-serif;font-size:10pt;} .battle-log-inline {border:1px solid #AAAAAA;background:#EEF2F5;color:black;max-width:640px;margin:0 auto 80px;padding-bottom:5px;} .battle-log .inner {padding:4px 8px 0px 8px;} .battle-log .inner-preempt {padding:0 8px 4px 8px;} .battle-log .inner-after {margin-top:0.5em;} .battle-log h2 {margin:0.5em -8px;padding:4px 8px;border:1px solid #AAAAAA;background:#E0E7EA;border-left:0;border-right:0;font-family:Verdana, sans-serif;font-size:13pt;} .battle-log .chat {vertical-align:middle;padding:3px 0 3px 0;font-size:8pt;} .battle-log .chat strong {color:#40576A;} .battle-log .chat em {padding:1px 4px 1px 3px;color:#000000;font-style:normal;} .chat.mine {background:rgba(0,0,0,0.05);margin-left:-8px;margin-right:-8px;padding-left:8px;padding-right:8px;} .spoiler {color:#BBBBBB;background:#BBBBBB;padding:0px 3px;} .spoiler:hover, .spoiler:active, .spoiler-shown {color:#000000;background:#E2E2E2;padding:0px 3px;} .spoiler a {color:#BBBBBB;} .spoiler:hover a, .spoiler:active a, .spoiler-shown a {color:#2288CC;} .chat code, .chat .spoiler:hover code, .chat .spoiler:active code, .chat .spoiler-shown code {border:1px solid #C0C0C0;background:#EEEEEE;color:black;padding:0 2px;} .chat .spoiler code {border:1px solid #CCCCCC;background:#CCCCCC;color:#CCCCCC;} .battle-log .rated {padding:3px 4px;} .battle-log .rated strong {color:white;background:#89A;padding:1px 4px;border-radius:4px;} .spacer {margin-top:0.5em;} .message-announce {background:#6688AA;color:white;padding:1px 4px 2px;} .message-announce a, .broadcast-green a, .broadcast-blue a, .broadcast-red a {color:#DDEEFF;} .broadcast-green {background-color:#559955;color:white;padding:2px 4px;} .broadcast-blue {background-color:#6688AA;color:white;padding:2px 4px;} .infobox {border:1px solid #6688AA;padding:2px 4px;} .infobox-limited {max-height:200px;overflow:auto;overflow-x:hidden;} .broadcast-red {background-color:#AA5544;color:white;padding:2px 4px;} .message-learn-canlearn {font-weight:bold;color:#228822;text-decoration:underline;} .message-learn-cannotlearn {font-weight:bold;color:#CC2222;text-decoration:underline;} .message-effect-weak {font-weight:bold;color:#CC2222;} .message-effect-resist {font-weight:bold;color:#6688AA;} .message-effect-immune {font-weight:bold;color:#666666;} .message-learn-list {margin-top:0;margin-bottom:0;} .message-throttle-notice, .message-error {color:#992222;} .message-overflow, .chat small.message-overflow {font-size:0pt;} .message-overflow::before {font-size:9pt;content:'...';} .subtle {color:#3A4A66;}
</style>
<div class="wrapper replay-wrapper" style="max-width:1180px;margin:0 auto">
<input type="hidden" name="replayid" value="ru-497432834" />
<div class="battle"></div><div class="battle-log"></div><div class="replay-controls"></div><div class="replay-controls-2"></div>
<h1 style="font-weight:normal;text-align:center"><strong>RU</strong><br /><a href="http://pokemonshowdown.com/users/jbolginaski" class="subtle" target="_blank">j_bolginaski</a> vs. <a href="http://pokemonshowdown.com/users/fishflax" class="subtle" target="_blank">FishFlax</a></h1>
<script type="text/plain" class="battle-log-data">|j|j_bolginaski
|j|FishFlax
|player|p1|j_bolginaski|238
|player|p2|FishFlax|29
|gametype|singles
|gen|6
|tier|RU
|rated
|seed|36089,36960,1402,49773
|rule|Sleep Clause Mod: Limit one foe put to sleep
|rule|Species Clause: Limit one of each Pokémon
|rule|OHKO Clause: OHKO moves are banned
|rule|Moody Clause: Moody is banned
|rule|Evasion Moves Clause: Evasion moves are banned
|rule|Endless Battle Clause: Forcing endless battles is banned
|rule|HP Percentage Mod: HP is shown in percentages
|clearpoke
|poke|p1|Electrode, shiny|item
|poke|p1|Rhyperior, M|item
|poke|p1|Blastoise, M|item
|poke|p1|Muk, F|item
|poke|p1|Ninetales, M|item
|poke|p1|Primeape, M|item
|poke|p2|Registeel|item
|poke|p2|Hitmonlee, M|item
|poke|p2|Banette, M|item
|poke|p2|Venusaur, M|item
|poke|p2|Gallade, M|item
|poke|p2|Rotom-Mow|item
|rule|Swagger Clause: Swagger is banned
|rule|Baton Pass Clause: Limit one Baton Passer, can't pass Spe and other stats simultaneously
|teampreview
|choice|team 2, team 1, team 3, team 4, team 5, team 6|team 1, team 2, team 3, team 4, team 5, team 6
|
|start
|switch|p1a: Rhyperior|Rhyperior, M|434\/434
|switch|p2a: Braile|Registeel|338\/338
|turn|1
|choice|move stealthrock|move stealthrock
|
|move|p2a: Braile|Stealth Rock|p1a: Rhyperior
|-sidestart|p1: j_bolginaski|move: Stealth Rock
|move|p1a: Rhyperior|Stealth Rock|p2a: Braile
|-sidestart|p2: FishFlax|move: Stealth Rock
|
|upkeep
|turn|2
|choice|move drillrun|move toxic
|
|move|p2a: Braile|Toxic|p1a: Rhyperior
|-status|p1a: Rhyperior|tox
|move|p1a: Rhyperior|Drill Run|p2a: Braile
|-supereffective|p2a: Braile
|-damage|p2a: Braile|146\/338
|
|-heal|p2a: Braile|167\/338|[from] item: Leftovers
|-damage|p1a: Rhyperior|407\/434 tox|[from] psn
|upkeep
|turn|3
|choice|move drillrun|move protect
|
|move|p2a: Braile|Protect|p2a: Braile
|-singleturn|p2a: Braile|Protect
|move|p1a: Rhyperior|Drill Run|p2a: Braile
|-activate|p2a: Braile|move: Protect
|
|-heal|p2a: Braile|188\/338|[from] item: Leftovers
|-heal|p1a: Rhyperior|434\/434 tox|[from] item: Leftovers
|-damage|p1a: Rhyperior|380\/434 tox|[from] psn
|upkeep
|turn|4
|choice|move stoneedge|move seismictoss
|
|move|p2a: Braile|Seismic Toss|p1a: Rhyperior
|-damage|p1a: Rhyperior|280\/434 tox
|move|p1a: Rhyperior|Stone Edge|p2a: Braile
|-resisted|p2a: Braile
|-damage|p2a: Braile|126\/338
|
|-heal|p2a: Braile|147\/338|[from] item: Leftovers
|-heal|p1a: Rhyperior|307\/434 tox|[from] item: Leftovers
|-damage|p1a: Rhyperior|226\/434 tox|[from] psn
|upkeep
|turn|5
|choice|move drillrun|move protect
|
|move|p2a: Braile|Protect|p2a: Braile
|-singleturn|p2a: Braile|Protect
|move|p1a: Rhyperior|Drill Run|p2a: Braile
|-activate|p2a: Braile|move: Protect
|
|-heal|p2a: Braile|168\/338|[from] item: Leftovers
|-heal|p1a: Rhyperior|253\/434 tox|[from] item: Leftovers
|-damage|p1a: Rhyperior|145\/434 tox|[from] psn
|upkeep
|turn|6
|l|FishFlax
|player|p2
|j|FishFlax
|player|p2|FishFlax|29
|choice|move drillrun|move seismictoss
|
|move|p2a: Braile|Seismic Toss|p1a: Rhyperior
|-damage|p1a: Rhyperior|45\/434 tox
|move|p1a: Rhyperior|Drill Run|p2a: Braile
|-supereffective|p2a: Braile
|-crit|p2a: Braile
|-damage|p2a: Braile|0 fnt
|faint|p2a: Braile
|
|-heal|p1a: Rhyperior|72\/434 tox|[from] item: Leftovers
|-damage|p1a: Rhyperior|0 fnt|[from] psn
|upkeep
|faint|p1a: Rhyperior
|choice|switch 5|switch 2
|
|switch|p1a: Ninetales|Ninetales, M|287\/287
|switch|p2a: Hitmonlee|Hitmonlee, M|241\/241
|-damage|p1a: Ninetales|216\/287|[from] Stealth Rock
|-damage|p2a: Hitmonlee|226\/241|[from] Stealth Rock
|turn|7
|choice|move willowisp|move fakeout
|
|move|p2a: Hitmonlee|Fake Out|p1a: Ninetales
|-enditem|p2a: Hitmonlee|Normal Gem|[from] gem|[move] Fake Out
|-damage|p1a: Ninetales|137\/287
|cant|p1a: Ninetales|flinch
|
|-heal|p1a: Ninetales|154\/287|[from] item: Leftovers
|upkeep
|turn|8
|choice|move safeguard|move stoneedge
|
|move|p2a: Hitmonlee|Stone Edge|p1a: Ninetales
|-supereffective|p1a: Ninetales
|-damage|p1a: Ninetales|0 fnt
|faint|p1a: Ninetales
|
|upkeep
|choice|switch 3|
|
|switch|p1a: Blastoise|Blastoise, M|329\/329
|-damage|p1a: Blastoise|288\/329|[from] Stealth Rock
|turn|9
|choice|move surf|move highjumpkick
|
|move|p2a: Hitmonlee|High Jump Kick|p1a: Blastoise
|-damage|p1a: Blastoise|20\/329
|move|p1a: Blastoise|Surf|p2a: Hitmonlee
|-damage|p2a: Hitmonlee|106\/241
|
|-heal|p1a: Blastoise|40\/329|[from] item: Leftovers
|upkeep
|turn|10
|choice|move aquajet|move stoneedge
|
|move|p1a: Blastoise|Aqua Jet|p2a: Hitmonlee
|-damage|p2a: Hitmonlee|0 fnt
|faint|p2a: Hitmonlee
|
|-heal|p1a: Blastoise|60\/329|[from] item: Leftovers
|upkeep
|choice||switch 3
|
|switch|p2a: Zipped Hoodie|Banette, M|332\/332
|-damage|p2a: Zipped Hoodie|291\/332|[from] Stealth Rock
|turn|11
|choice|move aquajet|move shadowsneak mega
|
|detailschange|p2a: Zipped Hoodie|Banette-Mega, M
|-mega|p2a: Zipped Hoodie|Banette|Banettite
|move|p1a: Blastoise|Aqua Jet|p2a: Zipped Hoodie
|-damage|p2a: Zipped Hoodie|203\/332
|move|p2a: Zipped Hoodie|Shadow Sneak|p1a: Blastoise
|-damage|p1a: Blastoise|0 fnt
|faint|p1a: Blastoise
|
|upkeep
|choice|switch 2|
|
|switch|p1a: Great Ball|Electrode, shiny|261\/261
|-damage|p1a: Great Ball|229\/261|[from] Stealth Rock
|turn|12
|choice|move foulplay|move shadowsneak
|
|move|p2a: Zipped Hoodie|Shadow Sneak|p1a: Great Ball
|-damage|p1a: Great Ball|121\/261
|move|p1a: Great Ball|Foul Play|p2a: Zipped Hoodie
|-supereffective|p2a: Zipped Hoodie
|-damage|p2a: Zipped Hoodie|0 fnt
|faint|p2a: Zipped Hoodie
|
|-heal|p1a: Great Ball|137\/261|[from] item: Leftovers
|upkeep
|choice||switch 4
|
|switch|p2a: Venusaur|Venusaur, M|302\/302
|-damage|p2a: Venusaur|265\/302|[from] Stealth Rock
|turn|13
|choice|move foulplay|move leechseed
|
|move|p1a: Great Ball|Foul Play|p2a: Venusaur
|-damage|p2a: Venusaur|224\/302
|move|p2a: Venusaur|Leech Seed|p1a: Great Ball
|-start|p1a: Great Ball|move: Leech Seed
|
|-heal|p1a: Great Ball|153\/261|[from] item: Leftovers
|-heal|p2a: Venusaur|242\/302|[from] item: Leftovers
|-damage|p1a: Great Ball|121\/261|[from] Leech Seed|[of] p2a: Venusaur
|-heal|p2a: Venusaur|274\/302|[silent]
|upkeep
|turn|14
|choice|switch 6|move sludgebomb
|
|switch|p1a: Primeape|Primeape, M|271\/271
|-damage|p1a: Primeape|255\/271|[from] Stealth Rock
|move|p2a: Venusaur|Sludge Bomb|p1a: Primeape
|-damage|p1a: Primeape|111\/271
|
|-heal|p1a: Primeape|127\/271|[from] item: Leftovers
|-heal|p2a: Venusaur|292\/302|[from] item: Leftovers
|upkeep
|turn|15
|choice|move outrage|move gigadrain
|
|move|p1a: Primeape|Outrage|p2a: Venusaur
|-damage|p2a: Venusaur|185\/302
|move|p2a: Venusaur|Giga Drain|p1a: Primeape
|-damage|p1a: Primeape|16\/271
|-heal|p2a: Venusaur|241\/302|[from] drain|[of] p1a: Primeape
|
|-heal|p1a: Primeape|32\/271|[from] item: Leftovers
|-heal|p2a: Venusaur|259\/302|[from] item: Leftovers
|upkeep
|turn|16
|choice|move outrage|move gigadrain
|
|move|p1a: Primeape|Outrage|p2a: Venusaur|[from]lockedmove
|-damage|p2a: Venusaur|166\/302
|-start|p1a: Primeape|confusion|[fatigue]
|move|p2a: Venusaur|Giga Drain|p1a: Primeape
|-damage|p1a: Primeape|0 fnt
|-heal|p2a: Venusaur|182\/302|[from] drain|[of] p1a: Primeape
|faint|p1a: Primeape
|
|-heal|p2a: Venusaur|200\/302|[from] item: Leftovers
|upkeep
|choice|switch 6|
|
|switch|p1a: Great Ball|Electrode, shiny|121\/261
|-damage|p1a: Great Ball|89\/261|[from] Stealth Rock
|turn|17
|choice|move charge|move sludgebomb
|
|move|p1a: Great Ball|Charge|p1a: Great Ball
|-boost|p1a: Great Ball|spd|1
|-activate|p1a: Great Ball|move: Charge
|move|p2a: Venusaur|Sludge Bomb|p1a: Great Ball
|-damage|p1a: Great Ball|7\/261
|
|-heal|p1a: Great Ball|23\/261|[from] item: Leftovers
|-heal|p2a: Venusaur|218\/302|[from] item: Leftovers
|upkeep
|turn|18
|choice|move thunderbolt|move leechseed
|
|move|p1a: Great Ball|Thunderbolt|p2a: Venusaur
|-resisted|p2a: Venusaur
|-damage|p2a: Venusaur|139\/302
|-status|p2a: Venusaur|par
|move|p2a: Venusaur|Leech Seed|p1a: Great Ball
|-start|p1a: Great Ball|move: Leech Seed
|
|-heal|p1a: Great Ball|39\/261|[from] item: Leftovers
|-heal|p2a: Venusaur|157\/302 par|[from] item: Leftovers
|-damage|p1a: Great Ball|7\/261|[from] Leech Seed|[of] p2a: Venusaur
|-heal|p2a: Venusaur|189\/302 par|[silent]
|upkeep
|turn|19
|choice|move thunderbolt|move gigadrain
|
|move|p1a: Great Ball|Thunderbolt|p2a: Venusaur
|-resisted|p2a: Venusaur
|-damage|p2a: Venusaur|145\/302 par
|move|p2a: Venusaur|Giga Drain|p1a: Great Ball
|-damage|p1a: Great Ball|0 fnt
|-heal|p2a: Venusaur|149\/302 par|[from] drain|[of] p1a: Great Ball
|faint|p1a: Great Ball
|
|-heal|p2a: Venusaur|167\/302 par|[from] item: Leftovers
|upkeep
|choice|switch 4|
|
|switch|p1a: Muk|Muk, F|414\/414
|-damage|p1a: Muk|363\/414|[from] Stealth Rock
|turn|20
|choice|move poisonjab|move leechseed
|
|move|p1a: Muk|Poison Jab|p2a: Venusaur
|-damage|p2a: Venusaur|82\/302 par
|cant|p2a: Venusaur|flinch
|
|-heal|p1a: Muk|388\/414|[from] item: Leftovers
|-heal|p2a: Venusaur|100\/302 par|[from] item: Leftovers
|upkeep
|turn|21
|choice|move poisonjab|move leechseed
|
|move|p1a: Muk|Poison Jab|p2a: Venusaur
|-damage|p2a: Venusaur|21\/302 par
|move|p2a: Venusaur|Leech Seed|p1a: Muk
|-start|p1a: Muk|move: Leech Seed
|
|-heal|p1a: Muk|413\/414|[from] item: Leftovers
|-heal|p2a: Venusaur|39\/302 par|[from] item: Leftovers
|-damage|p1a: Muk|362\/414|[from] Leech Seed|[of] p2a: Venusaur
|-heal|p2a: Venusaur|90\/302 par|[silent]
|upkeep
|turn|22
|choice|move poisonjab|move gigadrain
|
|move|p1a: Muk|Poison Jab|p2a: Venusaur
|-damage|p2a: Venusaur|9\/302 par
|cant|p2a: Venusaur|par
|
|-heal|p1a: Muk|387\/414|[from] item: Leftovers
|-heal|p2a: Venusaur|27\/302 par|[from] item: Leftovers
|-damage|p1a: Muk|336\/414|[from] Leech Seed|[of] p2a: Venusaur
|-heal|p2a: Venusaur|78\/302 par|[silent]
|upkeep
|turn|23
|choice|move poisonjab|move gigadrain
|
|move|p1a: Muk|Poison Jab|p2a: Venusaur
|-damage|p2a: Venusaur|0 fnt
|faint|p2a: Venusaur
|
|-heal|p1a: Muk|361\/414|[from] item: Leftovers
|upkeep
|choice||switch 6
|
|switch|p2a: Rotom|Rotom-Mow|241\/241
|-damage|p2a: Rotom|211\/241|[from] Stealth Rock
|turn|24
|choice|move poisonjab|move thunderbolt
|
|move|p2a: Rotom|Thunderbolt|p1a: Muk
|-damage|p1a: Muk|253\/414
|move|p1a: Muk|Poison Jab|p2a: Rotom
|-supereffective|p2a: Rotom
|-damage|p2a: Rotom|19\/241
|
|-heal|p1a: Muk|278\/414|[from] item: Leftovers
|-damage|p1a: Muk|227\/414|[from] Leech Seed|[of] p2a: Rotom
|-heal|p2a: Rotom|70\/241|[silent]
|upkeep
|turn|25
|choice|move poisonjab|move thunderbolt
|
|move|p2a: Rotom|Thunderbolt|p1a: Muk
|-damage|p1a: Muk|128\/414
|move|p1a: Muk|Poison Jab|p2a: Rotom
|-supereffective|p2a: Rotom
|-damage|p2a: Rotom|0 fnt
|faint|p2a: Rotom
|
|-heal|p1a: Muk|153\/414|[from] item: Leftovers
|upkeep
|choice||switch 5
|
|switch|p2a: Gallade|Gallade, M|277\/277
|-damage|p2a: Gallade|260\/277|[from] Stealth Rock
|turn|26
|choice|move poisonjab|move psychocut
|
|move|p2a: Gallade|Psycho Cut|p1a: Muk
|-supereffective|p1a: Muk
|-crit|p1a: Muk
|-damage|p1a: Muk|0 fnt
|-damage|p2a: Gallade|233\/277|[from] item: Life Orb
|faint|p1a: Muk
|
|win|FishFlax
|player|p1
|player|p2
|c|★j_bolginaski|gg
|c|★FishFlax|gg</script>
</div>
<div class="battle-log battle-log-inline"><div class="inner"><div class="battle-options"></div><div class="inner"><div class="chat"><small>j_bolginaski joined.</small></div><div class="chat"><small>FishFlax joined.</small></div><div class=""><small>Format:</small> <br><strong>RU</strong></div><div class="rated"><strong>Rated battle</strong></div><div class=""><small><em>Sleep Clause Mod:</em> Limit one foe put to sleep</small></div><div class=""><small><em>Species Clause:</em> Limit one of each Pokémon</small></div><div class=""><small><em>OHKO Clause:</em> OHKO moves are banned</small></div><div class=""><small><em>Moody Clause:</em> Moody is banned</small></div><div class=""><small><em>Evasion Moves Clause:</em> Evasion moves are banned</small></div><div class=""><small><em>Endless Battle Clause:</em> Forcing endless battles is banned</small></div><div class=""><small><em>HP Percentage Mod:</em> HP is shown in percentages</small></div><div class=""><small><em>Swagger Clause:</em> Swagger is banned</small></div><div class=""><small><em>Baton Pass Clause:</em> Limit one Baton Passer, can't pass Spe and other stats simultaneously</small></div><div class="chat battle-history"><strong>j_bolginaski's team:</strong> <em style="color:#445566;display:block;">Electrode / Rhyperior / Blastoise / Muk / Ninetales / Primeape</em></div><div class="chat battle-history"><strong>FishFlax's team:</strong> <em style="color:#445566;display:block;">Registeel / Hitmonlee / Banette / Venusaur / Gallade / Rotom-Mow</em></div><div class="spacer battle-history"><br></div><div class="battle-history">Battle started between j_bolginaski and FishFlax!<br></div><div class="spacer battle-history"><br></div><div class="battle-history">Go! <strong>Rhyperior</strong>!<br></div><div class="spacer battle-history"><br></div><div class="battle-history">FishFlax sent out Braile (<strong>Registeel</strong>)!<br></div><div class="spacer battle-history"><br></div><h2 class="battle-history">Turn 1</h2><div class="spacer battle-history"><br></div><div class="battle-history">The opposing Braile used <strong>Stealth Rock</strong>!<br></div><div class="battle-history"><small>Pointed stones float in the air around your team!</small><br></div><div class="spacer battle-history"><br></div><div class="battle-history">Rhyperior used <strong>Stealth Rock</strong>!<br></div><div class="battle-history"><small>Pointed stones float in the air around the opposing team!</small><br></div><div class="spacer battle-history"><br></div><h2 class="battle-history">Turn 2</h2><div class="spacer battle-history"><br></div><div class="battle-history">The opposing Braile used <strong>Toxic</strong>!<br></div><div class="battle-history"><small>Rhyperior was badly poisoned!</small><br></div><div class="spacer battle-history"><br></div><div class="battle-history">Rhyperior used <strong>Drill Run</strong>!<br></div><div class="battle-history"><small>It's super effective!</small><br></div><div class="battle-history"><small>(The opposing Braile lost <abbr title="−192/338">56.8%</abbr> of its health!)</small><br></div><div class="spacer battle-history"><br></div><div class="battle-history"><small>The opposing Braile restored a little HP using its Leftovers!</small><br></div><div class="battle-history"><small>Rhyperior was hurt by poison!</small><br></div><div class="spacer battle-history"><br></div><h2 class="battle-history">Turn 3</h2><div class="spacer battle-history"><br></div><div class="battle-history">The opposing Braile used <strong>Protect</strong>!<br></div><div class="battle-history"><small>The opposing Braile protected itself!</small><br></div><div class="spacer battle-history"><br></div><div class="battle-history">Rhyperior used <strong>Drill Run</strong>!<br></div><div class="battle-history"><small>The opposing Braile protected itself!</small><br></div><div class="spacer battle-history"><br></div><div class="battle-history"><small>The opposing Braile restored a little HP using its Leftovers!</small><br></div><div class="battle-history"><small>Rhyperior restored a little HP using its Leftovers!</small><br></div><div class="battle-history"><small>Rhyperior was hurt by poison!</small><br></div><div class="spacer battle-history"><br></div><h2 class="battle-history">Turn 4</h2><div class="spacer battle-history"><br></div><div class="battle-history">The opposing Braile used <strong>Seismic Toss</strong>!<br></div><div class="battle-history"><small>(Rhyperior lost <abbr title="−100/434">23.0%</abbr> of its health!)</small><br></div><div class="spacer battle-history"><br></div><div class="battle-history">Rhyperior used <strong>Stone Edge</strong>!<br></div><div class="battle-history"><small>It's not very effective...</small><br></div><div class="battle-history"><small>(The opposing Braile lost <abbr title="−62/338">18.3%</abbr> of its health!)</small><br></div><div class="spacer battle-history"><br></div><div class="battle-history"><small>The opposing Braile restored a little HP using its Leftovers!</small><br></div><div class="battle-history"><small>Rhyperior restored a little HP using its Leftovers!</small><br></div><div class="battle-history"><small>Rhyperior was hurt by poison!</small><br></div><div class="spacer battle-history"><br></div><h2 class="battle-history">Turn 5</h2><div class="spacer battle-history"><br></div><div class="battle-history">The opposing Braile used <strong>Protect</strong>!<br></div><div class="battle-history"><small>The opposing Braile protected itself!</small><br></div><div class="spacer battle-history"><br></div><div class="battle-history">Rhyperior used <strong>Drill Run</strong>!<br></div><div class="battle-history"><small>The opposing Braile protected itself!</small><br></div><div class="spacer battle-history"><br></div><div class="battle-history"><small>The opposing Braile restored a little HP using its Leftovers!</small><br></div><div class="battle-history"><small>Rhyperior restored a little HP using its Leftovers!</small><br></div><div class="battle-history"><small>Rhyperior was hurt by poison!</small><br></div><div class="spacer battle-history"><br></div><h2 class="battle-history">Turn 6</h2><div class="chat"><small>FishFlax left.</small></div><div class="chat"><small>FishFlax joined.</small></div><div class="spacer battle-history"><br></div><div class="battle-history">The opposing Braile used <strong>Seismic Toss</strong>!<br></div><div class="battle-history"><small>(Rhyperior lost <abbr title="−100/434">23.0%</abbr> of its health!)</small><br></div><div class="spacer battle-history"><br></div><div class="battle-history">Rhyperior used <strong>Drill Run</strong>!<br></div><div class="battle-history"><small>It's super effective!</small><br></div><div class="battle-history"><small>A critical hit!</small><br></div><div class="battle-history"><small>(The opposing Braile lost <abbr title="−168/338">49.7%</abbr> of its health!)</small><br></div><div class="spacer battle-history"><br></div><div class="battle-history">The opposing Braile fainted!<br></div><div class="spacer battle-history"><br></div><div class="battle-history"><small>Rhyperior restored a little HP using its Leftovers!</small><br></div><div class="battle-history"><small>Rhyperior was hurt by poison!</small><br></div><div class="spacer battle-history"><br></div><div class="battle-history">Rhyperior fainted!<br></div><div class="spacer battle-history"><br></div><div class="battle-history">Go! <strong>Ninetales</strong>!<br></div><div class="spacer battle-history"><br></div><div class="battle-history">FishFlax sent out <strong>Hitmonlee</strong>!<br></div><div class="battle-history"><small>Pointed stones dug into Ninetales!</small><br></div><div class="battle-history"><small>Pointed stones dug into the opposing Hitmonlee!</small><br></div><div class="spacer battle-history"><br></div><h2 class="battle-history">Turn 7</h2><div class="spacer battle-history"><br></div><div class="battle-history">The opposing Hitmonlee used <strong>Fake Out</strong>!<br></div><div class="battle-history"><small>The Normal Gem strengthened the opposing Hitmonlee's power!</small><br></div><div class="battle-history"><small>(Ninetales lost <abbr title="−79/287">27.5%</abbr> of its health!)</small><br></div><div class="spacer battle-history"><br></div><div class="battle-history">Ninetales flinched and couldn't move!<br></div><div class="spacer battle-history"><br></div><div class="battle-history"><small>Ninetales restored a little HP using its Leftovers!</small><br></div><div class="spacer battle-history"><br></div><h2 class="battle-history">Turn 8</h2><div class="spacer battle-history"><br></div><div class="battle-history">The opposing Hitmonlee used <strong>Stone Edge</strong>!<br></div><div class="battle-history"><small>It's super effective!</small><br></div><div class="battle-history"><small>(Ninetales lost <abbr title="−154/287">53.7%</abbr> of its health!)</small><br></div><div class="spacer battle-history"><br></div><div class="battle-history">Ninetales fainted!<br></div><div class="spacer battle-history"><br></div><div class="battle-history">Go! <strong>Blastoise</strong>!<br></div><div class="battle-history"><small>Pointed stones dug into Blastoise!</small><br></div><div class="spacer battle-history"><br></div><h2 class="battle-history">Turn 9</h2><div class="spacer battle-history"><br></div><div class="battle-history">The opposing Hitmonlee used <strong>High Jump Kick</strong>!<br></div><div class="battle-history"><small>(Blastoise lost <abbr title="−268/329">81.5%</abbr> of its health!)</small><br></div><div class="spacer battle-history"><br></div><div class="battle-history">Blastoise used <strong>Surf</strong>!<br></div><div class="battle-history"><small>(The opposing Hitmonlee lost <abbr title="−120/241">49.8%</abbr> of its health!)</small><br></div><div class="spacer battle-history"><br></div><div class="battle-history"><small>Blastoise restored a little HP using its Leftovers!</small><br></div><div class="spacer battle-history"><br></div><h2 class="battle-history">Turn 10</h2><div class="spacer battle-history"><br></div><div class="battle-history">Blastoise used <strong>Aqua Jet</strong>!<br></div><div class="battle-history"><small>(The opposing Hitmonlee lost <abbr title="−106/241">44.0%</abbr> of its health!)</small><br></div><div class="spacer battle-history"><br></div><div class="battle-history">The opposing Hitmonlee fainted!<br></div><div class="spacer battle-history"><br></div><div class="battle-history"><small>Blastoise restored a little HP using its Leftovers!</small><br></div><div class="spacer battle-history"><br></div><div class="battle-history">FishFlax sent out Zipped Hoodie (<strong>Banette</strong>)!<br></div><div class="battle-history"><small>Pointed stones dug into the opposing Zipped Hoodie!</small><br></div><div class="spacer battle-history"><br></div><h2 class="battle-history">Turn 11</h2><div class="spacer battle-history"><br></div><div class="battle-history"><small>The opposing Zipped Hoodie's Banettite is reacting to FishFlax's Mega Bracelet!</small><br>The opposing Zipped Hoodie has Mega Evolved into Mega Banette!<br></div><div class="spacer battle-history"><br></div><div class="battle-history">Blastoise used <strong>Aqua Jet</strong>!<br></div><div class="battle-history"><small>(The opposing Zipped Hoodie lost <abbr title="−88/332">26.5%</abbr> of its health!)</small><br></div><div class="spacer battle-history"><br></div><div class="battle-history">The opposing Zipped Hoodie used <strong>Shadow Sneak</strong>!<br></div><div class="battle-history"><small>(Blastoise lost <abbr title="−60/329">18.2%</abbr> of its health!)</small><br></div><div class="spacer battle-history"><br></div><div class="battle-history">Blastoise fainted!<br></div><div class="spacer battle-history"><br></div><div class="battle-history">Go! Great Ball (<strong>Electrode</strong>)!<br></div><div class="battle-history"><small>Pointed stones dug into Great Ball!</small><br></div><div class="spacer battle-history"><br></div><h2 class="battle-history">Turn 12</h2><div class="spacer battle-history"><br></div><div class="battle-history">The opposing Zipped Hoodie used <strong>Shadow Sneak</strong>!<br></div><div class="battle-history"><small>(Great Ball lost <abbr title="−108/261">41.4%</abbr> of its health!)</small><br></div><div class="spacer battle-history"><br></div><div class="battle-history">Great Ball used <strong>Foul Play</strong>!<br></div><div class="battle-history"><small>It's super effective!</small><br></div><div class="battle-history"><small>(The opposing Zipped Hoodie lost <abbr title="−203/332">61.1%</abbr> of its health!)</small><br></div><div class="spacer battle-history"><br></div><div class="battle-history">The opposing Zipped Hoodie fainted!<br></div><div class="spacer battle-history"><br></div><div class="battle-history"><small>Great Ball restored a little HP using its Leftovers!</small><br></div><div class="spacer battle-history"><br></div><div class="battle-history">FishFlax sent out <strong>Venusaur</strong>!<br></div><div class="battle-history"><small>Pointed stones dug into the opposing Venusaur!</small><br></div><div class="spacer battle-history"><br></div><h2 class="battle-history">Turn 13</h2><div class="spacer battle-history"><br></div><div class="battle-history">Great Ball used <strong>Foul Play</strong>!<br></div><div class="battle-history"><small>(The opposing Venusaur lost <abbr title="−41/302">13.6%</abbr> of its health!)</small><br></div><div class="spacer battle-history"><br></div><div class="battle-history">The opposing Venusaur used <strong>Leech Seed</strong>!<br></div><div class="battle-history"><small>Great Ball was seeded!</small><br></div><div class="spacer battle-history"><br></div><div class="battle-history"><small>Great Ball restored a little HP using its Leftovers!</small><br></div><div class="battle-history"><small>The opposing Venusaur restored a little HP using its Leftovers!</small><br></div><div class="battle-history"><small>Great Ball's health is sapped by Leech Seed!</small><br></div><div class="spacer battle-history"><br></div><h2 class="battle-history">Turn 14</h2><div class="spacer battle-history"><br></div><div class="battle-history">Great Ball, come back!<br></div><div class="battle-history">Go! <strong>Primeape</strong>!<br></div><div class="battle-history"><small>Pointed stones dug into Primeape!</small><br></div><div class="spacer battle-history"><br></div><div class="battle-history">The opposing Venusaur used <strong>Sludge Bomb</strong>!<br></div><div class="battle-history"><small>(Primeape lost <abbr title="−144/271">53.1%</abbr> of its health!)</small><br></div><div class="spacer battle-history"><br></div><div class="battle-history"><small>Primeape restored a little HP using its Leftovers!</small><br></div><div class="battle-history"><small>The opposing Venusaur restored a little HP using its Leftovers!</small><br></div><div class="spacer battle-history"><br></div><h2 class="battle-history">Turn 15</h2><div class="spacer battle-history"><br></div><div class="battle-history">Primeape used <strong>Outrage</strong>!<br></div><div class="battle-history"><small>(The opposing Venusaur lost <abbr title="−107/302">35.4%</abbr> of its health!)</small><br></div><div class="spacer battle-history"><br></div><div class="battle-history">The opposing Venusaur used <strong>Giga Drain</strong>!<br></div><div class="battle-history"><small>(Primeape lost <abbr title="−111/271">41.0%</abbr> of its health!)</small><br></div><div class="battle-history"><small>Primeape had its energy drained!</small><br></div><div class="spacer battle-history"><br></div><div class="battle-history"><small>Primeape restored a little HP using its Leftovers!</small><br></div><div class="battle-history"><small>The opposing Venusaur restored a little HP using its Leftovers!</small><br></div><div class="spacer battle-history"><br></div><h2 class="battle-history">Turn 16</h2><div class="spacer battle-history"><br></div><div class="battle-history">Primeape used <strong>Outrage</strong>!<br></div><div class="battle-history"><small>(The opposing Venusaur lost <abbr title="−93/302">30.8%</abbr> of its health!)</small><br></div><div class="battle-history"><small>Primeape became confused due to fatigue!</small><br></div><div class="spacer battle-history"><br></div><div class="battle-history">The opposing Venusaur used <strong>Giga Drain</strong>!<br></div><div class="battle-history"><small>(Primeape lost <abbr title="−32/271">11.8%</abbr> of its health!)</small><br></div><div class="battle-history"><small>Primeape had its energy drained!</small><br></div><div class="spacer battle-history"><br></div><div class="battle-history">Primeape fainted!<br></div><div class="spacer battle-history"><br></div><div class="battle-history"><small>The opposing Venusaur restored a little HP using its Leftovers!</small><br></div><div class="spacer battle-history"><br></div><div class="battle-history">Go! Great Ball (<strong>Electrode</strong>)!<br></div><div class="battle-history"><small>Pointed stones dug into Great Ball!</small><br></div><div class="spacer battle-history"><br></div><h2 class="battle-history">Turn 17</h2><div class="spacer battle-history"><br></div><div class="battle-history">Great Ball used <strong>Charge</strong>!<br></div><div class="battle-history"><small>Great Ball's Special Defense rose!</small><br></div><div class="battle-history"><small>Great Ball began charging power!</small><br></div><div class="spacer battle-history"><br></div><div class="battle-history">The opposing Venusaur used <strong>Sludge Bomb</strong>!<br></div><div class="battle-history"><small>(Great Ball lost <abbr title="−82/261">31.4%</abbr> of its health!)</small><br></div><div class="spacer battle-history"><br></div><div class="battle-history"><small>Great Ball restored a little HP using its Leftovers!</small><br></div><div class="battle-history"><small>The opposing Venusaur restored a little HP using its Leftovers!</small><br></div><div class="spacer battle-history"><br></div><h2 class="battle-history">Turn 18</h2><div class="spacer battle-history"><br></div><div class="battle-history">Great Ball used <strong>Thunderbolt</strong>!<br></div><div class="battle-history"><small>It's not very effective...</small><br></div><div class="battle-history"><small>(The opposing Venusaur lost <abbr title="−79/302">26.2%</abbr> of its health!)</small><br></div><div class="battle-history"><small>The opposing Venusaur is paralyzed! It may be unable to move!</small><br></div><div class="spacer battle-history"><br></div><div class="battle-history">The opposing Venusaur used <strong>Leech Seed</strong>!<br></div><div class="battle-history"><small>Great Ball was seeded!</small><br></div><div class="spacer battle-history"><br></div><div class="battle-history"><small>Great Ball restored a little HP using its Leftovers!</small><br></div><div class="battle-history"><small>The opposing Venusaur restored a little HP using its Leftovers!</small><br></div><div class="battle-history"><small>Great Ball's health is sapped by Leech Seed!</small><br></div><div class="spacer battle-history"><br></div><h2 class="battle-history">Turn 19</h2><div class="spacer battle-history"><br></div><div class="battle-history">Great Ball used <strong>Thunderbolt</strong>!<br></div><div class="battle-history"><small>It's not very effective...</small><br></div><div class="battle-history"><small>(The opposing Venusaur lost <abbr title="−44/302">14.6%</abbr> of its health!)</small><br></div><div class="spacer battle-history"><br></div><div class="battle-history">The opposing Venusaur used <strong>Giga Drain</strong>!<br></div><div class="battle-history"><small>(Great Ball lost <abbr title="−7/261">2.7%</abbr> of its health!)</small><br></div><div class="battle-history"><small>Great Ball had its energy drained!</small><br></div><div class="spacer battle-history"><br></div><div class="battle-history">Great Ball fainted!<br></div><div class="spacer battle-history"><br></div><div class="battle-history"><small>The opposing Venusaur restored a little HP using its Leftovers!</small><br></div><div class="spacer battle-history"><br></div><div class="battle-history">Go! <strong>Muk</strong>!<br></div><div class="battle-history"><small>Pointed stones dug into Muk!</small><br></div><div class="spacer battle-history"><br></div><h2 class="battle-history">Turn 20</h2><div class="spacer battle-history"><br></div><div class="battle-history">Muk used <strong>Poison Jab</strong>!<br></div><div class="battle-history"><small>(The opposing Venusaur lost <abbr title="−85/302">28.1%</abbr> of its health!)</small><br></div><div class="spacer battle-history"><br></div><div class="battle-history">The opposing Venusaur flinched and couldn't move!<br></div><div class="spacer battle-history"><br></div><div class="battle-history"><small>Muk restored a little HP using its Leftovers!</small><br></div><div class="battle-history"><small>The opposing Venusaur restored a little HP using its Leftovers!</small><br></div><div class="spacer battle-history"><br></div><h2 class="battle-history">Turn 21</h2><div class="spacer battle-history"><br></div><div class="battle-history">Muk used <strong>Poison Jab</strong>!<br></div><div class="battle-history"><small>(The opposing Venusaur lost <abbr title="−79/302">26.2%</abbr> of its health!)</small><br></div><div class="spacer battle-history"><br></div><div class="battle-history">The opposing Venusaur used <strong>Leech Seed</strong>!<br></div><div class="battle-history"><small>Muk was seeded!</small><br></div><div class="spacer battle-history"><br></div><div class="battle-history"><small>Muk restored a little HP using its Leftovers!</small><br></div><div class="battle-history"><small>The opposing Venusaur restored a little HP using its Leftovers!</small><br></div><div class="battle-history"><small>Muk's health is sapped by Leech Seed!</small><br></div><div class="spacer battle-history"><br></div><h2 class="battle-history">Turn 22</h2><div class="spacer battle-history"><br></div><div class="battle-history">Muk used <strong>Poison Jab</strong>!<br></div><div class="battle-history"><small>(The opposing Venusaur lost <abbr title="−81/302">26.8%</abbr> of its health!)</small><br></div><div class="spacer battle-history"><br></div><div class="battle-history">The opposing Venusaur is paralyzed! It can't move!<br></div><div class="spacer battle-history"><br></div><div class="battle-history"><small>Muk restored a little HP using its Leftovers!</small><br></div><div class="battle-history"><small>The opposing Venusaur restored a little HP using its Leftovers!</small><br></div><div class="battle-history"><small>Muk's health is sapped by Leech Seed!</small><br></div><div class="spacer battle-history"><br></div><h2 class="battle-history">Turn 23</h2><div class="spacer battle-history"><br></div><div class="battle-history">Muk used <strong>Poison Jab</strong>!<br></div><div class="battle-history"><small>(The opposing Venusaur lost <abbr title="−78/302">25.8%</abbr> of its health!)</small><br></div><div class="spacer battle-history"><br></div><div class="battle-history">The opposing Venusaur fainted!<br></div><div class="spacer battle-history"><br></div><div class="battle-history"><small>Muk restored a little HP using its Leftovers!</small><br></div><div class="spacer battle-history"><br></div><div class="battle-history">FishFlax sent out Rotom (<strong>Rotom-Mow</strong>)!<br></div><div class="battle-history"><small>Pointed stones dug into the opposing Rotom!</small><br></div><div class="spacer battle-history"><br></div><h2 class="battle-history">Turn 24</h2><div class="spacer battle-history"><br></div><div class="battle-history">The opposing Rotom used <strong>Thunderbolt</strong>!<br></div><div class="battle-history"><small>(Muk lost <abbr title="−108/414">26.1%</abbr> of its health!)</small><br></div><div class="spacer battle-history"><br></div><div class="battle-history">Muk used <strong>Poison Jab</strong>!<br></div><div class="battle-history"><small>It's super effective!</small><br></div><div class="battle-history"><small>(The opposing Rotom lost <abbr title="−192/241">79.7%</abbr> of its health!)</small><br></div><div class="spacer battle-history"><br></div><div class="battle-history"><small>Muk restored a little HP using its Leftovers!</small><br></div><div class="battle-history"><small>Muk's health is sapped by Leech Seed!</small><br></div><div class="spacer battle-history"><br></div><h2 class="battle-history">Turn 25</h2><div class="spacer battle-history"><br></div><div class="battle-history">The opposing Rotom used <strong>Thunderbolt</strong>!<br></div><div class="battle-history"><small>(Muk lost <abbr title="−99/414">23.9%</abbr> of its health!)</small><br></div><div class="spacer battle-history"><br></div><div class="battle-history">Muk used <strong>Poison Jab</strong>!<br></div><div class="battle-history"><small>It's super effective!</small><br></div><div class="battle-history"><small>(The opposing Rotom lost <abbr title="−70/241">29.0%</abbr> of its health!)</small><br></div><div class="spacer battle-history"><br></div><div class="battle-history">The opposing Rotom fainted!<br></div><div class="spacer battle-history"><br></div><div class="battle-history"><small>Muk restored a little HP using its Leftovers!</small><br></div><div class="spacer battle-history"><br></div><div class="battle-history">FishFlax sent out <strong>Gallade</strong>!<br></div><div class="battle-history"><small>Pointed stones dug into the opposing Gallade!</small><br></div><div class="spacer battle-history"><br></div><h2 class="battle-history">Turn 26</h2><div class="spacer battle-history"><br></div><div class="battle-history">The opposing Gallade used <strong>Psycho Cut</strong>!<br></div><div class="battle-history"><small>It's super effective!</small><br></div><div class="battle-history"><small>A critical hit!</small><br></div><div class="battle-history"><small>(Muk lost <abbr title="−153/414">37.0%</abbr> of its health!)</small><br></div><div class="battle-history"><small>The opposing Gallade lost some of its HP!</small><br></div><div class="spacer battle-history"><br></div><div class="battle-history">Muk fainted!<br></div><div class="spacer battle-history"><br></div><div class="battle-history"><strong>FishFlax</strong> won the battle!<br></div><div class="chat chatmessage-jbolginaski"><strong style="color:hsl(292,55%,44.56080365455861%)"><small>★</small><span class="username" data-name="j_bolginaski">j_bolginaski</span>:</strong> <em>gg</em></div><div class="chat chatmessage-fishflax"><strong style="color:hsl(351,76%,48.0896057380272%)"><small>★</small><span class="username" data-name="FishFlax">FishFlax</span>:</strong> <em>gg</em></div></div><div class="inner-preempt"></div></div></div>
</div>
<script>
let daily = Math.floor(Date.now()/1000/60/60/24);document.write('<script src="https://play.pokemonshowdown.com/js/replay-embed.js?version'+daily+'"></'+'script>');
</script>
