<!DOCTYPE html>
<meta charset="utf-8" />
<!-- version 1 -->
<title>RU replay: Hariett vs. Truly Legend</title>
<style>
html,body {font-family:Verdana, sans-serif;font-size:10pt;margin:0;padding:0;}body{padding:12px 0;} .battle-log {font-family:Verdana, sans-serif;font-size:10pt;} .battle-log-inline {border:1px solid #AAAAAA;background:#EEF2F5;color:black;max-width:640px;margin:0 auto 80px;padding-bottom:5px;} .battle-log .inner {padding:4px 8px 0px 8px;} .battle-log .inner-preempt {padding:0 8px 4px 8px;} .battle-log .inner-after {margin-top:0.5em;} .battle-log h2 {margin:0.5em -8px;padding:4px 8px;border:1px solid #AAAAAA;background:#E0E7EA;border-left:0;border-right:0;font-family:Verdana, sans-serif;font-size:13pt;} .battle-log .chat {vertical-align:middle;padding:3px 0 3px 0;font-size:8pt;} .battle-log .chat strong {color:#40576A;} .battle-log .chat em {padding:1px 4px 1px 3px;color:#000000;font-style:normal;} .chat.mine {background:rgba(0,0,0,0.05);margin-left:-8px;margin-right:-8px;padding-left:8px;padding-right:8px;} .spoiler {color:#BBBBBB;background:#BBBBBB;padding:0px 3px;} .spoiler:hover, .spoiler:active, .spoiler-shown {color:#000000;background:#E2E2E2;padding:0px 3px;} .spoiler a {color:#BBBBBB;} .spoiler:hover a, .spoiler:active a, .spoiler-shown a {color:#2288CC;} .chat code, .chat .spoiler:hover code, .chat .spoiler:active code, .chat .spoiler-shown code {border:1px solid #C0C0C0;background:#EEEEEE;color:black;padding:0 2px;} .chat .spoiler code {border:1px solid #CCCCCC;background:#CCCCCC;color:#CCCCCC;} .battle-log .rated {padding:3px 4px;} .battle-log .rated strong {color:white;background:#89A;padding:1px 4px;border-radius:4px;} .spacer {margin-top:0.5em;} .message-announce {background:#6688AA;color:white;padding:1px 4px 2px;} .message-announce a, .broadcast-green a, .broadcast-blue a, .broadcast-red a {color:#DDEEFF;} .broadcast-green {background-color:#559955;color:white;padding:2px 4px;} .broadcast-blue {background-color:#6688AA;color:white;padding:2px 4px;} .infobox {border:1px solid #6688AA;padding:2px 4px;} .infobox-limited {max-height:200px;overflow:auto;overflow-x:hidden;} .broadcast-red {background-color:#AA5544;color:white;padding:2px 4px;} .message-learn-canlearn {font-weight:bold;color:#228822;text-decoration:underline;} .message-learn-cannotlearn {font-weight:bold;color:#CC2222;text-decoration:underline;} .message-effect-weak {font-weight:bold;color:#CC2222;} .message-effect-resist {font-weight:bold;color:#6688AA;} .message-effect-immune {font-weight:bold;color:#666666;} .message-learn-list {margin-top:0;margin-bottom:0;} .message-throttle-notice, .message-error {color:#992222;} .message-overflow, .chat small.message-overflow {font-size:0pt;} .message-overflow::before {font-size:9pt;content:'...';} .subtle {color:#3A4A66;}
</style>
<div class="wrapper replay-wrapper" style="max-width:1180px;margin:0 auto">
<input type="hidden" name="replayid" value="ru-490219759" />
<div class="battle"></div><div class="battle-log"></div><div class="replay-controls"></div><div class="replay-controls-2"></div>
<h1 style="font-weight:normal;text-align:center"><strong>RU</strong><br /><a href="http://pokemonshowdown.com/users/hariett" class="subtle" target="_blank">Hariett</a> vs. <a href="http://pokemonshowdown.com/users/trulylegend" class="subtle" target="_blank">Truly Legend</a></h1>
<script type="text/plain" class="battle-log-data">|j|Hariett
|j|Truly Legend
|player|p1|Hariett|169
|player|p2|Truly Legend|161
|gametype|singles
|gen|6
|tier|RU
|rated
|seed|55561,8922,35157,5113
|rule|Sleep Clause Mod: Limit one foe put to sleep
|rule|Species Clause: Limit one of each Pokémon
|rule|OHKO Clause: OHKO moves are banned
|rule|Moody Clause: Moody is banned
|rule|Evasion Moves Clause: Evasion moves are banned
|rule|Endless Battle Clause: Forcing endless battles is banned
|rule|HP Percentage Mod: HP is shown in percentages
|clearpoke
|poke|p1|Rapidash, F, shiny|item
|poke|p1|Mismagius, F|item
|poke|p1|Gallade, M, shiny|item
|poke|p1|Exeggutor, M|item
|poke|p1|Registeel|item
|poke|p1|Pidgeot, F|item
|poke|p2|Flygon, M, shiny|item
|poke|p2|Slowking, F, shiny|item
|poke|p2|Glalie, M|item
|poke|p2|Hoopa|item
|poke|p2|Scrafty, F|item
|poke|p2|Hitmonlee, M|item
|rule|Swagger Clause: Swagger is banned
|rule|Baton Pass Clause: Limit one Baton Passer, can't pass Spe and other stats simultaneously
|teampreview
|choice|team 5, team 2, team 3, team 4, team 1, team 6|team 1, team 2, team 3, team 4, team 5, team 6
|
|start
|switch|p1a: Registeel|Registeel|364\/364
|switch|p2a: The Bae|Flygon, M, shiny|301\/301
|turn|1
|choice|move stealthrock|move flamethrower
|
|move|p2a: The Bae|Flamethrower|p1a: Registeel
|-supereffective|p1a: Registeel
|-damage|p1a: Registeel|256\/364
|move|p1a: Registeel|Stealth Rock|p2a: The Bae
|-sidestart|p2: Truly Legend|move: Stealth Rock
|
|-heal|p1a: Registeel|278\/364|[from] item: Leftovers
|turn|2
|choice|move toxic|move earthquake
|
|move|p2a: The Bae|Earthquake|p1a: Registeel
|-supereffective|p1a: Registeel
|-damage|p1a: Registeel|4\/364
|move|p1a: Registeel|Toxic|p2a: The Bae
|-status|p2a: The Bae|tox
|
|-heal|p1a: Registeel|26\/364|[from] item: Leftovers
|-damage|p2a: The Bae|283\/301 tox|[from] psn
|turn|3
|choice|move protect|move flamethrower
|
|move|p1a: Registeel|Protect|p1a: Registeel
|-singleturn|p1a: Registeel|Protect
|move|p2a: The Bae|Flamethrower|p1a: Registeel
|-activate|p1a: Registeel|move: Protect
|
|-heal|p1a: Registeel|48\/364|[from] item: Leftovers
|-damage|p2a: The Bae|247\/301 tox|[from] psn
|turn|4
|choice|switch 2|move flamethrower
|
|switch|p1a: Mismagius|Mismagius, F|324\/324
|move|p2a: The Bae|Flamethrower|p1a: Mismagius
|-damage|p1a: Mismagius|248\/324
|
|-heal|p1a: Mismagius|268\/324|[from] item: Leftovers
|-damage|p2a: The Bae|193\/301 tox|[from] psn
|turn|5
|choice|move hex|switch 5
|
|switch|p2a: 21 Savage|Scrafty, F|271\/271
|-damage|p2a: 21 Savage|255\/271|[from] Stealth Rock
|move|p1a: Mismagius|Hex|p2a: 21 Savage
|-resisted|p2a: 21 Savage
|-damage|p2a: 21 Savage|221\/271
|
|-heal|p1a: Mismagius|288\/324|[from] item: Leftovers
|-heal|p2a: 21 Savage|237\/271|[from] item: Leftovers
|turn|6
|choice|move willowisp|move dragondance
|
|move|p1a: Mismagius|Will-O-Wisp|p2a: 21 Savage
|-status|p2a: 21 Savage|brn
|move|p2a: 21 Savage|Dragon Dance|p2a: 21 Savage
|-boost|p2a: 21 Savage|atk|1
|-boost|p2a: 21 Savage|spe|1
|
|-heal|p2a: 21 Savage|253\/271 brn|[from] item: Leftovers
|-heal|p1a: Mismagius|308\/324|[from] item: Leftovers
|-damage|p2a: 21 Savage|220\/271 brn|[from] brn
|turn|7
|choice|switch 6|move dragondance
|
|switch|p1a: Pidgeot|Pidgeot, F|307\/307
|move|p2a: 21 Savage|Dragon Dance|p2a: 21 Savage
|-boost|p2a: 21 Savage|atk|1
|-boost|p2a: 21 Savage|spe|1
|
|-heal|p2a: 21 Savage|236\/271 brn|[from] item: Leftovers
|-damage|p2a: 21 Savage|203\/271 brn|[from] brn
|turn|8
|choice|move bravebird|move drainpunch
|
|move|p2a: 21 Savage|Drain Punch|p1a: Pidgeot
|-damage|p1a: Pidgeot|170\/307
|-heal|p2a: 21 Savage|271\/271 brn|[from] drain|[of] p1a: Pidgeot
|move|p1a: Pidgeot|Brave Bird|p2a: 21 Savage
|-supereffective|p2a: 21 Savage
|-damage|p2a: 21 Savage|0 fnt
|-damage|p1a: Pidgeot|81\/307|[from] recoil|[of] p2a: 21 Savage
|faint|p2a: 21 Savage
|
|-heal|p1a: Pidgeot|100\/307|[from] item: Leftovers
|choice||switch 2
|
|switch|p2a: Smarts|Slowking, F, shiny|332\/332
|-damage|p2a: Smarts|291\/332|[from] Stealth Rock
|turn|9
|choice|move uturn|move trickroom
|
|move|p1a: Pidgeot|U-turn|p2a: Smarts
|-supereffective|p2a: Smarts
|-damage|p2a: Smarts|157\/332
|-enditem|p2a: Smarts|Weakness Policy
|-boost|p2a: Smarts|atk|2
|-boost|p2a: Smarts|spa|2
|choice|switch 6|
|
|switch|p1a: Mismagius|Mismagius, F|308\/324
|move|p2a: Smarts|Trick Room|p2a: Smarts
|-fieldstart|move: Trick Room|[of] p2a: Smarts
|
|-heal|p1a: Mismagius|324\/324|[from] item: Leftovers
|turn|10
|choice|move willowisp|move psychic
|
|move|p2a: Smarts|Psychic|p1a: Mismagius
|-damage|p1a: Mismagius|33\/324
|move|p1a: Mismagius|Will-O-Wisp|p2a: Smarts
|-status|p2a: Smarts|brn
|
|-heal|p1a: Mismagius|53\/324|[from] item: Leftovers
|-damage|p2a: Smarts|116\/332 brn|[from] brn
|turn|11
|choice|move hex|move psychic
|
|move|p2a: Smarts|Psychic|p1a: Mismagius
|-damage|p1a: Mismagius|0 fnt
|faint|p1a: Mismagius
|
|-damage|p2a: Smarts|75\/332 brn|[from] brn
|choice|switch 4|
|
|switch|p1a: Exeggutor|Exeggutor, M|392\/392
|turn|12
|choice|move substitute|switch 3
|
|switch|p2a: Mr. Grinch|Glalie, M|301\/301
|-damage|p2a: Mr. Grinch|226\/301|[from] Stealth Rock
|move|p1a: Exeggutor|Substitute|p1a: Exeggutor
|-start|p1a: Exeggutor|Substitute
|-damage|p1a: Exeggutor|294\/392
|
|turn|13
|choice|move leechseed|move return mega
|
|detailschange|p2a: Mr. Grinch|Glalie-Mega, M
|-mega|p2a: Mr. Grinch|Glalie|Glalitite
|move|p1a: Exeggutor|Leech Seed|p2a: Mr. Grinch
|-start|p2a: Mr. Grinch|move: Leech Seed
|move|p2a: Mr. Grinch|Return|p1a: Exeggutor
|-supereffective|p1a: Exeggutor
|-end|p1a: Exeggutor|Substitute
|
|-damage|p2a: Mr. Grinch|189\/301|[from] Leech Seed|[of] p1a: Exeggutor
|-heal|p1a: Exeggutor|331\/392|[silent]
|-fieldend|move: Trick Room
|turn|14
|choice|switch 5|move return
|
|switch|p1a: Rapidash|Rapidash, F, shiny|271\/271
|move|p2a: Mr. Grinch|Return|p1a: Rapidash
|-resisted|p1a: Rapidash
|-damage|p1a: Rapidash|132\/271
|
|-heal|p1a: Rapidash|148\/271|[from] item: Leftovers
|-damage|p2a: Mr. Grinch|152\/301|[from] Leech Seed|[of] p1a: Rapidash
|-heal|p1a: Rapidash|185\/271|[silent]
|turn|15
|choice|move flareblitz|move return
|
|move|p1a: Rapidash|Flare Blitz|p2a: Mr. Grinch
|-supereffective|p2a: Mr. Grinch
|-damage|p2a: Mr. Grinch|0 fnt
|-damage|p1a: Rapidash|135\/271|[from] recoil|[of] p2a: Mr. Grinch
|faint|p2a: Mr. Grinch
|
|-heal|p1a: Rapidash|151\/271|[from] item: Leftovers
|choice||switch 4
|
|switch|p2a: Zuul|Hoopa|364\/364
|-damage|p2a: Zuul|319\/364|[from] Stealth Rock
|turn|16
|choice|move flareblitz|move shadowball
|
|move|p1a: Rapidash|Flare Blitz|p2a: Zuul
|-damage|p2a: Zuul|36\/364
|-damage|p1a: Rapidash|58\/271|[from] recoil|[of] p2a: Zuul
|move|p2a: Zuul|Shadow Ball|p1a: Rapidash
|-damage|p1a: Rapidash|0 fnt
|faint|p1a: Rapidash
|
|choice|switch 6|
|
|switch|p1a: Pidgeot|Pidgeot, F|100\/307
|turn|17
|choice|move uturn|move destinybond
|
|move|p1a: Pidgeot|U-turn|p2a: Zuul
|-damage|p2a: Zuul|0 fnt
|faint|p2a: Zuul
|choice|switch 2|
|
|switch|p1a: Registeel|Registeel|48\/364
|
|-heal|p1a: Registeel|70\/364|[from] item: Leftovers
|choice||switch 5
|
|switch|p2a: The Bae|Flygon, M, shiny|193\/301 tox
|-damage|p2a: The Bae|175\/301 tox|[from] Stealth Rock
|turn|18
|choice|move protect|move flamethrower
|
|move|p1a: Registeel|Protect|p1a: Registeel
|-singleturn|p1a: Registeel|Protect
|move|p2a: The Bae|Flamethrower|p1a: Registeel
|-activate|p1a: Registeel|move: Protect
|
|-heal|p1a: Registeel|92\/364|[from] item: Leftovers
|-damage|p2a: The Bae|157\/301 tox|[from] psn
|turn|19
|choice|move seismictoss|move flamethrower
|
|move|p2a: The Bae|Flamethrower|p1a: Registeel
|-supereffective|p1a: Registeel
|-damage|p1a: Registeel|0 fnt
|faint|p1a: Registeel
|
|-damage|p2a: The Bae|121\/301 tox|[from] psn
|choice|switch 2|
|
|switch|p1a: Pidgeot|Pidgeot, F|100\/307
|turn|20
|choice|move return|switch 3
|
|switch|p2a: Smarts|Slowking, F, shiny|185\/332 brn
|-damage|p2a: Smarts|144\/332 brn|[from] Stealth Rock
|move|p1a: Pidgeot|Return|p2a: Smarts
|-damage|p2a: Smarts|0 fnt
|faint|p2a: Smarts
|
|-heal|p1a: Pidgeot|119\/307|[from] item: Leftovers
|choice||switch 6
|
|switch|p2a: Chun Li|Hitmonlee, M|241\/241
|-damage|p2a: Chun Li|226\/241|[from] Stealth Rock
|turn|21
|choice|move uturn|move endure
|
|move|p2a: Chun Li|Endure|p2a: Chun Li
|-singleturn|p2a: Chun Li|move: Endure
|move|p1a: Pidgeot|U-turn|p2a: Chun Li
|-resisted|p2a: Chun Li
|-damage|p2a: Chun Li|179\/241
|choice|switch 5|
|
|switch|p1a: Exeggutor|Exeggutor, M|331\/392
|
|turn|22
|choice|move leechseed|switch 3
|
|switch|p2a: The Bae|Flygon, M, shiny|121\/301 tox
|-damage|p2a: The Bae|103\/301 tox|[from] Stealth Rock
|move|p1a: Exeggutor|Leech Seed|p2a: The Bae
|-start|p2a: The Bae|move: Leech Seed
|
|-damage|p2a: The Bae|66\/301 tox|[from] Leech Seed|[of] p1a: Exeggutor
|-heal|p1a: Exeggutor|368\/392|[silent]
|-damage|p2a: The Bae|48\/301 tox|[from] psn
|turn|23
|choice|move substitute|move outrage
|
|move|p2a: The Bae|Outrage|p1a: Exeggutor
|-damage|p1a: Exeggutor|233\/392
|move|p1a: Exeggutor|Substitute|p1a: Exeggutor
|-start|p1a: Exeggutor|Substitute
|-damage|p1a: Exeggutor|135\/392
|-enditem|p1a: Exeggutor|Sitrus Berry|[eat]
|-heal|p1a: Exeggutor|233\/392|[from] item: Sitrus Berry
|
|-damage|p2a: The Bae|11\/301 tox|[from] Leech Seed|[of] p1a: Exeggutor
|-heal|p1a: Exeggutor|270\/392|[silent]
|-damage|p2a: The Bae|0 fnt|[from] psn
|-item|p1a: Exeggutor|Sitrus Berry|[from] ability: Harvest
|faint|p2a: The Bae
|choice||switch 3
|
|switch|p2a: Chun Li|Hitmonlee, M|179\/241
|-damage|p2a: Chun Li|164\/241|[from] Stealth Rock
|turn|24
|choice|move psychic|move poisonjab
|
|move|p2a: Chun Li|Poison Jab|p1a: Exeggutor
|-supereffective|p1a: Exeggutor
|-end|p1a: Exeggutor|Substitute
|move|p1a: Exeggutor|Psychic|p2a: Chun Li
|-supereffective|p2a: Chun Li
|-damage|p2a: Chun Li|0 fnt
|faint|p2a: Chun Li
|
|win|Hariett
|player|p1
|player|p2
|l|Truly Legend</script>
</div>
<div class="battle-log battle-log-inline"><div class="inner"><div class="battle-options"></div><div class="inner"><div class="chat"><small>Hariett joined.</small></div><div class="chat"><small>Truly Legend joined.</small></div><div class=""><small>Format:</small> <br><strong>RU</strong></div><div class="rated"><strong>Rated battle</strong></div><div class=""><small><em>Sleep Clause Mod:</em> Limit one foe put to sleep</small></div><div class=""><small><em>Species Clause:</em> Limit one of each Pokémon</small></div><div class=""><small><em>OHKO Clause:</em> OHKO moves are banned</small></div><div class=""><small><em>Moody Clause:</em> Moody is banned</small></div><div class=""><small><em>Evasion Moves Clause:</em> Evasion moves are banned</small></div><div class=""><small><em>Endless Battle Clause:</em> Forcing endless battles is banned</small></div><div class=""><small><em>HP Percentage Mod:</em> HP is shown in percentages</small></div><div class=""><small><em>Swagger Clause:</em> Swagger is banned</small></div><div class=""><small><em>Baton Pass Clause:</em> Limit one Baton Passer, can't pass Spe and other stats simultaneously</small></div><div class="chat battle-history"><strong>Hariett's team:</strong> <em style="color:#445566;display:block;">Rapidash / Mismagius / Gallade / Exeggutor / Registeel / Pidgeot</em></div><div class="chat battle-history"><strong>Truly Legend's team:</strong> <em style="color:#445566;display:block;">Flygon / Slowking / Glalie / Hoopa / Scrafty / Hitmonlee</em></div><div class="spacer battle-history"><br></div><div class="battle-history">Battle started between Hariett and Truly Legend!<br></div><div class="spacer battle-history"><br></div><div class="battle-history">Go! <strong>Registeel</strong>!<br></div><div class="spacer battle-history"><br></div><div class="battle-history">Truly Legend sent out The Bae (<strong>Flygon</strong>)!<br></div><div class="spacer battle-history"><br></div><h2 class="battle-history">Turn 1</h2><div class="spacer battle-history"><br></div><div class="battle-history">The opposing The Bae used <strong>Flamethrower</strong>!<br></div><div class="battle-history"><small>It's super effective!</small><br></div><div class="battle-history"><small>(Registeel lost <abbr title="−108/364">29.7%</abbr> of its health!)</small><br></div><div class="spacer battle-history"><br></div><div class="battle-history">Registeel used <strong>Stealth Rock</strong>!<br></div><div class="battle-history"><small>Pointed stones float in the air around the opposing team!</small><br></div><div class="spacer battle-history"><br></div><div class="battle-history"><small>Registeel restored a little HP using its Leftovers!</small><br></div><div class="spacer battle-history"><br></div><h2 class="battle-history">Turn 2</h2><div class="spacer battle-history"><br></div><div class="battle-history">The opposing The Bae used <strong>Earthquake</strong>!<br></div><div class="battle-history"><small>It's super effective!</small><br></div><div class="battle-history"><small>(Registeel lost <abbr title="−274/364">75.3%</abbr> of its health!)</small><br></div><div class="spacer battle-history"><br></div><div class="battle-history">Registeel used <strong>Toxic</strong>!<br></div><div class="battle-history"><small>The opposing The Bae was badly poisoned!</small><br></div><div class="spacer battle-history"><br></div><div class="battle-history"><small>Registeel restored a little HP using its Leftovers!</small><br></div><div class="battle-history"><small>The opposing The Bae was hurt by poison!</small><br></div><div class="spacer battle-history"><br></div><h2 class="battle-history">Turn 3</h2><div class="spacer battle-history"><br></div><div class="battle-history">Registeel used <strong>Protect</strong>!<br></div><div class="battle-history"><small>Registeel protected itself!</small><br></div><div class="spacer battle-history"><br></div><div class="battle-history">The opposing The Bae used <strong>Flamethrower</strong>!<br></div><div class="battle-history"><small>Registeel protected itself!</small><br></div><div class="spacer battle-history"><br></div><div class="battle-history"><small>Registeel restored a little HP using its Leftovers!</small><br></div><div class="battle-history"><small>The opposing The Bae was hurt by poison!</small><br></div><div class="spacer battle-history"><br></div><h2 class="battle-history">Turn 4</h2><div class="spacer battle-history"><br></div><div class="battle-history">Registeel, come back!<br></div><div class="battle-history">Go! <strong>Mismagius</strong>!<br></div><div class="spacer battle-history"><br></div><div class="battle-history">The opposing The Bae used <strong>Flamethrower</strong>!<br></div><div class="battle-history"><small>(Mismagius lost <abbr title="−76/324">23.5%</abbr> of its health!)</small><br></div><div class="spacer battle-history"><br></div><div class="battle-history"><small>Mismagius restored a little HP using its Leftovers!</small><br></div><div class="battle-history"><small>The opposing The Bae was hurt by poison!</small><br></div><div class="spacer battle-history"><br></div><h2 class="battle-history">Turn 5</h2><div class="spacer battle-history"><br></div><div class="battle-history">Truly Legend withdrew The Bae!<br></div><div class="battle-history">Truly Legend sent out 21 Savage (<strong>Scrafty</strong>)!<br></div><div class="battle-history"><small>Pointed stones dug into the opposing 21 Savage!</small><br></div><div class="spacer battle-history"><br></div><div class="battle-history">Mismagius used <strong>Hex</strong>!<br></div><div class="battle-history"><small>It's not very effective...</small><br></div><div class="battle-history"><small>(The opposing 21 Savage lost <abbr title="−34/271">12.5%</abbr> of its health!)</small><br></div><div class="spacer battle-history"><br></div><div class="battle-history"><small>Mismagius restored a little HP using its Leftovers!</small><br></div><div class="battle-history"><small>The opposing 21 Savage restored a little HP using its Leftovers!</small><br></div><div class="spacer battle-history"><br></div><h2 class="battle-history">Turn 6</h2><div class="spacer battle-history"><br></div><div class="battle-history">Mismagius used <strong>Will-O-Wisp</strong>!<br></div><div class="battle-history"><small>The opposing 21 Savage was burned!</small><br></div><div class="spacer battle-history"><br></div><div class="battle-history">The opposing 21 Savage used <strong>Dragon Dance</strong>!<br></div><div class="battle-history"><small>The opposing 21 Savage's Attack rose!</small><br></div><div class="battle-history"><small>The opposing 21 Savage's Speed rose!</small><br></div><div class="spacer battle-history"><br></div><div class="battle-history"><small>The opposing 21 Savage restored a little HP using its Leftovers!</small><br></div><div class="battle-history"><small>Mismagius restored a little HP using its Leftovers!</small><br></div><div class="battle-history"><small>The opposing 21 Savage was hurt by its burn!</small><br></div><div class="spacer battle-history"><br></div><h2 class="battle-history">Turn 7</h2><div class="spacer battle-history"><br></div><div class="battle-history">Mismagius, come back!<br></div><div class="battle-history">Go! <strong>Pidgeot</strong>!<br></div><div class="spacer battle-history"><br></div><div class="battle-history">The opposing 21 Savage used <strong>Dragon Dance</strong>!<br></div><div class="battle-history"><small>The opposing 21 Savage's Attack rose!</small><br></div><div class="battle-history"><small>The opposing 21 Savage's Speed rose!</small><br></div><div class="spacer battle-history"><br></div><div class="battle-history"><small>The opposing 21 Savage restored a little HP using its Leftovers!</small><br></div><div class="battle-history"><small>The opposing 21 Savage was hurt by its burn!</small><br></div><div class="spacer battle-history"><br></div><h2 class="battle-history">Turn 8</h2><div class="spacer battle-history"><br></div><div class="battle-history">The opposing 21 Savage used <strong>Drain Punch</strong>!<br></div><div class="battle-history"><small>(Pidgeot lost <abbr title="−137/307">44.6%</abbr> of its health!)</small><br></div><div class="battle-history"><small>Pidgeot had its energy drained!</small><br></div><div class="spacer battle-history"><br></div><div class="battle-history">Pidgeot used <strong>Brave Bird</strong>!<br></div><div class="battle-history"><small>It's super effective!</small><br></div><div class="battle-history"><small>(The opposing 21 Savage lost <abbr title="−271/271">100%</abbr> of its health!)</small><br></div><div class="battle-history"><small>Pidgeot is damaged by the recoil!</small><br></div><div class="spacer battle-history"><br></div><div class="battle-history">The opposing 21 Savage fainted!<br></div><div class="spacer battle-history"><br></div><div class="battle-history"><small>Pidgeot restored a little HP using its Leftovers!</small><br></div><div class="spacer battle-history"><br></div><div class="battle-history">Truly Legend sent out Smarts (<strong>Slowking</strong>)!<br></div><div class="battle-history"><small>Pointed stones dug into the opposing Smarts!</small><br></div><div class="spacer battle-history"><br></div><h2 class="battle-history">Turn 9</h2><div class="spacer battle-history"><br></div><div class="battle-history">Pidgeot used <strong>U-turn</strong>!<br></div><div class="battle-history"><small>It's super effective!</small><br></div><div class="battle-history"><small>(The opposing Smarts lost <abbr title="−134/332">40.4%</abbr> of its health!)</small><br></div><div class="battle-history"><small>(The opposing Smarts used its Weakness Policy!)</small><br></div><div class="battle-history"><small>The opposing Smarts's Attack rose sharply!</small><br></div><div class="battle-history"><small>The opposing Smarts's Special Attack rose sharply!</small><br></div><div class="spacer battle-history"><br></div><div class="battle-history">Pidgeot went back to Hariett!<br></div><div class="battle-history">Go! <strong>Mismagius</strong>!<br></div><div class="spacer battle-history"><br></div><div class="battle-history">The opposing Smarts used <strong>Trick Room</strong>!<br></div><div class="battle-history"><small>The opposing Smarts twisted the dimensions!</small><br></div><div class="spacer battle-history"><br></div><div class="battle-history"><small>Mismagius restored a little HP using its Leftovers!</small><br></div><div class="spacer battle-history"><br></div><h2 class="battle-history">Turn 10</h2><div class="spacer battle-history"><br></div><div class="battle-history">The opposing Smarts used <strong>Psychic</strong>!<br></div><div class="battle-history"><small>(Mismagius lost <abbr title="−291/324">89.8%</abbr> of its health!)</small><br></div><div class="spacer battle-history"><br></div><div class="battle-history">Mismagius used <strong>Will-O-Wisp</strong>!<br></div><div class="battle-history"><small>The opposing Smarts was burned!</small><br></div><div class="spacer battle-history"><br></div><div class="battle-history"><small>Mismagius restored a little HP using its Leftovers!</small><br></div><div class="battle-history"><small>The opposing Smarts was hurt by its burn!</small><br></div><div class="spacer battle-history"><br></div><h2 class="battle-history">Turn 11</h2><div class="spacer battle-history"><br></div><div class="battle-history">The opposing Smarts used <strong>Psychic</strong>!<br></div><div class="battle-history"><small>(Mismagius lost <abbr title="−53/324">16.4%</abbr> of its health!)</small><br></div><div class="spacer battle-history"><br></div><div class="battle-history">Mismagius fainted!<br></div><div class="spacer battle-history"><br></div><div class="battle-history"><small>The opposing Smarts was hurt by its burn!</small><br></div><div class="spacer battle-history"><br></div><div class="battle-history">Go! <strong>Exeggutor</strong>!<br></div><div class="spacer battle-history"><br></div><h2 class="battle-history">Turn 12</h2><div class="spacer battle-history"><br></div><div class="battle-history">Truly Legend withdrew Smarts!<br></div><div class="battle-history">Truly Legend sent out Mr. Grinch (<strong>Glalie</strong>)!<br></div><div class="battle-history"><small>Pointed stones dug into the opposing Mr. Grinch!</small><br></div><div class="spacer battle-history"><br></div><div class="battle-history">Exeggutor used <strong>Substitute</strong>!<br></div><div class="battle-history"><small>Exeggutor put in a substitute!</small><br></div><div class="battle-history"><small>(Exeggutor lost <abbr title="−98/392">25%</abbr> of its health!)</small><br></div><div class="spacer battle-history"><br></div><h2 class="battle-history">Turn 13</h2><div class="spacer battle-history"><br></div><div class="battle-history"><small>The opposing Mr. Grinch's Glalitite is reacting to Truly Legend's Mega Bracelet!</small><br>The opposing Mr. Grinch has Mega Evolved into Mega Glalie!<br></div><div class="spacer battle-history"><br></div><div class="battle-history">Exeggutor used <strong>Leech Seed</strong>!<br></div><div class="battle-history"><small>The opposing Mr. Grinch was seeded!</small><br></div><div class="spacer battle-history"><br></div><div class="battle-history">The opposing Mr. Grinch used <strong>Return</strong>!<br></div><div class="battle-history"><small>It's super effective!</small><br></div><div class="battle-history"><small>Exeggutor's substitute faded!</small><br></div><div class="spacer battle-history"><br></div><div class="battle-history"><small>The opposing Mr. Grinch's health is sapped by Leech Seed!</small><br></div><div class="battle-history"><small>The twisted dimensions returned to normal!</small><br></div><div class="spacer battle-history"><br></div><h2 class="battle-history">Turn 14</h2><div class="spacer battle-history"><br></div><div class="battle-history">Exeggutor, come back!<br></div><div class="battle-history">Go! <strong>Rapidash</strong>!<br></div><div class="spacer battle-history"><br></div><div class="battle-history">The opposing Mr. Grinch used <strong>Return</strong>!<br></div><div class="battle-history"><small>It's not very effective...</small><br></div><div class="battle-history"><small>(Rapidash lost <abbr title="−139/271">51.3%</abbr> of its health!)</small><br></div><div class="spacer battle-history"><br></div><div class="battle-history"><small>Rapidash restored a little HP using its Leftovers!</small><br></div><div class="battle-history"><small>The opposing Mr. Grinch's health is sapped by Leech Seed!</small><br></div><div class="spacer battle-history"><br></div><h2 class="battle-history">Turn 15</h2><div class="spacer battle-history"><br></div><div class="battle-history">Rapidash used <strong>Flare Blitz</strong>!<br></div><div class="battle-history"><small>It's super effective!</small><br></div><div class="battle-history"><small>(The opposing Mr. Grinch lost <abbr title="−152/301">50.5%</abbr> of its health!)</small><br></div><div class="battle-history"><small>Rapidash is damaged by the recoil!</small><br></div><div class="spacer battle-history"><br></div><div class="battle-history">The opposing Mr. Grinch fainted!<br></div><div class="spacer battle-history"><br></div><div class="battle-history"><small>Rapidash restored a little HP using its Leftovers!</small><br></div><div class="spacer battle-history"><br></div><div class="battle-history">Truly Legend sent out Zuul (<strong>Hoopa</strong>)!<br></div><div class="battle-history"><small>Pointed stones dug into the opposing Zuul!</small><br></div><div class="spacer battle-history"><br></div><h2 class="battle-history">Turn 16</h2><div class="spacer battle-history"><br></div><div class="battle-history">Rapidash used <strong>Flare Blitz</strong>!<br></div><div class="battle-history"><small>(The opposing Zuul lost <abbr title="−283/364">77.7%</abbr> of its health!)</small><br></div><div class="battle-history"><small>Rapidash is damaged by the recoil!</small><br></div><div class="spacer battle-history"><br></div><div class="battle-history">The opposing Zuul used <strong>Shadow Ball</strong>!<br></div><div class="battle-history"><small>(Rapidash lost <abbr title="−58/271">21.4%</abbr> of its health!)</small><br></div><div class="spacer battle-history"><br></div><div class="battle-history">Rapidash fainted!<br></div><div class="spacer battle-history"><br></div><div class="battle-history">Go! <strong>Pidgeot</strong>!<br></div><div class="spacer battle-history"><br></div><h2 class="battle-history">Turn 17</h2><div class="spacer battle-history"><br></div><div class="battle-history">Pidgeot used <strong>U-turn</strong>!<br></div><div class="battle-history"><small>(The opposing Zuul lost <abbr title="−36/364">9.9%</abbr> of its health!)</small><br></div><div class="spacer battle-history"><br></div><div class="battle-history">The opposing Zuul fainted!<br></div><div class="spacer battle-history"><br></div><div class="battle-history">Pidgeot went back to Hariett!<br></div><div class="battle-history">Go! <strong>Registeel</strong>!<br></div><div class="spacer battle-history"><br></div><div class="battle-history"><small>Registeel restored a little HP using its Leftovers!</small><br></div><div class="spacer battle-history"><br></div><div class="battle-history">Truly Legend sent out The Bae (<strong>Flygon</strong>)!<br></div><div class="battle-history"><small>Pointed stones dug into the opposing The Bae!</small><br></div><div class="spacer battle-history"><br></div><h2 class="battle-history">Turn 18</h2><div class="spacer battle-history"><br></div><div class="battle-history">Registeel used <strong>Protect</strong>!<br></div><div class="battle-history"><small>Registeel protected itself!</small><br></div><div class="spacer battle-history"><br></div><div class="battle-history">The opposing The Bae used <strong>Flamethrower</strong>!<br></div><div class="battle-history"><small>Registeel protected itself!</small><br></div><div class="spacer battle-history"><br></div><div class="battle-history"><small>Registeel restored a little HP using its Leftovers!</small><br></div><div class="battle-history"><small>The opposing The Bae was hurt by poison!</small><br></div><div class="spacer battle-history"><br></div><h2 class="battle-history">Turn 19</h2><div class="spacer battle-history"><br></div><div class="battle-history">The opposing The Bae used <strong>Flamethrower</strong>!<br></div><div class="battle-history"><small>It's super effective!</small><br></div><div class="battle-history"><small>(Registeel lost <abbr title="−92/364">25.3%</abbr> of its health!)</small><br></div><div class="spacer battle-history"><br></div><div class="battle-history">Registeel fainted!<br></div><div class="spacer battle-history"><br></div><div class="battle-history"><small>The opposing The Bae was hurt by poison!</small><br></div><div class="spacer battle-history"><br></div><div class="battle-history">Go! <strong>Pidgeot</strong>!<br></div><div class="spacer battle-history"><br></div><h2 class="battle-history">Turn 20</h2><div class="spacer battle-history"><br></div><div class="battle-history">Truly Legend withdrew The Bae!<br></div><div class="battle-history">Truly Legend sent out Smarts (<strong>Slowking</strong>)!<br></div><div class="battle-history"><small>Pointed stones dug into the opposing Smarts!</small><br></div><div class="spacer battle-history"><br></div><div class="battle-history">Pidgeot used <strong>Return</strong>!<br></div><div class="battle-history"><small>(The opposing Smarts lost <abbr title="−144/332">43.4%</abbr> of its health!)</small><br></div><div class="spacer battle-history"><br></div><div class="battle-history">The opposing Smarts fainted!<br></div><div class="spacer battle-history"><br></div><div class="battle-history"><small>Pidgeot restored a little HP using its Leftovers!</small><br></div><div class="spacer battle-history"><br></div><div class="battle-history">Truly Legend sent out Chun Li (<strong>Hitmonlee</strong>)!<br></div><div class="battle-history"><small>Pointed stones dug into the opposing Chun Li!</small><br></div><div class="spacer battle-history"><br></div><h2 class="battle-history">Turn 21</h2><div class="spacer battle-history"><br></div><div class="battle-history">The opposing Chun Li used <strong>Endure</strong>!<br></div><div class="battle-history"><small>The opposing Chun Li braced itself!</small><br></div><div class="spacer battle-history"><br></div><div class="battle-history">Pidgeot used <strong>U-turn</strong>!<br></div><div class="battle-history"><small>It's not very effective...</small><br></div><div class="battle-history"><small>(The opposing Chun Li lost <abbr title="−47/241">19.5%</abbr> of its health!)</small><br></div><div class="spacer battle-history"><br></div><div class="battle-history">Pidgeot went back to Hariett!<br></div><div class="battle-history">Go! <strong>Exeggutor</strong>!<br></div><div class="spacer battle-history"><br></div><h2 class="battle-history">Turn 22</h2><div class="spacer battle-history"><br></div><div class="battle-history">Truly Legend withdrew Chun Li!<br></div><div class="battle-history">Truly Legend sent out The Bae (<strong>Flygon</strong>)!<br></div><div class="battle-history"><small>Pointed stones dug into the opposing The Bae!</small><br></div><div class="spacer battle-history"><br></div><div class="battle-history">Exeggutor used <strong>Leech Seed</strong>!<br></div><div class="battle-history"><small>The opposing The Bae was seeded!</small><br></div><div class="spacer battle-history"><br></div><div class="battle-history"><small>The opposing The Bae's health is sapped by Leech Seed!</small><br></div><div class="battle-history"><small>The opposing The Bae was hurt by poison!</small><br></div><div class="spacer battle-history"><br></div><h2 class="battle-history">Turn 23</h2><div class="spacer battle-history"><br></div><div class="battle-history">The opposing The Bae used <strong>Outrage</strong>!<br></div><div class="battle-history"><small>(Exeggutor lost <abbr title="−135/392">34.4%</abbr> of its health!)</small><br></div><div class="spacer battle-history"><br></div><div class="battle-history">Exeggutor used <strong>Substitute</strong>!<br></div><div class="battle-history"><small>Exeggutor put in a substitute!</small><br></div><div class="battle-history"><small>(Exeggutor lost <abbr title="−98/392">25%</abbr> of its health!)</small><br></div><div class="battle-history"><small>Exeggutor ate its Sitrus Berry!</small><br></div><div class="battle-history"><small>Exeggutor restored HP using its Sitrus Berry!</small><br></div><div class="spacer battle-history"><br></div><div class="battle-history"><small>The opposing The Bae's health is sapped by Leech Seed!</small><br></div><div class="battle-history"><small>The opposing The Bae was hurt by poison!</small><br></div><div class="battle-history"><small>[Exeggutor's Harvest]</small><br><small>Exeggutor harvested one Sitrus Berry!</small><br></div><div class="spacer battle-history"><br></div><div class="battle-history">The opposing The Bae fainted!<br></div><div class="spacer battle-history"><br></div><div class="battle-history">Truly Legend sent out Chun Li (<strong>Hitmonlee</strong>)!<br></div><div class="battle-history"><small>Pointed stones dug into the opposing Chun Li!</small><br></div><div class="spacer battle-history"><br></div><h2 class="battle-history">Turn 24</h2><div class="spacer battle-history"><br></div><div class="battle-history">The opposing Chun Li used <strong>Poison Jab</strong>!<br></div><div class="battle-history"><small>It's super effective!</small><br></div><div class="battle-history"><small>Exeggutor's substitute faded!</small><br></div><div class="spacer battle-history"><br></div><div class="battle-history">Exeggutor used <strong>Psychic</strong>!<br></div><div class="battle-history"><small>It's super effective!</small><br></div><div class="battle-history"><small>(The opposing Chun Li lost <abbr title="−164/241">68.0%</abbr> of its health!)</small><br></div><div class="spacer battle-history"><br></div><div class="battle-history">The opposing Chun Li fainted!<br></div><div class="spacer battle-history"><br></div><div class="battle-history"><strong>Hariett</strong> won the battle!<br></div><div class="chat"><small>Truly Legend left.</small></div></div><div class="inner-preempt"></div></div></div>
</div>
<script>
let daily = Math.floor(Date.now()/1000/60/60/24);document.write('<script src="https://play.pokemonshowdown.com/js/replay-embed.js?version'+daily+'"></'+'script>');
</script>
