<!DOCTYPE html>
<meta charset="utf-8" />
<!-- version 1 -->
<title>RU replay: Mega-Amphi vs. S poire</title>
<style>
html,body {font-family:Verdana, sans-serif;font-size:10pt;margin:0;padding:0;}body{padding:12px 0;} .battle-log {font-family:Verdana, sans-serif;font-size:10pt;} .battle-log-inline {border:1px solid #AAAAAA;background:#EEF2F5;color:black;max-width:640px;margin:0 auto 80px;padding-bottom:5px;} .battle-log .inner {padding:4px 8px 0px 8px;} .battle-log .inner-preempt {padding:0 8px 4px 8px;} .battle-log .inner-after {margin-top:0.5em;} .battle-log h2 {margin:0.5em -8px;padding:4px 8px;border:1px solid #AAAAAA;background:#E0E7EA;border-left:0;border-right:0;font-family:Verdana, sans-serif;font-size:13pt;} .battle-log .chat {vertical-align:middle;padding:3px 0 3px 0;font-size:8pt;} .battle-log .chat strong {color:#40576A;} .battle-log .chat em {padding:1px 4px 1px 3px;color:#000000;font-style:normal;} .chat.mine {background:rgba(0,0,0,0.05);margin-left:-8px;margin-right:-8px;padding-left:8px;padding-right:8px;} .spoiler {color:#BBBBBB;background:#BBBBBB;padding:0px 3px;} .spoiler:hover, .spoiler:active, .spoiler-shown {color:#000000;background:#E2E2E2;padding:0px 3px;} .spoiler a {color:#BBBBBB;} .spoiler:hover a, .spoiler:active a, .spoiler-shown a {color:#2288CC;} .chat code, .chat .spoiler:hover code, .chat .spoiler:active code, .chat .spoiler-shown code {border:1px solid #C0C0C0;background:#EEEEEE;color:black;padding:0 2px;} .chat .spoiler code {border:1px solid #CCCCCC;background:#CCCCCC;color:#CCCCCC;} .battle-log .rated {padding:3px 4px;} .battle-log .rated strong {color:white;background:#89A;padding:1px 4px;border-radius:4px;} .spacer {margin-top:0.5em;} .message-announce {background:#6688AA;color:white;padding:1px 4px 2px;} .message-announce a, .broadcast-green a, .broadcast-blue a, .broadcast-red a {color:#DDEEFF;} .broadcast-green {background-color:#559955;color:white;padding:2px 4px;} .broadcast-blue {background-color:#6688AA;color:white;padding:2px 4px;} .infobox {border:1px solid #6688AA;padding:2px 4px;} .infobox-limited {max-height:200px;overflow:auto;overflow-x:hidden;} .broadcast-red {background-color:#AA5544;color:white;padding:2px 4px;} .message-learn-canlearn {font-weight:bold;color:#228822;text-decoration:underline;} .message-learn-cannotlearn {font-weight:bold;color:#CC2222;text-decoration:underline;} .message-effect-weak {font-weight:bold;color:#CC2222;} .message-effect-resist {font-weight:bold;color:#6688AA;} .message-effect-immune {font-weight:bold;color:#666666;} .message-learn-list {margin-top:0;margin-bottom:0;} .message-throttle-notice, .message-error {color:#992222;} .message-overflow, .chat small.message-overflow {font-size:0pt;} .message-overflow::before {font-size:9pt;content:'...';} .subtle {color:#3A4A66;}
</style>
<div class="wrapper replay-wrapper" style="max-width:1180px;margin:0 auto">
<input type="hidden" name="replayid" value="pokestrat-ru-1599" />
<div class="battle"></div><div class="battle-log"></div><div class="replay-controls"></div><div class="replay-controls-2"></div>
<h1 style="font-weight:normal;text-align:center"><strong>RU</strong><br /><a href="http://pokemonshowdown.com/users/megaamphi" class="subtle" target="_blank">Mega-Amphi</a> vs. <a href="http://pokemonshowdown.com/users/spoire" class="subtle" target="_blank">S poire</a></h1>
<script type="text/plain" class="battle-log-data">|j|Mega-Amphi
|j|S poire
|player|p1|Mega-Amphi|167
|player|p2|S poire|112
|gametype|singles
|gen|6
|tier|RU
|seed|13404,16627,22577,44264
|rule|Sleep Clause Mod: Limit one foe put to sleep
|rule|Species Clause: Limit one of each Pokémon
|rule|OHKO Clause: OHKO moves are banned
|rule|Moody Clause: Moody is banned
|rule|Evasion Moves Clause: Evasion moves are banned
|rule|Endless Battle Clause: Forcing endless battles is banned
|rule|HP Percentage Mod: HP is shown in percentages
|clearpoke
|poke|p1|Electivire, F|item
|poke|p1|Haunter, F, shiny|item
|poke|p1|Klinklang, shiny|item
|poke|p1|Malamar, M|item
|poke|p1|Claydol, shiny|item
|poke|p1|Charizard, M|item
|poke|p2|Jolteon, M|item
|poke|p2|Hitmonlee, M|item
|poke|p2|Venusaur, M|item
|poke|p2|Bronzong|item
|poke|p2|Pelipper, F|item
|poke|p2|Camerupt, M|item
|rule|Swagger Clause: Swagger is banned
|rule|Baton Pass Clause: Limit one Baton Passer, can't pass Spe and other stats simultaneously
|teampreview
|c|★S poire|Bc
|c|★Mega-Amphi|je précise que c'est une NU
|j|SoulAndo
|c|★Mega-Amphi|Bonne chance !
|l|SoulAndo
|c|★S poire|Une NU
|choice|team 2, team 1, team 3, team 4, team 5, team 6|team 5, team 2, team 3, team 4, team 1, team 6
|
|start
|switch|p1a: Haunter|Haunter, F, shiny|231\/231
|switch|p2a: BEKIPANAY|Pelipper, F|324\/324
|turn|1
|choice|move shadowball|move scald
|
|move|p1a: Haunter|Shadow Ball|p2a: BEKIPANAY
|-damage|p2a: BEKIPANAY|97\/324
|-damage|p1a: Haunter|208\/231|[from] item: Life Orb
|move|p2a: BEKIPANAY|Scald|p1a: Haunter
|-damage|p1a: Haunter|96\/231
|
|-heal|p2a: BEKIPANAY|117\/324|[from] item: Leftovers
|upkeep
|turn|2
|c|★S poire|:F
|choice|move shadowball|switch 3
|
|switch|p2a: BIZZAR|Venusaur, M|301\/301
|move|p1a: Haunter|Shadow Ball|p2a: BIZZAR
|-damage|p2a: BIZZAR|168\/301
|-damage|p1a: Haunter|73\/231|[from] item: Life Orb
|
|-heal|p2a: BIZZAR|186\/301|[from] item: Leftovers
|upkeep
|turn|3
|c|★Mega-Amphi|j'ai pas de team RU ;)
|c|★S poire|Tu pouvais prendre la mienne sur pks
|c|★Mega-Amphi|c'est le seul tier principal où j'ai pas encore de team
|choice|move shadowball|move leechseed
|
|move|p1a: Haunter|Shadow Ball|p2a: BIZZAR
|-damage|p2a: BIZZAR|69\/301
|-damage|p1a: Haunter|50\/231|[from] item: Life Orb
|move|p2a: BIZZAR|Leech Seed|p1a: Haunter
|-start|p1a: Haunter|move: Leech Seed
|
|-heal|p2a: BIZZAR|87\/301|[from] item: Leftovers
|-damage|p1a: Haunter|22\/231|[from] Leech Seed|[of] p2a: BIZZAR
|-heal|p2a: BIZZAR|115\/301|[silent]
|upkeep
|turn|4
|c|★Mega-Amphi|merci, pas pour un tournoi ^^
|choice|switch 6|move protect
|
|switch|p1a: Charizard|Charizard, M|297\/297
|move|p2a: BIZZAR|Protect|p2a: BIZZAR
|-fail|p2a: BIZZAR
|
|-heal|p2a: BIZZAR|133\/301|[from] item: Leftovers
|upkeep
|turn|5
|c|★S poire|^^
|c|★Mega-Amphi|j'ai déjà perdu en tournoi contre 2 personnes qui avaient copié des teams et ont au final remporté le tournoi
|choice|move flamethrower|switch 3
|
|switch|p2a: BEKIPANAY|Pelipper, F|117\/324
|move|p1a: Charizard|Flamethrower|p2a: BEKIPANAY
|-resisted|p2a: BEKIPANAY
|-damage|p2a: BEKIPANAY|0 fnt
|-damage|p1a: Charizard|268\/297|[from] item: Life Orb
|faint|p2a: BEKIPANAY
|
|upkeep
|c|★Mega-Amphi|et en finale en +
|c|★S poire|:\/
|c|★S poire|Tu penses a glacio?
|choice||switch 6
|
|switch|p2a: CHAMALOW|Camerupt, M|343\/343
|turn|6
|c|★Mega-Amphi|je n'ai pas de preuve contre Glacio
|c|★Mega-Amphi|mais tt le monde l'accusait autour
|c|★S poire|Glacio c'était ça team
|c|★Mega-Amphi|donc jsp
|c|★Mega-Amphi|après j'ai été fair play avec lui lors de cette finale ;)
|choice|move airslash|move ancientpower mega
|
|detailschange|p2a: CHAMALOW|Camerupt-Mega, M
|-mega|p2a: CHAMALOW|Camerupt|Cameruptite
|move|p1a: Charizard|Air Slash|p2a: CHAMALOW
|-damage|p2a: CHAMALOW|203\/343
|-damage|p1a: Charizard|239\/297|[from] item: Life Orb
|move|p2a: CHAMALOW|Ancient Power|p1a: Charizard
|-supereffective|p1a: Charizard
|-damage|p1a: Charizard|0 fnt
|faint|p1a: Charizard
|
|upkeep
|c|★S poire|Moi pour les finales j'en ai gagner 2 ici
|choice|switch 2|
|
|switch|p1a: Electivire|Electivire, F|291\/291
|turn|7
|c|★S poire|Une en monotype
|l|S poire
|player|p2
|c|★Mega-Amphi|je t'attends tkt
|j|S poire
|player|p2|S poire|112
|choice|move earthquake|move earthpower
|
|move|p1a: Electivire|Earthquake|p2a: CHAMALOW
|-supereffective|p2a: CHAMALOW
|-damage|p2a: CHAMALOW|0 fnt
|-damage|p1a: Electivire|262\/291|[from] item: Life Orb
|faint|p2a: CHAMALOW
|
|upkeep
|choice||switch 3
|
|switch|p2a: BIZZAR|Venusaur, M|133\/301
|turn|8
|choice|move firepunch|move leechseed
|
|move|p1a: Electivire|Fire Punch|p2a: BIZZAR
|-supereffective|p2a: BIZZAR
|-damage|p2a: BIZZAR|0 fnt
|-damage|p1a: Electivire|233\/291|[from] item: Life Orb
|faint|p2a: BIZZAR
|
|upkeep
|c|★S poire|Aye
|choice||switch 2
|
|switch|p2a: COUD PIED|Hitmonlee, M|244\/244
|turn|9
|choice|move thunderpunch|move highjumpkick
|
|move|p2a: COUD PIED|High Jump Kick|p1a: Electivire
|-damage|p1a: Electivire|0 fnt
|faint|p1a: Electivire
|
|upkeep
|choice|switch 6|
|
|switch|p1a: Haunter|Haunter, F, shiny|22\/231
|turn|10
|choice|move dazzlinggleam|move knockoff
|
|move|p1a: Haunter|Dazzling Gleam|p2a: COUD PIED
|-supereffective|p2a: COUD PIED
|-damage|p2a: COUD PIED|49\/244
|-enditem|p2a: COUD PIED|Sitrus Berry|[eat]
|-heal|p2a: COUD PIED|110\/244|[from] item: Sitrus Berry
|-damage|p1a: Haunter|0 fnt|[from] item: Life Orb
|faint|p1a: Haunter
|move|p2a: COUD PIED|Knock Off|p1: Haunter|[notarget]
|-notarget
|
|upkeep
|choice|switch 5|
|
|switch|p1a: Claydol|Claydol, shiny|294\/294
|turn|11
|l|S poire
|player|p2
|j|S poire
|player|p2|S poire|112
|choice|move dazzlinggleam|move highjumpkick
|
|move|p2a: COUD PIED|High Jump Kick|p1a: Claydol
|-resisted|p1a: Claydol
|-damage|p1a: Claydol|207\/294
|move|p1a: Claydol|Dazzling Gleam|p2a: COUD PIED
|-supereffective|p2a: COUD PIED
|-crit|p2a: COUD PIED
|-damage|p2a: COUD PIED|0 fnt
|faint|p2a: COUD PIED
|
|-heal|p1a: Claydol|225\/294|[from] item: Leftovers
|upkeep
|c|★S poire|Bon gg
|choice||switch 5
|
|switch|p2a: VOLTAJ|Jolteon, M|271\/271
|turn|12
|c|★Mega-Amphi|pk tu tentes une atk combat alors que t'as knock off ?
|choice|move earthpower|move shadowball
|
|move|p2a: VOLTAJ|Shadow Ball|p1a: Claydol
|-supereffective|p1a: Claydol
|-damage|p1a: Claydol|3\/294
|move|p1a: Claydol|Earth Power|p2a: VOLTAJ
|-supereffective|p2a: VOLTAJ
|-damage|p2a: VOLTAJ|79\/271
|
|-heal|p1a: Claydol|21\/294|[from] item: Leftovers
|upkeep
|turn|13
|c|★S poire|J'ai miss click
|choice|move earthpower|move shadowball
|
|move|p2a: VOLTAJ|Shadow Ball|p1a: Claydol
|-supereffective|p1a: Claydol
|-damage|p1a: Claydol|0 fnt
|faint|p1a: Claydol
|
|upkeep
|choice|switch 3|
|
|switch|p1a: Klinklang|Klinklang, shiny|281\/281
|turn|14
|choice|move substitute|switch 4
|
|switch|p2a: MIROIR|Bronzong|337\/337
|move|p1a: Klinklang|Substitute|p1a: Klinklang
|-start|p1a: Klinklang|Substitute
|-damage|p1a: Klinklang|211\/281
|
|-heal|p1a: Klinklang|228\/281|[from] item: Leftovers
|upkeep
|turn|15
|c|★S poire|Bon gg
|c|★S poire|Je suis nul
|-message|S poire forfeited.
|
|win|Mega-Amphi
|player|p1
|player|p2
|c|★Mega-Amphi|t'es pas nul
|c|★Mega-Amphi|c'est moi qui suis fort (humour)
|c|★S poire|X)
|l|S poire</script>
</div>
<div class="battle-log battle-log-inline"><div class="inner"><div class="battle-options"></div><div class="inner"><div class="chat"><small>Mega-Amphi joined.</small></div><div class="chat"><small>S poire joined.</small></div><div class=""><small>Format:</small> <br><strong>RU</strong></div><div class=""><small><em>Sleep Clause Mod:</em> Limit one foe put to sleep</small></div><div class=""><small><em>Species Clause:</em> Limit one of each Pokémon</small></div><div class=""><small><em>OHKO Clause:</em> OHKO moves are banned</small></div><div class=""><small><em>Moody Clause:</em> Moody is banned</small></div><div class=""><small><em>Evasion Moves Clause:</em> Evasion moves are banned</small></div><div class=""><small><em>Endless Battle Clause:</em> Forcing endless battles is banned</small></div><div class=""><small><em>HP Percentage Mod:</em> HP is shown in percentages</small></div><div class=""><small><em>Swagger Clause:</em> Swagger is banned</small></div><div class=""><small><em>Baton Pass Clause:</em> Limit one Baton Passer, can't pass Spe and other stats simultaneously</small></div><div class="chat battle-history"><strong>Mega-Amphi's team:</strong> <em style="color:#445566;display:block;">Electivire / Haunter / Klinklang / Malamar / Claydol / Charizard</em></div><div class="chat battle-history"><strong>S poire's team:</strong> <em style="color:#445566;display:block;">Jolteon / Hitmonlee / Venusaur / Bronzong / Pelipper / Camerupt</em></div><div class="chat chatmessage-spoire"><strong style="color:hsl(89,69%,37.89835537493884%)"><small>★</small><span class="username" data-name="S poire">S poire</span>:</strong> <em>Bc</em></div><div class="chat chatmessage-megaamphi"><strong style="color:hsl(233,75%,62.33452545163854%)"><small>★</small><span class="username" data-name="Mega-Amphi">Mega-Amphi</span>:</strong> <em>je précise que c'est une NU</em></div><div class="chat"><small>SoulAndo joined.</small></div><div class="chat chatmessage-megaamphi"><strong style="color:hsl(233,75%,62.33452545163854%)"><small>★</small><span class="username" data-name="Mega-Amphi">Mega-Amphi</span>:</strong> <em>Bonne chance !</em></div><div class="chat"><small>SoulAndo left.</small></div><div class="chat chatmessage-spoire"><strong style="color:hsl(89,69%,37.89835537493884%)"><small>★</small><span class="username" data-name="S poire">S poire</span>:</strong> <em>Une NU</em></div><div class="spacer battle-history"><br></div><div class="battle-history">Battle started between Mega-Amphi and S poire!<br></div><div class="spacer battle-history"><br></div><div class="battle-history">Go! <strong>Haunter</strong>!<br></div><div class="spacer battle-history"><br></div><div class="battle-history">S poire sent out BEKIPANAY (<strong>Pelipper</strong>)!<br></div><div class="spacer battle-history"><br></div><h2 class="battle-history">Turn 1</h2><div class="spacer battle-history"><br></div><div class="battle-history">Haunter used <strong>Shadow Ball</strong>!<br></div><div class="battle-history"><small>(The opposing BEKIPANAY lost <abbr title="−227/324">70.1%</abbr> of its health!)</small><br></div><div class="battle-history"><small>Haunter lost some of its HP!</small><br></div><div class="spacer battle-history"><br></div><div class="battle-history">The opposing BEKIPANAY used <strong>Scald</strong>!<br></div><div class="battle-history"><small>(Haunter lost <abbr title="−112/231">48.5%</abbr> of its health!)</small><br></div><div class="spacer battle-history"><br></div><div class="battle-history"><small>The opposing BEKIPANAY restored a little HP using its Leftovers!</small><br></div><div class="spacer battle-history"><br></div><h2 class="battle-history">Turn 2</h2><div class="chat chatmessage-spoire"><strong style="color:hsl(89,69%,37.89835537493884%)"><small>★</small><span class="username" data-name="S poire">S poire</span>:</strong> <em>:F</em></div><div class="spacer battle-history"><br></div><div class="battle-history">S poire withdrew BEKIPANAY!<br></div><div class="battle-history">S poire sent out BIZZAR (<strong>Venusaur</strong>)!<br></div><div class="spacer battle-history"><br></div><div class="battle-history">Haunter used <strong>Shadow Ball</strong>!<br></div><div class="battle-history"><small>(The opposing BIZZAR lost <abbr title="−133/301">44.2%</abbr> of its health!)</small><br></div><div class="battle-history"><small>Haunter lost some of its HP!</small><br></div><div class="spacer battle-history"><br></div><div class="battle-history"><small>The opposing BIZZAR restored a little HP using its Leftovers!</small><br></div><div class="spacer battle-history"><br></div><h2 class="battle-history">Turn 3</h2><div class="chat chatmessage-megaamphi"><strong style="color:hsl(233,75%,62.33452545163854%)"><small>★</small><span class="username" data-name="Mega-Amphi">Mega-Amphi</span>:</strong> <em>j'ai pas de team RU ;)</em></div><div class="chat chatmessage-spoire"><strong style="color:hsl(89,69%,37.89835537493884%)"><small>★</small><span class="username" data-name="S poire">S poire</span>:</strong> <em>Tu pouvais prendre la mienne sur pks</em></div><div class="chat chatmessage-megaamphi"><strong style="color:hsl(233,75%,62.33452545163854%)"><small>★</small><span class="username" data-name="Mega-Amphi">Mega-Amphi</span>:</strong> <em>c'est le seul tier principal où j'ai pas encore de team</em></div><div class="spacer battle-history"><br></div><div class="battle-history">Haunter used <strong>Shadow Ball</strong>!<br></div><div class="battle-history"><small>(The opposing BIZZAR lost <abbr title="−117/301">38.9%</abbr> of its health!)</small><br></div><div class="battle-history"><small>Haunter lost some of its HP!</small><br></div><div class="spacer battle-history"><br></div><div class="battle-history">The opposing BIZZAR used <strong>Leech Seed</strong>!<br></div><div class="battle-history"><small>Haunter was seeded!</small><br></div><div class="spacer battle-history"><br></div><div class="battle-history"><small>The opposing BIZZAR restored a little HP using its Leftovers!</small><br></div><div class="battle-history"><small>Haunter's health is sapped by Leech Seed!</small><br></div><div class="spacer battle-history"><br></div><h2 class="battle-history">Turn 4</h2><div class="chat chatmessage-megaamphi"><strong style="color:hsl(233,75%,62.33452545163854%)"><small>★</small><span class="username" data-name="Mega-Amphi">Mega-Amphi</span>:</strong> <em>merci, pas pour un tournoi ^^</em></div><div class="spacer battle-history"><br></div><div class="battle-history">Haunter, come back!<br></div><div class="battle-history">Go! <strong>Charizard</strong>!<br></div><div class="spacer battle-history"><br></div><div class="battle-history">The opposing BIZZAR used <strong>Protect</strong>!<br></div><div class="battle-history"><small>But it failed!</small><br></div><div class="spacer battle-history"><br></div><div class="battle-history"><small>The opposing BIZZAR restored a little HP using its Leftovers!</small><br></div><div class="spacer battle-history"><br></div><h2 class="battle-history">Turn 5</h2><div class="chat chatmessage-spoire"><strong style="color:hsl(89,69%,37.89835537493884%)"><small>★</small><span class="username" data-name="S poire">S poire</span>:</strong> <em>^^</em></div><div class="chat chatmessage-megaamphi"><strong style="color:hsl(233,75%,62.33452545163854%)"><small>★</small><span class="username" data-name="Mega-Amphi">Mega-Amphi</span>:</strong> <em>j'ai déjà perdu en tournoi contre 2 personnes qui avaient copié des teams et ont au final remporté le tournoi</em></div><div class="spacer battle-history"><br></div><div class="battle-history">S poire withdrew BIZZAR!<br></div><div class="battle-history">S poire sent out BEKIPANAY (<strong>Pelipper</strong>)!<br></div><div class="spacer battle-history"><br></div><div class="battle-history">Charizard used <strong>Flamethrower</strong>!<br></div><div class="battle-history"><small>It's not very effective...</small><br></div><div class="battle-history"><small>(The opposing BEKIPANAY lost <abbr title="−117/324">36.1%</abbr> of its health!)</small><br></div><div class="battle-history"><small>Charizard lost some of its HP!</small><br></div><div class="spacer battle-history"><br></div><div class="battle-history">The opposing BEKIPANAY fainted!<br></div><div class="chat chatmessage-megaamphi"><strong style="color:hsl(233,75%,62.33452545163854%)"><small>★</small><span class="username" data-name="Mega-Amphi">Mega-Amphi</span>:</strong> <em>et en finale en +</em></div><div class="chat chatmessage-spoire"><strong style="color:hsl(89,69%,37.89835537493884%)"><small>★</small><span class="username" data-name="S poire">S poire</span>:</strong> <em>:/</em></div><div class="chat chatmessage-spoire"><strong style="color:hsl(89,69%,37.89835537493884%)"><small>★</small><span class="username" data-name="S poire">S poire</span>:</strong> <em>Tu penses a glacio?</em></div><div class="spacer battle-history"><br></div><div class="battle-history">S poire sent out CHAMALOW (<strong>Camerupt</strong>)!<br></div><div class="spacer battle-history"><br></div><h2 class="battle-history">Turn 6</h2><div class="chat chatmessage-megaamphi"><strong style="color:hsl(233,75%,62.33452545163854%)"><small>★</small><span class="username" data-name="Mega-Amphi">Mega-Amphi</span>:</strong> <em>je n'ai pas de preuve contre Glacio</em></div><div class="chat chatmessage-megaamphi"><strong style="color:hsl(233,75%,62.33452545163854%)"><small>★</small><span class="username" data-name="Mega-Amphi">Mega-Amphi</span>:</strong> <em>mais tt le monde l'accusait autour</em></div><div class="chat chatmessage-spoire"><strong style="color:hsl(89,69%,37.89835537493884%)"><small>★</small><span class="username" data-name="S poire">S poire</span>:</strong> <em>Glacio c'était ça team</em></div><div class="chat chatmessage-megaamphi"><strong style="color:hsl(233,75%,62.33452545163854%)"><small>★</small><span class="username" data-name="Mega-Amphi">Mega-Amphi</span>:</strong> <em>donc jsp</em></div><div class="chat chatmessage-megaamphi"><strong style="color:hsl(233,75%,62.33452545163854%)"><small>★</small><span class="username" data-name="Mega-Amphi">Mega-Amphi</span>:</strong> <em>après j'ai été fair play avec lui lors de cette finale ;)</em></div><div class="spacer battle-history"><br></div><div class="battle-history"><small>The opposing CHAMALOW's Cameruptite is reacting to S poire's Mega Bracelet!</small><br>The opposing CHAMALOW has Mega Evolved into Mega Camerupt!<br></div><div class="spacer battle-history"><br></div><div class="battle-history">Charizard used <strong>Air Slash</strong>!<br></div><div class="battle-history"><small>(The opposing CHAMALOW lost <abbr title="−140/343">40.8%</abbr> of its health!)</small><br></div><div class="battle-history"><small>Charizard lost some of its HP!</small><br></div><div class="spacer battle-history"><br></div><div class="battle-history">The opposing CHAMALOW used <strong>Ancient Power</strong>!<br></div><div class="battle-history"><small>It's super effective!</small><br></div><div class="battle-history"><small>(Charizard lost <abbr title="−239/297">80.5%</abbr> of its health!)</small><br></div><div class="spacer battle-history"><br></div><div class="battle-history">Charizard fainted!<br></div><div class="chat chatmessage-spoire"><strong style="color:hsl(89,69%,37.89835537493884%)"><small>★</small><span class="username" data-name="S poire">S poire</span>:</strong> <em>Moi pour les finales j'en ai gagner 2 ici</em></div><div class="spacer battle-history"><br></div><div class="battle-history">Go! <strong>Electivire</strong>!<br></div><div class="spacer battle-history"><br></div><h2 class="battle-history">Turn 7</h2><div class="chat chatmessage-spoire"><strong style="color:hsl(89,69%,37.89835537493884%)"><small>★</small><span class="username" data-name="S poire">S poire</span>:</strong> <em>Une en monotype</em></div><div class="chat"><small>S poire left.</small></div><div class="chat chatmessage-megaamphi"><strong style="color:hsl(233,75%,62.33452545163854%)"><small>★</small><span class="username" data-name="Mega-Amphi">Mega-Amphi</span>:</strong> <em>je t'attends tkt</em></div><div class="chat"><small>S poire joined.</small></div><div class="spacer battle-history"><br></div><div class="battle-history">Electivire used <strong>Earthquake</strong>!<br></div><div class="battle-history"><small>It's super effective!</small><br></div><div class="battle-history"><small>(The opposing CHAMALOW lost <abbr title="−203/343">59.2%</abbr> of its health!)</small><br></div><div class="battle-history"><small>Electivire lost some of its HP!</small><br></div><div class="spacer battle-history"><br></div><div class="battle-history">The opposing CHAMALOW fainted!<br></div><div class="spacer battle-history"><br></div><div class="battle-history">S poire sent out BIZZAR (<strong>Venusaur</strong>)!<br></div><div class="spacer battle-history"><br></div><h2 class="battle-history">Turn 8</h2><div class="spacer battle-history"><br></div><div class="battle-history">Electivire used <strong>Fire Punch</strong>!<br></div><div class="battle-history"><small>It's super effective!</small><br></div><div class="battle-history"><small>(The opposing BIZZAR lost <abbr title="−133/301">44.2%</abbr> of its health!)</small><br></div><div class="battle-history"><small>Electivire lost some of its HP!</small><br></div><div class="spacer battle-history"><br></div><div class="battle-history">The opposing BIZZAR fainted!<br></div><div class="chat chatmessage-spoire"><strong style="color:hsl(89,69%,37.89835537493884%)"><small>★</small><span class="username" data-name="S poire">S poire</span>:</strong> <em>Aye</em></div><div class="spacer battle-history"><br></div><div class="battle-history">S poire sent out COUD PIED (<strong>Hitmonlee</strong>)!<br></div><div class="spacer battle-history"><br></div><h2 class="battle-history">Turn 9</h2><div class="spacer battle-history"><br></div><div class="battle-history">The opposing COUD PIED used <strong>High Jump Kick</strong>!<br></div><div class="battle-history"><small>(Electivire lost <abbr title="−233/291">80.1%</abbr> of its health!)</small><br></div><div class="spacer battle-history"><br></div><div class="battle-history">Electivire fainted!<br></div><div class="spacer battle-history"><br></div><div class="battle-history">Go! <strong>Haunter</strong>!<br></div><div class="spacer battle-history"><br></div><h2 class="battle-history">Turn 10</h2><div class="spacer battle-history"><br></div><div class="battle-history">Haunter used <strong>Dazzling Gleam</strong>!<br></div><div class="battle-history"><small>It's super effective!</small><br></div><div class="battle-history"><small>(The opposing COUD PIED lost <abbr title="−195/244">79.9%</abbr> of its health!)</small><br></div><div class="battle-history"><small>The opposing COUD PIED ate its Sitrus Berry!</small><br></div><div class="battle-history"><small>The opposing COUD PIED restored HP using its Sitrus Berry!</small><br></div><div class="battle-history"><small>Haunter lost some of its HP!</small><br></div><div class="spacer battle-history"><br></div><div class="battle-history">Haunter fainted!<br></div><div class="battle-history">The opposing COUD PIED used <strong>Knock Off</strong>!<br></div><div class="battle-history"><small>But there was no target...</small><br></div><div class="spacer battle-history"><br></div><div class="battle-history">Go! <strong>Claydol</strong>!<br></div><div class="spacer battle-history"><br></div><h2 class="battle-history">Turn 11</h2><div class="chat"><small>S poire left.</small></div><div class="chat"><small>S poire joined.</small></div><div class="spacer battle-history"><br></div><div class="battle-history">The opposing COUD PIED used <strong>High Jump Kick</strong>!<br></div><div class="battle-history"><small>It's not very effective...</small><br></div><div class="battle-history"><small>(Claydol lost <abbr title="−87/294">29.6%</abbr> of its health!)</small><br></div><div class="spacer battle-history"><br></div><div class="battle-history">Claydol used <strong>Dazzling Gleam</strong>!<br></div><div class="battle-history"><small>It's super effective!</small><br></div><div class="battle-history"><small>A critical hit!</small><br></div><div class="battle-history"><small>(The opposing COUD PIED lost <abbr title="−110/244">45.1%</abbr> of its health!)</small><br></div><div class="spacer battle-history"><br></div><div class="battle-history">The opposing COUD PIED fainted!<br></div><div class="spacer battle-history"><br></div><div class="battle-history"><small>Claydol restored a little HP using its Leftovers!</small><br></div><div class="chat chatmessage-spoire"><strong style="color:hsl(89,69%,37.89835537493884%)"><small>★</small><span class="username" data-name="S poire">S poire</span>:</strong> <em>Bon gg</em></div><div class="spacer battle-history"><br></div><div class="battle-history">S poire sent out VOLTAJ (<strong>Jolteon</strong>)!<br></div><div class="spacer battle-history"><br></div><h2 class="battle-history">Turn 12</h2><div class="chat chatmessage-megaamphi"><strong style="color:hsl(233,75%,62.33452545163854%)"><small>★</small><span class="username" data-name="Mega-Amphi">Mega-Amphi</span>:</strong> <em>pk tu tentes une atk combat alors que t'as knock off ?</em></div><div class="spacer battle-history"><br></div><div class="battle-history">The opposing VOLTAJ used <strong>Shadow Ball</strong>!<br></div><div class="battle-history"><small>It's super effective!</small><br></div><div class="battle-history"><small>(Claydol lost <abbr title="−222/294">75.5%</abbr> of its health!)</small><br></div><div class="spacer battle-history"><br></div><div class="battle-history">Claydol used <strong>Earth Power</strong>!<br></div><div class="battle-history"><small>It's super effective!</small><br></div><div class="battle-history"><small>(The opposing VOLTAJ lost <abbr title="−192/271">70.8%</abbr> of its health!)</small><br></div><div class="spacer battle-history"><br></div><div class="battle-history"><small>Claydol restored a little HP using its Leftovers!</small><br></div><div class="spacer battle-history"><br></div><h2 class="battle-history">Turn 13</h2><div class="chat chatmessage-spoire"><strong style="color:hsl(89,69%,37.89835537493884%)"><small>★</small><span class="username" data-name="S poire">S poire</span>:</strong> <em>J'ai miss click</em></div><div class="spacer battle-history"><br></div><div class="battle-history">The opposing VOLTAJ used <strong>Shadow Ball</strong>!<br></div><div class="battle-history"><small>It's super effective!</small><br></div><div class="battle-history"><small>(Claydol lost <abbr title="−21/294">7.1%</abbr> of its health!)</small><br></div><div class="spacer battle-history"><br></div><div class="battle-history">Claydol fainted!<br></div><div class="spacer battle-history"><br></div><div class="battle-history">Go! <strong>Klinklang</strong>!<br></div><div class="spacer battle-history"><br></div><h2 class="battle-history">Turn 14</h2><div class="spacer battle-history"><br></div><div class="battle-history">S poire withdrew VOLTAJ!<br></div><div class="battle-history">S poire sent out MIROIR (<strong>Bronzong</strong>)!<br></div><div class="spacer battle-history"><br></div><div class="battle-history">Klinklang used <strong>Substitute</strong>!<br></div><div class="battle-history"><small>Klinklang put in a substitute!</small><br></div><div class="battle-history"><small>(Klinklang lost <abbr title="−70/281">24.9%</abbr> of its health!)</small><br></div><div class="spacer battle-history"><br></div><div class="battle-history"><small>Klinklang restored a little HP using its Leftovers!</small><br></div><div class="spacer battle-history"><br></div><h2 class="battle-history">Turn 15</h2><div class="chat chatmessage-spoire"><strong style="color:hsl(89,69%,37.89835537493884%)"><small>★</small><span class="username" data-name="S poire">S poire</span>:</strong> <em>Bon gg</em></div><div class="chat chatmessage-spoire"><strong style="color:hsl(89,69%,37.89835537493884%)"><small>★</small><span class="username" data-name="S poire">S poire</span>:</strong> <em>Je suis nul</em></div><div class="spacer battle-history"><br></div><div class="battle-history"><small>S poire forfeited.</small><br></div><div class="spacer battle-history"><br></div><div class="battle-history"><strong>Mega-Amphi</strong> won the battle!<br></div><div class="chat chatmessage-megaamphi"><strong style="color:hsl(233,75%,62.33452545163854%)"><small>★</small><span class="username" data-name="Mega-Amphi">Mega-Amphi</span>:</strong> <em>t'es pas nul</em></div><div class="chat chatmessage-megaamphi"><strong style="color:hsl(233,75%,62.33452545163854%)"><small>★</small><span class="username" data-name="Mega-Amphi">Mega-Amphi</span>:</strong> <em>c'est moi qui suis fort (humour)</em></div><div class="chat chatmessage-spoire"><strong style="color:hsl(89,69%,37.89835537493884%)"><small>★</small><span class="username" data-name="S poire">S poire</span>:</strong> <em>X)</em></div><div class="chat"><small>S poire left.</small></div></div><div class="inner-preempt"></div></div></div>
</div>
<script>
let daily = Math.floor(Date.now()/1000/60/60/24);document.write('<script src="https://play.pokemonshowdown.com/js/replay-embed.js?version'+daily+'"></'+'script>');
</script>
