<!DOCTYPE html>
<meta charset="utf-8" />
<!-- version 1 -->
<title>RU replay: byronthewellwell vs. Be El Be</title>
<style>
html,body {font-family:Verdana, sans-serif;font-size:10pt;margin:0;padding:0;}body{padding:12px 0;} .battle-log {font-family:Verdana, sans-serif;font-size:10pt;} .battle-log-inline {border:1px solid #AAAAAA;background:#EEF2F5;color:black;max-width:640px;margin:0 auto 80px;padding-bottom:5px;} .battle-log .inner {padding:4px 8px 0px 8px;} .battle-log .inner-preempt {padding:0 8px 4px 8px;} .battle-log .inner-after {margin-top:0.5em;} .battle-log h2 {margin:0.5em -8px;padding:4px 8px;border:1px solid #AAAAAA;background:#E0E7EA;border-left:0;border-right:0;font-family:Verdana, sans-serif;font-size:13pt;} .battle-log .chat {vertical-align:middle;padding:3px 0 3px 0;font-size:8pt;} .battle-log .chat strong {color:#40576A;} .battle-log .chat em {padding:1px 4px 1px 3px;color:#000000;font-style:normal;} .chat.mine {background:rgba(0,0,0,0.05);margin-left:-8px;margin-right:-8px;padding-left:8px;padding-right:8px;} .spoiler {color:#BBBBBB;background:#BBBBBB;padding:0px 3px;} .spoiler:hover, .spoiler:active, .spoiler-shown {color:#000000;background:#E2E2E2;padding:0px 3px;} .spoiler a {color:#BBBBBB;} .spoiler:hover a, .spoiler:active a, .spoiler-shown a {color:#2288CC;} .chat code, .chat .spoiler:hover code, .chat .spoiler:active code, .chat .spoiler-shown code {border:1px solid #C0C0C0;background:#EEEEEE;color:black;padding:0 2px;} .chat .spoiler code {border:1px solid #CCCCCC;background:#CCCCCC;color:#CCCCCC;} .battle-log .rated {padding:3px 4px;} .battle-log .rated strong {color:white;background:#89A;padding:1px 4px;border-radius:4px;} .spacer {margin-top:0.5em;} .message-announce {background:#6688AA;color:white;padding:1px 4px 2px;} .message-announce a, .broadcast-green a, .broadcast-blue a, .broadcast-red a {color:#DDEEFF;} .broadcast-green {background-color:#559955;color:white;padding:2px 4px;} .broadcast-blue {background-color:#6688AA;color:white;padding:2px 4px;} .infobox {border:1px solid #6688AA;padding:2px 4px;} .infobox-limited {max-height:200px;overflow:auto;overflow-x:hidden;} .broadcast-red {background-color:#AA5544;color:white;padding:2px 4px;} .message-learn-canlearn {font-weight:bold;color:#228822;text-decoration:underline;} .message-learn-cannotlearn {font-weight:bold;color:#CC2222;text-decoration:underline;} .message-effect-weak {font-weight:bold;color:#CC2222;} .message-effect-resist {font-weight:bold;color:#6688AA;} .message-effect-immune {font-weight:bold;color:#666666;} .message-learn-list {margin-top:0;margin-bottom:0;} .message-throttle-notice, .message-error {color:#992222;} .message-overflow, .chat small.message-overflow {font-size:0pt;} .message-overflow::before {font-size:9pt;content:'...';} .subtle {color:#3A4A66;}
</style>
<div class="wrapper replay-wrapper" style="max-width:1180px;margin:0 auto">
<input type="hidden" name="replayid" value="ru-572790226" />
<div class="battle"></div><div class="battle-log"></div><div class="replay-controls"></div><div class="replay-controls-2"></div>
<h1 style="font-weight:normal;text-align:center"><strong>RU</strong><br /><a href="http://pokemonshowdown.com/users/byronthewellwell" class="subtle" target="_blank">byronthewellwell</a> vs. <a href="http://pokemonshowdown.com/users/beelbe" class="subtle" target="_blank">Be El Be</a></h1>
<script type="text/plain" class="battle-log-data">|j|byronthewellwell
|j|Be El Be
|player|p1|byronthewellwell|1
|player|p2|Be El Be|1
|gametype|singles
|gen|6
|tier|RU
|seed|34584,53052,46221,18238
|rule|Sleep Clause Mod: Limit one foe put to sleep
|rule|Species Clause: Limit one of each Pokémon
|rule|OHKO Clause: OHKO moves are banned
|rule|Moody Clause: Moody is banned
|rule|Evasion Moves Clause: Evasion moves are banned
|rule|Endless Battle Clause: Forcing endless battles is banned
|rule|HP Percentage Mod: HP is shown in percentages
|clearpoke
|poke|p1|Flygon, F|item
|poke|p1|Magneton|item
|poke|p1|Diancie|item
|poke|p1|Slowking, M|item
|poke|p1|Venusaur, F|item
|poke|p1|Scyther, F, shiny|item
|poke|p2|Rhyperior, F|item
|poke|p2|Uxie|item
|poke|p2|Drapion, M|item
|poke|p2|Blastoise, M|item
|poke|p2|Jolteon, F|item
|poke|p2|Venusaur, M|item
|rule|Swagger Clause: Swagger is banned
|rule|Baton Pass Clause: Limit one Baton Passer, can't pass Spe and other stats simultaneously
|teampreview
|c|☆byronthewellwell|just close your eyes
|c|☆byronthewellwell|and ill take the timer win
|c|☆Be El Be|so bright meanie
|c|☆Be El Be|im turning off animations
|c|☆byronthewellwell|wow
|choice|team 4, team 2, team 3, team 1, team 5, team 6|team 5, team 2, team 3, team 4, team 1, team 6
|
|start
|switch|p1a: Slowking|Slowking, M|394\/394
|switch|p2a: Jolteon|Jolteon, F|271\/271
|turn|1
|c|☆byronthewellwell|haha it looks autistic without animations
|choice|switch 5|move voltswitch
|
|switch|p1a: Venusaur|Venusaur, F|364\/364
|move|p2a: Jolteon|Volt Switch|p1a: Venusaur
|-resisted|p1a: Venusaur
|-damage|p1a: Venusaur|288\/364
|choice||switch 2
|
|switch|p2a: Uxie|Uxie|354\/354
|
|-heal|p1a: Venusaur|310\/364|[from] item: Black Sludge
|upkeep
|turn|2
|c|☆Be El Be|beelbe
|c|☆Be El Be|beetle juice
|c|☆Be El Be|did you play for bw cup yet
|c|☆Be El Be|bw ru*
|c|☆byronthewellwell|yeah
|c|☆byronthewellwell|i haxed someone really good
|c|☆byronthewellwell|it was enjoyable
|choice|move leechseed|move stealthrock
|
|move|p2a: Uxie|Stealth Rock|p1a: Venusaur
|-sidestart|p1: byronthewellwell|move: Stealth Rock
|move|p1a: Venusaur|Leech Seed|p2a: Uxie|[miss]
|-miss|p1a: Venusaur|p2a: Uxie
|
|-heal|p1a: Venusaur|332\/364|[from] item: Black Sludge
|upkeep
|turn|3
|c|☆Be El Be|revenge
|c|☆Be El Be|for whoever you haxxx
|choice|switch 4|move knockoff
|
|switch|p1a: Flygon|Flygon, F|364\/364
|-damage|p1a: Flygon|342\/364|[from] Stealth Rock
|move|p2a: Uxie|Knock Off|p1a: Flygon
|-damage|p1a: Flygon|285\/364
|-enditem|p1a: Flygon|Leftovers|[from] move: Knock Off|[of] p2a: Uxie
|
|upkeep
|turn|4
|choice|move defog|move uturn
|
|move|p2a: Uxie|U-turn|p1a: Flygon
|-damage|p1a: Flygon|244\/364
|c|☆Be El Be|wtf
|choice||switch 4
|
|switch|p2a: Blastoise|Blastoise, M|362\/362
|move|p1a: Flygon|Defog|p2a: Blastoise
|-unboost|p2a: Blastoise|evasion|1
|-sideend|p1: byronthewellwell|Stealth Rock|[from] move: Defog|[of] p1a: Flygon
|
|upkeep
|turn|5
|choice|move uturn|move scald
|
|move|p1a: Flygon|U-turn|p2a: Blastoise
|-damage|p2a: Blastoise|322\/362
|c|☆Be El Be|burn
|choice|switch 5|
|
|switch|p1a: Slowking|Slowking, M|394\/394
|move|p2a: Blastoise|Scald|p1a: Slowking
|-resisted|p1a: Slowking
|-damage|p1a: Slowking|355\/394
|-status|p1a: Slowking|brn
|
|-heal|p2a: Blastoise|344\/362|[from] item: Leftovers
|-heal|p1a: Slowking|379\/394 brn|[from] item: Leftovers
|-damage|p1a: Slowking|330\/394 brn|[from] brn
|upkeep
|turn|6
|c|☆Be El Be|i can feel it
|choice|move thunderwave|switch 4
|
|switch|p2a: Uxie|Uxie|354\/354
|move|p1a: Slowking|Thunder Wave|p2a: Uxie
|-status|p2a: Uxie|par
|
|-heal|p1a: Slowking|354\/394 brn|[from] item: Leftovers
|-damage|p1a: Slowking|305\/394 brn|[from] brn
|upkeep
|turn|7
|choice|switch 5|move stealthrock
|
|switch|p1a: Flygon|Flygon, F|244\/364
|move|p2a: Uxie|Stealth Rock|p1a: Flygon
|-sidestart|p1: byronthewellwell|move: Stealth Rock
|
|upkeep
|turn|8
|c|☆byronthewellwell|wow what a fun metagame
|choice|move defog|move uturn
|
|move|p1a: Flygon|Defog|p2a: Uxie
|-unboost|p2a: Uxie|evasion|1
|-sideend|p1: byronthewellwell|Stealth Rock|[from] move: Defog|[of] p1a: Flygon
|move|p2a: Uxie|U-turn|p1a: Flygon
|-damage|p1a: Flygon|201\/364
|c|☆Be El Be|i liked oras ru
|choice||switch 6
|
|switch|p2a: Venusaur|Venusaur, M|364\/364
|
|upkeep
|turn|9
|c|☆Be El Be|i take that back
|choice|switch 4|move sludgebomb
|
|switch|p1a: Venusaur|Venusaur, F|332\/364
|move|p2a: Venusaur|Sludge Bomb|p1a: Venusaur
|-damage|p1a: Venusaur|229\/364
|
|-heal|p1a: Venusaur|251\/364|[from] item: Black Sludge
|upkeep
|turn|10
|c|☆Be El Be|it was o k
|c|☆byronthewellwell|lol this is cancer
|choice|move synthesis|move sludgebomb
|
|move|p2a: Venusaur|Sludge Bomb|p1a: Venusaur
|-damage|p1a: Venusaur|151\/364
|move|p1a: Venusaur|Synthesis|p1a: Venusaur
|-heal|p1a: Venusaur|333\/364
|
|-heal|p1a: Venusaur|355\/364|[from] item: Black Sludge
|upkeep
|turn|11
|c|☆Be El Be|regimola
|choice|move sludgebomb|move sludgebomb
|
|move|p2a: Venusaur|Sludge Bomb|p1a: Venusaur
|-damage|p1a: Venusaur|249\/364
|move|p1a: Venusaur|Sludge Bomb|p2a: Venusaur
|-damage|p2a: Venusaur|256\/364
|
|-heal|p2a: Venusaur|278\/364|[from] item: Black Sludge
|-heal|p1a: Venusaur|271\/364|[from] item: Black Sludge
|upkeep
|turn|12
|choice|move sludgebomb|move sludgebomb
|
|move|p2a: Venusaur|Sludge Bomb|p1a: Venusaur
|-damage|p1a: Venusaur|168\/364
|move|p1a: Venusaur|Sludge Bomb|p2a: Venusaur
|-damage|p2a: Venusaur|169\/364
|
|-heal|p2a: Venusaur|191\/364|[from] item: Black Sludge
|-heal|p1a: Venusaur|190\/364|[from] item: Black Sludge
|upkeep
|turn|13
|choice|move synthesis|move sludgebomb
|
|move|p2a: Venusaur|Sludge Bomb|p1a: Venusaur
|-damage|p1a: Venusaur|87\/364
|move|p1a: Venusaur|Synthesis|p1a: Venusaur
|-heal|p1a: Venusaur|269\/364
|
|-heal|p2a: Venusaur|213\/364|[from] item: Black Sludge
|-heal|p1a: Venusaur|291\/364|[from] item: Black Sludge
|upkeep
|turn|14
|choice|move sludgebomb|move synthesis
|
|move|p2a: Venusaur|Synthesis|p2a: Venusaur
|-heal|p2a: Venusaur|364\/364
|move|p1a: Venusaur|Sludge Bomb|p2a: Venusaur
|-damage|p2a: Venusaur|250\/364
|
|-heal|p2a: Venusaur|272\/364|[from] item: Black Sludge
|-heal|p1a: Venusaur|313\/364|[from] item: Black Sludge
|upkeep
|turn|15
|choice|move sludgebomb|move sludgebomb
|
|move|p2a: Venusaur|Sludge Bomb|p1a: Venusaur
|-damage|p1a: Venusaur|213\/364
|move|p1a: Venusaur|Sludge Bomb|p2a: Venusaur
|-damage|p2a: Venusaur|164\/364
|
|-heal|p2a: Venusaur|186\/364|[from] item: Black Sludge
|-heal|p1a: Venusaur|235\/364|[from] item: Black Sludge
|upkeep
|turn|16
|c|☆byronthewellwell|lol.
|c|☆Be El Be|dont be a hater byron
|choice|move sludgebomb|move synthesis
|
|move|p2a: Venusaur|Synthesis|p2a: Venusaur
|-heal|p2a: Venusaur|364\/364
|move|p1a: Venusaur|Sludge Bomb|p2a: Venusaur
|-damage|p2a: Venusaur|259\/364
|
|-heal|p2a: Venusaur|281\/364|[from] item: Black Sludge
|-heal|p1a: Venusaur|257\/364|[from] item: Black Sludge
|upkeep
|turn|17
|choice|move sludgebomb|move sludgebomb
|
|move|p2a: Venusaur|Sludge Bomb|p1a: Venusaur
|-damage|p1a: Venusaur|154\/364
|move|p1a: Venusaur|Sludge Bomb|p2a: Venusaur
|-damage|p2a: Venusaur|169\/364
|
|-heal|p2a: Venusaur|191\/364|[from] item: Black Sludge
|-heal|p1a: Venusaur|176\/364|[from] item: Black Sludge
|upkeep
|turn|18
|choice|move synthesis|move sludgebomb
|
|move|p2a: Venusaur|Sludge Bomb|p1a: Venusaur
|-damage|p1a: Venusaur|79\/364
|move|p1a: Venusaur|Synthesis|p1a: Venusaur
|-heal|p1a: Venusaur|261\/364
|
|-heal|p2a: Venusaur|213\/364|[from] item: Black Sludge
|-heal|p1a: Venusaur|283\/364|[from] item: Black Sludge
|upkeep
|turn|19
|choice|move sludgebomb|move synthesis
|
|move|p2a: Venusaur|Synthesis|p2a: Venusaur
|-heal|p2a: Venusaur|364\/364
|move|p1a: Venusaur|Sludge Bomb|p2a: Venusaur
|-damage|p2a: Venusaur|261\/364
|
|-heal|p2a: Venusaur|283\/364|[from] item: Black Sludge
|-heal|p1a: Venusaur|305\/364|[from] item: Black Sludge
|upkeep
|turn|20
|choice|switch 2|move sludgebomb
|
|switch|p1a: Magneton|Magneton|241\/241
|move|p2a: Venusaur|Sludge Bomb|p1a: Magneton
|-immune|p1a: Magneton|[msg]
|
|-heal|p2a: Venusaur|305\/364|[from] item: Black Sludge
|upkeep
|turn|21
|choice|move voltswitch|move synthesis
|
|move|p1a: Magneton|Volt Switch|p2a: Venusaur
|-resisted|p2a: Venusaur
|-crit|p2a: Venusaur
|-damage|p2a: Venusaur|167\/364
|choice|switch 2|
|
|switch|p1a: Venusaur|Venusaur, F|305\/364
|move|p2a: Venusaur|Synthesis|p2a: Venusaur
|-heal|p2a: Venusaur|349\/364
|
|-heal|p2a: Venusaur|364\/364|[from] item: Black Sludge
|-heal|p1a: Venusaur|327\/364|[from] item: Black Sludge
|upkeep
|turn|22
|c|☆byronthewellwell|played
|choice|move sludgebomb|move sludgebomb
|
|move|p2a: Venusaur|Sludge Bomb|p1a: Venusaur
|-damage|p1a: Venusaur|224\/364
|move|p1a: Venusaur|Sludge Bomb|p2a: Venusaur
|-damage|p2a: Venusaur|264\/364
|
|-heal|p2a: Venusaur|286\/364|[from] item: Black Sludge
|-heal|p1a: Venusaur|246\/364|[from] item: Black Sludge
|upkeep
|turn|23
|c|☆byronthewellwell|Minority - Today at 2:59 PM
|c|☆byronthewellwell|darkness personified would probably be my waifu
|c|☆byronthewellwell|hahaha
|choice|move sludgebomb|move sludgebomb
|
|move|p2a: Venusaur|Sludge Bomb|p1a: Venusaur
|-damage|p1a: Venusaur|140\/364
|move|p1a: Venusaur|Sludge Bomb|p2a: Venusaur
|-damage|p2a: Venusaur|189\/364
|
|-heal|p2a: Venusaur|211\/364|[from] item: Black Sludge
|-heal|p1a: Venusaur|162\/364|[from] item: Black Sludge
|upkeep
|turn|24
|choice|move synthesis|switch 3
|
|switch|p2a: Drapion|Drapion, M|281\/281
|move|p1a: Venusaur|Synthesis|p1a: Venusaur
|-heal|p1a: Venusaur|344\/364
|
|-heal|p1a: Venusaur|364\/364|[from] item: Black Sludge
|upkeep
|turn|25
|c|☆Be El Be|my boy
|choice|move leechseed|move swordsdance
|
|move|p2a: Drapion|Swords Dance|p2a: Drapion
|-boost|p2a: Drapion|atk|2
|move|p1a: Venusaur|Leech Seed|p2a: Drapion|[miss]
|-miss|p1a: Venusaur|p2a: Drapion
|
|upkeep
|turn|26
|c|☆byronthewellwell|FUCK
|choice|move leechseed|move knockoff
|
|move|p2a: Drapion|Knock Off|p1a: Venusaur
|-damage|p1a: Venusaur|144\/364
|-enditem|p1a: Venusaur|Black Sludge|[from] move: Knock Off|[of] p2a: Drapion
|move|p1a: Venusaur|Leech Seed|p2a: Drapion|[miss]
|-miss|p1a: Venusaur|p2a: Drapion
|
|upkeep
|turn|27
|c|☆Be El Be|get owned
|choice|move synthesis|move poisonjab
|
|move|p2a: Drapion|Poison Jab|p1a: Venusaur
|-crit|p1a: Venusaur
|-damage|p1a: Venusaur|0 fnt
|faint|p1a: Venusaur
|
|upkeep
|choice|switch 6|
|
|switch|p1a: Scooter|Scyther, F, shiny|281\/281
|turn|28
|c|☆Be El Be|tbf this still won even with the seed
|choice|move uturn|move poisonjab
|
|move|p1a: Scooter|U-turn|p2a: Drapion
|-damage|p2a: Drapion|125\/281
|c|☆byronthewellwell|n
|c|☆byronthewellwell|ariel
|c|☆byronthewellwell|does like
|c|☆byronthewellwell|75
|c|☆Be El Be|?
|choice|switch 2|
|
|switch|p1a: Magneton|Magneton|241\/241
|move|p2a: Drapion|Poison Jab|p1a: Magneton
|-immune|p1a: Magneton|[msg]
|
|upkeep
|turn|29
|c|☆Be El Be|no
|c|☆byronthewellwell|252 Atk Choice Band Technician Scyther Aerial Ace vs. 0 HP \/ 4 Def Drapion: 180-213 (64 - 75.8%) -- guaranteed 2HKO
|c|☆byronthewellwell|are you gay yes
|c|☆Be El Be|you have a flygon idiot
|c|☆Be El Be|wait nvm
|c|☆Be El Be|you are a bad flygon
|choice|switch 3|move knockoff
|
|switch|p1a: Diancie|Diancie|299\/299
|move|p2a: Drapion|Knock Off|p1a: Diancie
|-resisted|p1a: Diancie
|-damage|p1a: Diancie|203\/299
|-enditem|p1a: Diancie|Leftovers|[from] move: Knock Off|[of] p2a: Drapion
|
|upkeep
|turn|30
|choice|move moonblast|move poisonjab
|
|move|p2a: Drapion|Poison Jab|p1a: Diancie
|-damage|p1a: Diancie|62\/299
|move|p1a: Diancie|Moonblast|p2a: Drapion
|-damage|p2a: Drapion|0 fnt
|faint|p2a: Drapion
|
|upkeep
|c|☆byronthewellwell|fuck
|c|☆byronthewellwell|rock is a poison resist
|c|☆Be El Be|i have aqua tail
|choice||switch 4
|
|switch|p2a: Blastoise|Blastoise, M|344\/362
|turn|31
|choice|switch 5|move scald
|
|switch|p1a: Slowking|Slowking, M|394\/394 brn
|move|p2a: Blastoise|Scald|p1a: Slowking
|-resisted|p1a: Slowking
|-damage|p1a: Slowking|357\/394 brn
|
|-heal|p2a: Blastoise|362\/362|[from] item: Leftovers
|-heal|p1a: Slowking|381\/394 brn|[from] item: Leftovers
|-damage|p1a: Slowking|332\/394 brn|[from] brn
|upkeep
|turn|32
|choice|move scald|switch 3
|
|switch|p2a: Venusaur|Venusaur, M|211\/364
|move|p1a: Slowking|Scald|p2a: Venusaur
|-resisted|p2a: Venusaur
|-damage|p2a: Venusaur|162\/364
|
|-heal|p2a: Venusaur|184\/364|[from] item: Black Sludge
|-heal|p1a: Slowking|356\/394 brn|[from] item: Leftovers
|-damage|p1a: Slowking|307\/394 brn|[from] brn
|upkeep
|turn|33
|choice|move thunderwave|move leechseed
|
|move|p2a: Venusaur|Leech Seed|p1a: Slowking
|-start|p1a: Slowking|move: Leech Seed
|move|p1a: Slowking|Thunder Wave|p2a: Venusaur
|-status|p2a: Venusaur|par
|
|-heal|p1a: Slowking|331\/394 brn|[from] item: Leftovers
|-heal|p2a: Venusaur|206\/364 par|[from] item: Black Sludge
|-damage|p1a: Slowking|282\/394 brn|[from] Leech Seed|[of] p2a: Venusaur
|-heal|p2a: Venusaur|255\/364 par|[silent]
|-damage|p1a: Slowking|233\/394 brn|[from] brn
|upkeep
|turn|34
|c|☆byronthewellwell|at least its fun not having animations
|choice|switch 3|move leechseed
|
|switch|p1a: Magneton|Magneton|241\/241
|move|p2a: Venusaur|Leech Seed|p1a: Magneton
|-start|p1a: Magneton|move: Leech Seed
|
|-heal|p2a: Venusaur|277\/364 par|[from] item: Black Sludge
|-damage|p1a: Magneton|211\/241|[from] Leech Seed|[of] p2a: Venusaur
|-heal|p2a: Venusaur|307\/364 par|[silent]
|upkeep
|turn|35
|c|☆Be El Be|it is man
|choice|move flashcannon|move synthesis
|
|move|p1a: Magneton|Flash Cannon|p2a: Venusaur
|-damage|p2a: Venusaur|94\/364 par
|cant|p2a: Venusaur|par
|
|-heal|p2a: Venusaur|116\/364 par|[from] item: Black Sludge
|-damage|p1a: Magneton|181\/241|[from] Leech Seed|[of] p2a: Venusaur
|-heal|p2a: Venusaur|146\/364 par|[silent]
|upkeep
|turn|36
|choice|switch 3|switch 3
|
|switch|p1a: Slowking|Slowking, M|364\/394 brn
|switch|p2a: Blastoise|Blastoise, M|362\/362
|
|-heal|p1a: Slowking|388\/394 brn|[from] item: Leftovers
|-damage|p1a: Slowking|339\/394 brn|[from] brn
|upkeep
|turn|37
|choice|move dragontail|switch 3
|
|switch|p2a: Venusaur|Venusaur, M|146\/364 par
|move|p1a: Slowking|Dragon Tail|p2a: Venusaur
|-damage|p2a: Venusaur|133\/364 par
|drag|p2a: Blastoise|Blastoise, M|362\/362
|
|-heal|p1a: Slowking|363\/394 brn|[from] item: Leftovers
|-damage|p1a: Slowking|314\/394 brn|[from] brn
|upkeep
|turn|38
|c|☆byronthewellwell|lolol
|choice|move scald|switch 3
|
|switch|p2a: Venusaur|Venusaur, M|133\/364 par
|move|p1a: Slowking|Scald|p2a: Venusaur
|-resisted|p2a: Venusaur
|-damage|p2a: Venusaur|88\/364 par
|
|-heal|p1a: Slowking|338\/394 brn|[from] item: Leftovers
|-heal|p2a: Venusaur|110\/364 par|[from] item: Black Sludge
|-damage|p1a: Slowking|289\/394 brn|[from] brn
|upkeep
|turn|39
|choice|switch 4|switch 6
|
|switch|p1a: Flygon|Flygon, F|201\/364
|switch|p2a: Uxie|Uxie|354\/354 par
|
|upkeep
|turn|40
|c|☆Be El Be|hm
|choice|move roost|move stealthrock
|
|move|p1a: Flygon|Roost|p1a: Flygon
|-heal|p1a: Flygon|364\/364
|move|p2a: Uxie|Stealth Rock|p1a: Flygon
|-sidestart|p1: byronthewellwell|move: Stealth Rock
|
|upkeep
|turn|41
|choice|move defog|move uturn
|
|move|p1a: Flygon|Defog|p2a: Uxie
|-unboost|p2a: Uxie|evasion|1
|-sideend|p1: byronthewellwell|Stealth Rock|[from] move: Defog|[of] p1a: Flygon
|move|p2a: Uxie|U-turn|p1a: Flygon
|-damage|p1a: Flygon|320\/364
|choice||switch 5
|
|switch|p2a: Rhyperior|Rhyperior, F|380\/380
|
|upkeep
|turn|42
|choice|move uturn|move icepunch
|
|move|p1a: Flygon|U-turn|p2a: Rhyperior
|-damage|p2a: Rhyperior|337\/380
|choice|switch 4|
|
|switch|p1a: Slowking|Slowking, M|394\/394 brn
|move|p2a: Rhyperior|Ice Punch|p1a: Slowking
|-resisted|p1a: Slowking
|-damage|p1a: Slowking|332\/394 brn
|
|-heal|p1a: Slowking|356\/394 brn|[from] item: Leftovers
|-damage|p1a: Slowking|307\/394 brn|[from] brn
|upkeep
|turn|43
|choice|move scald|switch 6
|
|switch|p2a: Venusaur|Venusaur, M|110\/364 par
|move|p1a: Slowking|Scald|p2a: Venusaur
|-resisted|p2a: Venusaur
|-damage|p2a: Venusaur|65\/364 par
|
|-heal|p1a: Slowking|331\/394 brn|[from] item: Leftovers
|-heal|p2a: Venusaur|87\/364 par|[from] item: Black Sludge
|-damage|p1a: Slowking|282\/394 brn|[from] brn
|upkeep
|turn|44
|choice|switch 3|move synthesis
|
|switch|p1a: Magneton|Magneton|181\/241
|move|p2a: Venusaur|Synthesis|p2a: Venusaur
|-heal|p2a: Venusaur|269\/364 par
|
|-heal|p2a: Venusaur|291\/364 par|[from] item: Black Sludge
|upkeep
|turn|45
|choice|move flashcannon|move synthesis
|
|move|p1a: Magneton|Flash Cannon|p2a: Venusaur
|-damage|p2a: Venusaur|86\/364 par
|move|p2a: Venusaur|Synthesis|p2a: Venusaur
|-heal|p2a: Venusaur|268\/364 par
|
|-heal|p2a: Venusaur|290\/364 par|[from] item: Black Sludge
|upkeep
|turn|46
|choice|move flashcannon|switch 3
|
|switch|p2a: Blastoise|Blastoise, M|362\/362
|move|p1a: Magneton|Flash Cannon|p2a: Blastoise
|-resisted|p2a: Blastoise
|-damage|p2a: Blastoise|219\/362
|
|-heal|p2a: Blastoise|241\/362|[from] item: Leftovers
|upkeep
|turn|47
|choice|switch 3|move scald
|
|switch|p1a: Slowking|Slowking, M|394\/394 brn
|move|p2a: Blastoise|Scald|p1a: Slowking
|-resisted|p1a: Slowking
|-damage|p1a: Slowking|355\/394 brn
|
|-heal|p2a: Blastoise|263\/362|[from] item: Leftovers
|-heal|p1a: Slowking|379\/394 brn|[from] item: Leftovers
|-damage|p1a: Slowking|330\/394 brn|[from] brn
|upkeep
|turn|48
|choice|move scald|move scald
|
|move|p2a: Blastoise|Scald|p1a: Slowking
|-resisted|p1a: Slowking
|-damage|p1a: Slowking|292\/394 brn
|move|p1a: Slowking|Scald|p2a: Blastoise
|-resisted|p2a: Blastoise
|-damage|p2a: Blastoise|220\/362
|
|-heal|p2a: Blastoise|242\/362|[from] item: Leftovers
|-heal|p1a: Slowking|316\/394 brn|[from] item: Leftovers
|-damage|p1a: Slowking|267\/394 brn|[from] brn
|upkeep
|turn|49
|choice|move scald|move scald
|
|move|p2a: Blastoise|Scald|p1a: Slowking
|-resisted|p1a: Slowking
|-damage|p1a: Slowking|231\/394 brn
|move|p1a: Slowking|Scald|p2a: Blastoise
|-resisted|p2a: Blastoise
|-damage|p2a: Blastoise|194\/362
|-status|p2a: Blastoise|brn
|
|-heal|p2a: Blastoise|216\/362 brn|[from] item: Leftovers
|-heal|p1a: Slowking|255\/394 brn|[from] item: Leftovers
|-damage|p2a: Blastoise|171\/362 brn|[from] brn
|-damage|p1a: Slowking|206\/394 brn|[from] brn
|upkeep
|turn|50
|choice|move slackoff|move refresh
|
|move|p2a: Blastoise|Refresh|p2a: Blastoise
|-curestatus|p2a: Blastoise|brn|[msg]
|move|p1a: Slowking|Slack Off|p1a: Slowking
|-heal|p1a: Slowking|394\/394 brn
|
|-heal|p2a: Blastoise|193\/362|[from] item: Leftovers
|-damage|p1a: Slowking|345\/394 brn|[from] brn
|upkeep
|turn|51
|choice|move scald|switch 3
|
|switch|p2a: Venusaur|Venusaur, M|290\/364 par
|move|p1a: Slowking|Scald|p2a: Venusaur
|-resisted|p2a: Venusaur
|-damage|p2a: Venusaur|241\/364 par
|
|-heal|p1a: Slowking|369\/394 brn|[from] item: Leftovers
|-heal|p2a: Venusaur|263\/364 par|[from] item: Black Sludge
|-damage|p1a: Slowking|320\/394 brn|[from] brn
|upkeep
|turn|52
|choice|switch 4|move leechseed
|
|switch|p1a: Flygon|Flygon, F|320\/364
|move|p2a: Venusaur|Leech Seed|p1a: Flygon
|-start|p1a: Flygon|move: Leech Seed
|
|-heal|p2a: Venusaur|285\/364 par|[from] item: Black Sludge
|-damage|p1a: Flygon|275\/364|[from] Leech Seed|[of] p2a: Venusaur
|-heal|p2a: Venusaur|330\/364 par|[silent]
|upkeep
|turn|53
|choice|move uturn|move gigadrain
|
|move|p1a: Flygon|U-turn|p2a: Venusaur
|-damage|p2a: Venusaur|281\/364 par
|choice|switch 3|
|
|switch|p1a: Magneton|Magneton|181\/241
|cant|p2a: Venusaur|par
|
|-heal|p2a: Venusaur|303\/364 par|[from] item: Black Sludge
|upkeep
|turn|54
|choice|move flashcannon|move leechseed
|
|move|p1a: Magneton|Flash Cannon|p2a: Venusaur
|-damage|p2a: Venusaur|86\/364 par
|move|p2a: Venusaur|Leech Seed|p1a: Magneton
|-start|p1a: Magneton|move: Leech Seed
|
|-heal|p2a: Venusaur|108\/364 par|[from] item: Black Sludge
|-damage|p1a: Magneton|151\/241|[from] Leech Seed|[of] p2a: Venusaur
|-heal|p2a: Venusaur|138\/364 par|[silent]
|upkeep
|turn|55
|choice|switch 3|switch 2
|
|switch|p1a: Flygon|Flygon, F|275\/364
|switch|p2a: Jolteon|Jolteon, F|271\/271
|
|upkeep
|turn|56
|choice|switch 5|move voltswitch
|
|switch|p1a: Diancie|Diancie|62\/299
|move|p2a: Jolteon|Volt Switch|p1a: Diancie
|-damage|p1a: Diancie|0 fnt
|faint|p1a: Diancie
|choice||switch 6
|
|switch|p2a: Rhyperior|Rhyperior, F|337\/380
|
|upkeep
|choice|switch 3|
|
|switch|p1a: Magneton|Magneton|151\/241
|turn|57
|choice|move flashcannon|switch 2
|
|switch|p2a: Venusaur|Venusaur, M|138\/364 par
|move|p1a: Magneton|Flash Cannon|p2a: Venusaur
|-damage|p2a: Venusaur|0 fnt
|faint|p2a: Venusaur
|
|upkeep
|choice||switch 6
|
|switch|p2a: Jolteon|Jolteon, F|271\/271
|turn|58
|choice|switch 2|move shadowball
|
|switch|p1a: Scooter|Scyther, F, shiny|281\/281
|move|p2a: Jolteon|Shadow Ball|p1a: Scooter
|-damage|p1a: Scooter|138\/281
|
|upkeep
|turn|59
|choice|switch 5|move shadowball
|
|switch|p1a: Flygon|Flygon, F|275\/364
|move|p2a: Jolteon|Shadow Ball|p1a: Flygon
|-damage|p1a: Flygon|146\/364
|
|upkeep
|turn|60
|choice|move roost|switch 3
|
|switch|p2a: Blastoise|Blastoise, M|193\/362
|move|p1a: Flygon|Roost|p1a: Flygon
|-heal|p1a: Flygon|328\/364
|
|-heal|p2a: Blastoise|215\/362|[from] item: Leftovers
|upkeep
|turn|61
|choice|move uturn|move scald
|
|move|p1a: Flygon|U-turn|p2a: Blastoise
|-damage|p2a: Blastoise|172\/362
|choice|switch 4|
|
|switch|p1a: Slowking|Slowking, M|394\/394 brn
|move|p2a: Blastoise|Scald|p1a: Slowking
|-resisted|p1a: Slowking
|-damage|p1a: Slowking|355\/394 brn
|
|-heal|p2a: Blastoise|194\/362|[from] item: Leftovers
|-heal|p1a: Slowking|379\/394 brn|[from] item: Leftovers
|-damage|p1a: Slowking|330\/394 brn|[from] brn
|upkeep
|turn|62
|choice|move thunderwave|switch 5
|
|switch|p2a: Uxie|Uxie|354\/354 par
|move|p1a: Slowking|Thunder Wave|p2a: Uxie
|-fail|p2a: Uxie|par
|
|-heal|p1a: Slowking|354\/394 brn|[from] item: Leftovers
|-damage|p1a: Slowking|305\/394 brn|[from] brn
|upkeep
|turn|63
|choice|switch 5|move stealthrock
|
|switch|p1a: Scooter|Scyther, F, shiny|138\/281
|move|p2a: Uxie|Stealth Rock|p1a: Scooter
|-sidestart|p1: byronthewellwell|move: Stealth Rock
|
|upkeep
|turn|64
|choice|move uturn|move uturn
|
|move|p1a: Scooter|U-turn|p2a: Uxie
|-supereffective|p2a: Uxie
|-damage|p2a: Uxie|90\/354 par
|choice|switch 2|
|
|switch|p1a: Magneton|Magneton|151\/241
|-damage|p1a: Magneton|136\/241|[from] Stealth Rock
|move|p2a: Uxie|U-turn|p1a: Magneton
|-resisted|p1a: Magneton
|-damage|p1a: Magneton|116\/241
|choice||switch 3
|
|switch|p2a: Jolteon|Jolteon, F|271\/271
|
|upkeep
|turn|65
|choice|switch 2|move hiddenpower
|
|switch|p1a: Scooter|Scyther, F, shiny|138\/281
|-damage|p1a: Scooter|0 fnt|[from] Stealth Rock
|faint|p1a: Scooter
|move|p2a: Jolteon|Hidden Power|p1: Scooter|[notarget]
|-notarget
|
|upkeep
|choice|switch 2|
|
|switch|p1a: Magneton|Magneton|116\/241
|-damage|p1a: Magneton|101\/241|[from] Stealth Rock
|turn|66
|choice|move flashcannon|switch 3
|
|switch|p2a: Uxie|Uxie|90\/354 par
|move|p1a: Magneton|Flash Cannon|p2a: Uxie
|-damage|p2a: Uxie|0 fnt
|faint|p2a: Uxie
|
|upkeep
|choice||switch 5
|
|switch|p2a: Blastoise|Blastoise, M|194\/362
|turn|67
|choice|switch 5|move scald
|
|switch|p1a: Slowking|Slowking, M|394\/394 brn
|-damage|p1a: Slowking|345\/394 brn|[from] Stealth Rock
|move|p2a: Blastoise|Scald|p1a: Slowking
|-resisted|p1a: Slowking
|-damage|p1a: Slowking|306\/394 brn
|
|-heal|p2a: Blastoise|216\/362|[from] item: Leftovers
|-heal|p1a: Slowking|330\/394 brn|[from] item: Leftovers
|-damage|p1a: Slowking|281\/394 brn|[from] brn
|upkeep
|turn|68
|choice|switch 4|move scald
|
|switch|p1a: Flygon|Flygon, F|328\/364
|-damage|p1a: Flygon|306\/364|[from] Stealth Rock
|move|p2a: Blastoise|Scald|p1a: Flygon
|-damage|p1a: Flygon|222\/364
|
|-heal|p2a: Blastoise|238\/362|[from] item: Leftovers
|upkeep
|turn|69
|choice|move uturn|move toxic
|
|move|p1a: Flygon|U-turn|p2a: Blastoise
|-damage|p2a: Blastoise|195\/362
|choice|switch 4|
|
|switch|p1a: Slowking|Slowking, M|394\/394 brn
|-damage|p1a: Slowking|345\/394 brn|[from] Stealth Rock
|move|p2a: Blastoise|Toxic|p1a: Slowking
|-fail|p1a: Slowking
|
|-heal|p2a: Blastoise|217\/362|[from] item: Leftovers
|-heal|p1a: Slowking|369\/394 brn|[from] item: Leftovers
|-damage|p1a: Slowking|320\/394 brn|[from] brn
|upkeep
|turn|70
|choice|move thunderwave|move scald
|
|move|p2a: Blastoise|Scald|p1a: Slowking
|-resisted|p1a: Slowking
|-damage|p1a: Slowking|280\/394 brn
|move|p1a: Slowking|Thunder Wave|p2a: Blastoise
|-status|p2a: Blastoise|par
|
|-heal|p1a: Slowking|304\/394 brn|[from] item: Leftovers
|-heal|p2a: Blastoise|239\/362 par|[from] item: Leftovers
|-damage|p1a: Slowking|255\/394 brn|[from] brn
|upkeep
|turn|71
|choice|move slackoff|move toxic
|
|move|p1a: Slowking|Slack Off|p1a: Slowking
|-heal|p1a: Slowking|394\/394 brn
|move|p2a: Blastoise|Toxic|p1a: Slowking|[miss]
|-miss|p2a: Blastoise|p1a: Slowking
|
|-heal|p2a: Blastoise|261\/362 par|[from] item: Leftovers
|-damage|p1a: Slowking|345\/394 brn|[from] brn
|upkeep
|turn|72
|choice|move scald|move toxic
|
|move|p1a: Slowking|Scald|p2a: Blastoise
|-resisted|p2a: Blastoise
|-damage|p2a: Blastoise|219\/362 par
|move|p2a: Blastoise|Toxic|p1a: Slowking
|-fail|p1a: Slowking
|
|-heal|p1a: Slowking|369\/394 brn|[from] item: Leftovers
|-heal|p2a: Blastoise|241\/362 par|[from] item: Leftovers
|-damage|p1a: Slowking|320\/394 brn|[from] brn
|upkeep
|turn|73
|choice|move scald|move toxic
|
|move|p1a: Slowking|Scald|p2a: Blastoise
|-resisted|p2a: Blastoise
|-damage|p2a: Blastoise|198\/362 par
|cant|p2a: Blastoise|par
|
|-heal|p1a: Slowking|344\/394 brn|[from] item: Leftovers
|-heal|p2a: Blastoise|220\/362 par|[from] item: Leftovers
|-damage|p1a: Slowking|295\/394 brn|[from] brn
|upkeep
|turn|74
|choice|move scald|move scald
|
|move|p1a: Slowking|Scald|p2a: Blastoise
|-resisted|p2a: Blastoise
|-damage|p2a: Blastoise|175\/362 par
|cant|p2a: Blastoise|par
|
|-heal|p1a: Slowking|319\/394 brn|[from] item: Leftovers
|-heal|p2a: Blastoise|197\/362 par|[from] item: Leftovers
|-damage|p1a: Slowking|270\/394 brn|[from] brn
|upkeep
|turn|75
|choice|move scald|move scald
|
|move|p1a: Slowking|Scald|p2a: Blastoise
|-resisted|p2a: Blastoise
|-damage|p2a: Blastoise|149\/362 par
|cant|p2a: Blastoise|par
|
|-heal|p1a: Slowking|294\/394 brn|[from] item: Leftovers
|-heal|p2a: Blastoise|171\/362 par|[from] item: Leftovers
|-damage|p1a: Slowking|245\/394 brn|[from] brn
|upkeep
|turn|76
|choice|move scald|switch 2
|
|switch|p2a: Rhyperior|Rhyperior, F|337\/380
|move|p1a: Slowking|Scald|p2a: Rhyperior
|-supereffective|p2a: Rhyperior
|-damage|p2a: Rhyperior|0 fnt
|faint|p2a: Rhyperior
|
|-heal|p1a: Slowking|269\/394 brn|[from] item: Leftovers
|-damage|p1a: Slowking|220\/394 brn|[from] brn
|upkeep
|choice||switch 3
|
|switch|p2a: Jolteon|Jolteon, F|271\/271
|turn|77
|choice|switch 5|move shadowball
|
|switch|p1a: Magneton|Magneton|101\/241
|-damage|p1a: Magneton|86\/241|[from] Stealth Rock
|move|p2a: Jolteon|Shadow Ball|p1a: Magneton
|-damage|p1a: Magneton|0 fnt
|faint|p1a: Magneton
|
|upkeep
|choice|switch 4|
|
|switch|p1a: Flygon|Flygon, F|222\/364
|-damage|p1a: Flygon|200\/364|[from] Stealth Rock
|turn|78
|choice|move earthquake|move shadowball
|
|move|p2a: Jolteon|Shadow Ball|p1a: Flygon
|-damage|p1a: Flygon|87\/364
|move|p1a: Flygon|Earthquake|p2a: Jolteon
|-supereffective|p2a: Jolteon
|-damage|p2a: Jolteon|0 fnt
|faint|p2a: Jolteon
|
|upkeep
|choice||switch 2
|
|switch|p2a: Blastoise|Blastoise, M|171\/362 par
|turn|79
|choice|move earthquake|move scald
|
|move|p1a: Flygon|Earthquake|p2a: Blastoise
|-damage|p2a: Blastoise|84\/362 par
|move|p2a: Blastoise|Scald|p1a: Flygon
|-damage|p1a: Flygon|0 fnt
|faint|p1a: Flygon
|
|-heal|p2a: Blastoise|106\/362 par|[from] item: Leftovers
|upkeep
|choice|switch 5|
|
|switch|p1a: Slowking|Slowking, M|351\/394 brn
|-damage|p1a: Slowking|302\/394 brn|[from] Stealth Rock
|turn|80
|choice|move scald|move scald
|
|move|p1a: Slowking|Scald|p2a: Blastoise
|-resisted|p2a: Blastoise
|-damage|p2a: Blastoise|57\/362 par
|move|p2a: Blastoise|Scald|p1a: Slowking
|-resisted|p1a: Slowking
|-damage|p1a: Slowking|245\/394 brn
|
|-heal|p1a: Slowking|269\/394 brn|[from] item: Leftovers
|-heal|p2a: Blastoise|79\/362 par|[from] item: Leftovers
|-damage|p1a: Slowking|220\/394 brn|[from] brn
|upkeep
|turn|81
|choice|move scald|move scald
|
|move|p1a: Slowking|Scald|p2a: Blastoise
|-resisted|p2a: Blastoise
|-damage|p2a: Blastoise|34\/362 par
|cant|p2a: Blastoise|par
|
|-heal|p1a: Slowking|244\/394 brn|[from] item: Leftovers
|-heal|p2a: Blastoise|56\/362 par|[from] item: Leftovers
|-damage|p1a: Slowking|195\/394 brn|[from] brn
|upkeep
|turn|82
|c|☆Be El Be|man
|c|☆Be El Be|U suck
|choice|move slackoff|move scald
|
|move|p1a: Slowking|Slack Off|p1a: Slowking
|-heal|p1a: Slowking|392\/394 brn
|move|p2a: Blastoise|Scald|p1a: Slowking
|-resisted|p1a: Slowking
|-damage|p1a: Slowking|335\/394 brn
|
|-heal|p1a: Slowking|359\/394 brn|[from] item: Leftovers
|-heal|p2a: Blastoise|78\/362 par|[from] item: Leftovers
|-damage|p1a: Slowking|310\/394 brn|[from] brn
|upkeep
|turn|83
|c|☆byronthewellwell|y
|choice|move scald|move scald
|
|move|p1a: Slowking|Scald|p2a: Blastoise
|-resisted|p2a: Blastoise
|-damage|p2a: Blastoise|30\/362 par
|cant|p2a: Blastoise|par
|
|-heal|p1a: Slowking|334\/394 brn|[from] item: Leftovers
|-heal|p2a: Blastoise|52\/362 par|[from] item: Leftovers
|-damage|p1a: Slowking|285\/394 brn|[from] brn
|upkeep
|turn|84
|choice|move scald|move scald
|
|move|p1a: Slowking|Scald|p2a: Blastoise
|-resisted|p2a: Blastoise
|-crit|p2a: Blastoise
|-damage|p2a: Blastoise|0 fnt
|faint|p2a: Blastoise
|
|win|byronthewellwell
|c|☆byronthewellwell|im a beast
|c|☆byronthewellwell|gg
|c|☆byronthewellwell|:)
|c|☆Be El Be|right
|l|Be El Be
|l|byronthewellwell
|j|byronthewellwell</script>
</div>
<div class="battle-log battle-log-inline"><div class="inner"><div class="battle-options"></div><div class="inner"><div class="chat"><small>byronthewellwell joined.</small></div><div class="chat"><small>Be El Be joined.</small></div><div class=""><small>Format:</small> <br><strong>RU</strong></div><div class=""><small><em>Sleep Clause Mod:</em> Limit one foe put to sleep</small></div><div class=""><small><em>Species Clause:</em> Limit one of each Pokémon</small></div><div class=""><small><em>OHKO Clause:</em> OHKO moves are banned</small></div><div class=""><small><em>Moody Clause:</em> Moody is banned</small></div><div class=""><small><em>Evasion Moves Clause:</em> Evasion moves are banned</small></div><div class=""><small><em>Endless Battle Clause:</em> Forcing endless battles is banned</small></div><div class=""><small><em>HP Percentage Mod:</em> HP is shown in percentages</small></div><div class=""><small><em>Swagger Clause:</em> Swagger is banned</small></div><div class=""><small><em>Baton Pass Clause:</em> Limit one Baton Passer, can't pass Spe and other stats simultaneously</small></div><div class="chat battle-history"><strong>byronthewellwell's team:</strong> <em style="color:#445566;display:block;">Flygon / Magneton / Diancie / Slowking / Venusaur / Scyther</em></div><div class="chat battle-history"><strong>Be El Be's team:</strong> <em style="color:#445566;display:block;">Rhyperior / Uxie / Drapion / Blastoise / Jolteon / Venusaur</em></div><div class="chat chatmessage-byronthewellwell"><strong style="color:hsl(136,40%,46.67938209693696%)"><small>☆</small><span class="username" data-name="byronthewellwell">byronthewellwell</span>:</strong> <em>just close your eyes</em></div><div class="chat chatmessage-byronthewellwell"><strong style="color:hsl(136,40%,46.67938209693696%)"><small>☆</small><span class="username" data-name="byronthewellwell">byronthewellwell</span>:</strong> <em>and ill take the timer win</em></div><div class="chat chatmessage-beelbe"><strong style="color:hsl(282,42%,49.59030171278378%)"><small>☆</small><span class="username" data-name="Be El Be">Be El Be</span>:</strong> <em>so bright meanie</em></div><div class="chat chatmessage-beelbe"><strong style="color:hsl(282,42%,49.59030171278378%)"><small>☆</small><span class="username" data-name="Be El Be">Be El Be</span>:</strong> <em>im turning off animations</em></div><div class="chat chatmessage-byronthewellwell"><strong style="color:hsl(136,40%,46.67938209693696%)"><small>☆</small><span class="username" data-name="byronthewellwell">byronthewellwell</span>:</strong> <em>wow</em></div><div class="spacer battle-history"><br></div><div class="battle-history">Battle started between byronthewellwell and Be El Be!<br></div><div class="spacer battle-history"><br></div><div class="battle-history">Go! <strong>Slowking</strong>!<br></div><div class="spacer battle-history"><br></div><div class="battle-history">Be El Be sent out <strong>Jolteon</strong>!<br></div><div class="spacer battle-history"><br></div><h2 class="battle-history">Turn 1</h2><div class="chat chatmessage-byronthewellwell"><strong style="color:hsl(136,40%,46.67938209693696%)"><small>☆</small><span class="username" data-name="byronthewellwell">byronthewellwell</span>:</strong> <em>haha it looks autistic without animations</em></div><div class="spacer battle-history"><br></div><div class="battle-history">Slowking, come back!<br></div><div class="battle-history">Go! <strong>Venusaur</strong>!<br></div><div class="spacer battle-history"><br></div><div class="battle-history">The opposing Jolteon used <strong>Volt Switch</strong>!<br></div><div class="battle-history"><small>It's not very effective...</small><br></div><div class="battle-history"><small>(Venusaur lost <abbr title="−76/364">20.9%</abbr> of its health!)</small><br></div><div class="spacer battle-history"><br></div><div class="battle-history">The opposing Jolteon went back to Be El Be!<br></div><div class="battle-history">Be El Be sent out <strong>Uxie</strong>!<br></div><div class="spacer battle-history"><br></div><div class="battle-history"><small>Venusaur restored a little HP using its Black Sludge!</small><br></div><div class="spacer battle-history"><br></div><h2 class="battle-history">Turn 2</h2><div class="chat chatmessage-beelbe"><strong style="color:hsl(282,42%,49.59030171278378%)"><small>☆</small><span class="username" data-name="Be El Be">Be El Be</span>:</strong> <em>beelbe</em></div><div class="chat chatmessage-beelbe"><strong style="color:hsl(282,42%,49.59030171278378%)"><small>☆</small><span class="username" data-name="Be El Be">Be El Be</span>:</strong> <em>beetle juice</em></div><div class="chat chatmessage-beelbe"><strong style="color:hsl(282,42%,49.59030171278378%)"><small>☆</small><span class="username" data-name="Be El Be">Be El Be</span>:</strong> <em>did you play for bw cup yet</em></div><div class="chat chatmessage-beelbe"><strong style="color:hsl(282,42%,49.59030171278378%)"><small>☆</small><span class="username" data-name="Be El Be">Be El Be</span>:</strong> <em>bw ru*</em></div><div class="chat chatmessage-byronthewellwell"><strong style="color:hsl(136,40%,46.67938209693696%)"><small>☆</small><span class="username" data-name="byronthewellwell">byronthewellwell</span>:</strong> <em>yeah</em></div><div class="chat chatmessage-byronthewellwell"><strong style="color:hsl(136,40%,46.67938209693696%)"><small>☆</small><span class="username" data-name="byronthewellwell">byronthewellwell</span>:</strong> <em>i haxed someone really good</em></div><div class="chat chatmessage-byronthewellwell"><strong style="color:hsl(136,40%,46.67938209693696%)"><small>☆</small><span class="username" data-name="byronthewellwell">byronthewellwell</span>:</strong> <em>it was enjoyable</em></div><div class="spacer battle-history"><br></div><div class="battle-history">The opposing Uxie used <strong>Stealth Rock</strong>!<br></div><div class="battle-history"><small>Pointed stones float in the air around your team!</small><br></div><div class="spacer battle-history"><br></div><div class="battle-history">Venusaur used <strong>Leech Seed</strong>!<br></div><div class="battle-history"><small>The opposing Uxie avoided the attack!</small><br></div><div class="spacer battle-history"><br></div><div class="battle-history"><small>Venusaur restored a little HP using its Black Sludge!</small><br></div><div class="spacer battle-history"><br></div><h2 class="battle-history">Turn 3</h2><div class="chat chatmessage-beelbe"><strong style="color:hsl(282,42%,49.59030171278378%)"><small>☆</small><span class="username" data-name="Be El Be">Be El Be</span>:</strong> <em>revenge</em></div><div class="chat chatmessage-beelbe"><strong style="color:hsl(282,42%,49.59030171278378%)"><small>☆</small><span class="username" data-name="Be El Be">Be El Be</span>:</strong> <em>for whoever you haxxx</em></div><div class="spacer battle-history"><br></div><div class="battle-history">Venusaur, come back!<br></div><div class="battle-history">Go! <strong>Flygon</strong>!<br></div><div class="battle-history"><small>Pointed stones dug into Flygon!</small><br></div><div class="spacer battle-history"><br></div><div class="battle-history">The opposing Uxie used <strong>Knock Off</strong>!<br></div><div class="battle-history"><small>(Flygon lost <abbr title="−57/364">15.7%</abbr> of its health!)</small><br></div><div class="battle-history"><small>The opposing Uxie knocked off Flygon's Leftovers!</small><br></div><div class="spacer battle-history"><br></div><h2 class="battle-history">Turn 4</h2><div class="spacer battle-history"><br></div><div class="battle-history">The opposing Uxie used <strong>U-turn</strong>!<br></div><div class="battle-history"><small>(Flygon lost <abbr title="−41/364">11.3%</abbr> of its health!)</small><br></div><div class="chat chatmessage-beelbe"><strong style="color:hsl(282,42%,49.59030171278378%)"><small>☆</small><span class="username" data-name="Be El Be">Be El Be</span>:</strong> <em>wtf</em></div><div class="spacer battle-history"><br></div><div class="battle-history">The opposing Uxie went back to Be El Be!<br></div><div class="battle-history">Be El Be sent out <strong>Blastoise</strong>!<br></div><div class="spacer battle-history"><br></div><div class="battle-history">Flygon used <strong>Defog</strong>!<br></div><div class="battle-history"><small>The opposing Blastoise's evasiveness fell!</small><br></div><div class="battle-history"><small>The pointed stones disappeared from around your team!</small><br></div><div class="spacer battle-history"><br></div><h2 class="battle-history">Turn 5</h2><div class="spacer battle-history"><br></div><div class="battle-history">Flygon used <strong>U-turn</strong>!<br></div><div class="battle-history"><small>(The opposing Blastoise lost <abbr title="−40/362">11.0%</abbr> of its health!)</small><br></div><div class="chat chatmessage-beelbe"><strong style="color:hsl(282,42%,49.59030171278378%)"><small>☆</small><span class="username" data-name="Be El Be">Be El Be</span>:</strong> <em>burn</em></div><div class="spacer battle-history"><br></div><div class="battle-history">Flygon went back to byronthewellwell!<br></div><div class="battle-history">Go! <strong>Slowking</strong>!<br></div><div class="spacer battle-history"><br></div><div class="battle-history">The opposing Blastoise used <strong>Scald</strong>!<br></div><div class="battle-history"><small>It's not very effective...</small><br></div><div class="battle-history"><small>(Slowking lost <abbr title="−39/394">9.9%</abbr> of its health!)</small><br></div><div class="battle-history"><small>Slowking was burned!</small><br></div><div class="spacer battle-history"><br></div><div class="battle-history"><small>The opposing Blastoise restored a little HP using its Leftovers!</small><br></div><div class="battle-history"><small>Slowking restored a little HP using its Leftovers!</small><br></div><div class="battle-history"><small>Slowking was hurt by its burn!</small><br></div><div class="spacer battle-history"><br></div><h2 class="battle-history">Turn 6</h2><div class="chat chatmessage-beelbe"><strong style="color:hsl(282,42%,49.59030171278378%)"><small>☆</small><span class="username" data-name="Be El Be">Be El Be</span>:</strong> <em>i can feel it</em></div><div class="spacer battle-history"><br></div><div class="battle-history">Be El Be withdrew Blastoise!<br></div><div class="battle-history">Be El Be sent out <strong>Uxie</strong>!<br></div><div class="spacer battle-history"><br></div><div class="battle-history">Slowking used <strong>Thunder Wave</strong>!<br></div><div class="battle-history"><small>The opposing Uxie is paralyzed! It may be unable to move!</small><br></div><div class="spacer battle-history"><br></div><div class="battle-history"><small>Slowking restored a little HP using its Leftovers!</small><br></div><div class="battle-history"><small>Slowking was hurt by its burn!</small><br></div><div class="spacer battle-history"><br></div><h2 class="battle-history">Turn 7</h2><div class="spacer battle-history"><br></div><div class="battle-history">Slowking, come back!<br></div><div class="battle-history">Go! <strong>Flygon</strong>!<br></div><div class="spacer battle-history"><br></div><div class="battle-history">The opposing Uxie used <strong>Stealth Rock</strong>!<br></div><div class="battle-history"><small>Pointed stones float in the air around your team!</small><br></div><div class="spacer battle-history"><br></div><h2 class="battle-history">Turn 8</h2><div class="chat chatmessage-byronthewellwell"><strong style="color:hsl(136,40%,46.67938209693696%)"><small>☆</small><span class="username" data-name="byronthewellwell">byronthewellwell</span>:</strong> <em>wow what a fun metagame</em></div><div class="spacer battle-history"><br></div><div class="battle-history">Flygon used <strong>Defog</strong>!<br></div><div class="battle-history"><small>The opposing Uxie's evasiveness fell!</small><br></div><div class="battle-history"><small>The pointed stones disappeared from around your team!</small><br></div><div class="spacer battle-history"><br></div><div class="battle-history">The opposing Uxie used <strong>U-turn</strong>!<br></div><div class="battle-history"><small>(Flygon lost <abbr title="−43/364">11.8%</abbr> of its health!)</small><br></div><div class="chat chatmessage-beelbe"><strong style="color:hsl(282,42%,49.59030171278378%)"><small>☆</small><span class="username" data-name="Be El Be">Be El Be</span>:</strong> <em>i liked oras ru</em></div><div class="spacer battle-history"><br></div><div class="battle-history">The opposing Uxie went back to Be El Be!<br></div><div class="battle-history">Be El Be sent out <strong>Venusaur</strong>!<br></div><div class="spacer battle-history"><br></div><h2 class="battle-history">Turn 9</h2><div class="chat chatmessage-beelbe"><strong style="color:hsl(282,42%,49.59030171278378%)"><small>☆</small><span class="username" data-name="Be El Be">Be El Be</span>:</strong> <em>i take that back</em></div><div class="spacer battle-history"><br></div><div class="battle-history">Flygon, come back!<br></div><div class="battle-history">Go! <strong>Venusaur</strong>!<br></div><div class="spacer battle-history"><br></div><div class="battle-history">The opposing Venusaur used <strong>Sludge Bomb</strong>!<br></div><div class="battle-history"><small>(Venusaur lost <abbr title="−103/364">28.3%</abbr> of its health!)</small><br></div><div class="spacer battle-history"><br></div><div class="battle-history"><small>Venusaur restored a little HP using its Black Sludge!</small><br></div><div class="spacer battle-history"><br></div><h2 class="battle-history">Turn 10</h2><div class="chat chatmessage-beelbe"><strong style="color:hsl(282,42%,49.59030171278378%)"><small>☆</small><span class="username" data-name="Be El Be">Be El Be</span>:</strong> <em>it was o k</em></div><div class="chat chatmessage-byronthewellwell"><strong style="color:hsl(136,40%,46.67938209693696%)"><small>☆</small><span class="username" data-name="byronthewellwell">byronthewellwell</span>:</strong> <em>lol this is cancer</em></div><div class="spacer battle-history"><br></div><div class="battle-history">The opposing Venusaur used <strong>Sludge Bomb</strong>!<br></div><div class="battle-history"><small>(Venusaur lost <abbr title="−100/364">27.5%</abbr> of its health!)</small><br></div><div class="spacer battle-history"><br></div><div class="battle-history">Venusaur used <strong>Synthesis</strong>!<br></div><div class="battle-history"><small>Venusaur restored its HP.</small><br></div><div class="spacer battle-history"><br></div><div class="battle-history"><small>Venusaur restored a little HP using its Black Sludge!</small><br></div><div class="spacer battle-history"><br></div><h2 class="battle-history">Turn 11</h2><div class="chat chatmessage-beelbe"><strong style="color:hsl(282,42%,49.59030171278378%)"><small>☆</small><span class="username" data-name="Be El Be">Be El Be</span>:</strong> <em>regimola</em></div><div class="spacer battle-history"><br></div><div class="battle-history">The opposing Venusaur used <strong>Sludge Bomb</strong>!<br></div><div class="battle-history"><small>(Venusaur lost <abbr title="−106/364">29.1%</abbr> of its health!)</small><br></div><div class="spacer battle-history"><br></div><div class="battle-history">Venusaur used <strong>Sludge Bomb</strong>!<br></div><div class="battle-history"><small>(The opposing Venusaur lost <abbr title="−108/364">29.7%</abbr> of its health!)</small><br></div><div class="spacer battle-history"><br></div><div class="battle-history"><small>The opposing Venusaur restored a little HP using its Black Sludge!</small><br></div><div class="battle-history"><small>Venusaur restored a little HP using its Black Sludge!</small><br></div><div class="spacer battle-history"><br></div><h2 class="battle-history">Turn 12</h2><div class="spacer battle-history"><br></div><div class="battle-history">The opposing Venusaur used <strong>Sludge Bomb</strong>!<br></div><div class="battle-history"><small>(Venusaur lost <abbr title="−103/364">28.3%</abbr> of its health!)</small><br></div><div class="spacer battle-history"><br></div><div class="battle-history">Venusaur used <strong>Sludge Bomb</strong>!<br></div><div class="battle-history"><small>(The opposing Venusaur lost <abbr title="−109/364">29.9%</abbr> of its health!)</small><br></div><div class="spacer battle-history"><br></div><div class="battle-history"><small>The opposing Venusaur restored a little HP using its Black Sludge!</small><br></div><div class="battle-history"><small>Venusaur restored a little HP using its Black Sludge!</small><br></div><div class="spacer battle-history"><br></div><h2 class="battle-history">Turn 13</h2><div class="spacer battle-history"><br></div><div class="battle-history">The opposing Venusaur used <strong>Sludge Bomb</strong>!<br></div><div class="battle-history"><small>(Venusaur lost <abbr title="−103/364">28.3%</abbr> of its health!)</small><br></div><div class="spacer battle-history"><br></div><div class="battle-history">Venusaur used <strong>Synthesis</strong>!<br></div><div class="battle-history"><small>Venusaur restored its HP.</small><br></div><div class="spacer battle-history"><br></div><div class="battle-history"><small>The opposing Venusaur restored a little HP using its Black Sludge!</small><br></div><div class="battle-history"><small>Venusaur restored a little HP using its Black Sludge!</small><br></div><div class="spacer battle-history"><br></div><h2 class="battle-history">Turn 14</h2><div class="spacer battle-history"><br></div><div class="battle-history">The opposing Venusaur used <strong>Synthesis</strong>!<br></div><div class="battle-history"><small>The opposing Venusaur restored its HP.</small><br></div><div class="spacer battle-history"><br></div><div class="battle-history">Venusaur used <strong>Sludge Bomb</strong>!<br></div><div class="battle-history"><small>(The opposing Venusaur lost <abbr title="−114/364">31.3%</abbr> of its health!)</small><br></div><div class="spacer battle-history"><br></div><div class="battle-history"><small>The opposing Venusaur restored a little HP using its Black Sludge!</small><br></div><div class="battle-history"><small>Venusaur restored a little HP using its Black Sludge!</small><br></div><div class="spacer battle-history"><br></div><h2 class="battle-history">Turn 15</h2><div class="spacer battle-history"><br></div><div class="battle-history">The opposing Venusaur used <strong>Sludge Bomb</strong>!<br></div><div class="battle-history"><small>(Venusaur lost <abbr title="−100/364">27.5%</abbr> of its health!)</small><br></div><div class="spacer battle-history"><br></div><div class="battle-history">Venusaur used <strong>Sludge Bomb</strong>!<br></div><div class="battle-history"><small>(The opposing Venusaur lost <abbr title="−108/364">29.7%</abbr> of its health!)</small><br></div><div class="spacer battle-history"><br></div><div class="battle-history"><small>The opposing Venusaur restored a little HP using its Black Sludge!</small><br></div><div class="battle-history"><small>Venusaur restored a little HP using its Black Sludge!</small><br></div><div class="spacer battle-history"><br></div><h2 class="battle-history">Turn 16</h2><div class="chat chatmessage-byronthewellwell"><strong style="color:hsl(136,40%,46.67938209693696%)"><small>☆</small><span class="username" data-name="byronthewellwell">byronthewellwell</span>:</strong> <em>lol.</em></div><div class="chat chatmessage-beelbe"><strong style="color:hsl(282,42%,49.59030171278378%)"><small>☆</small><span class="username" data-name="Be El Be">Be El Be</span>:</strong> <em>dont be a hater byron</em></div><div class="spacer battle-history"><br></div><div class="battle-history">The opposing Venusaur used <strong>Synthesis</strong>!<br></div><div class="battle-history"><small>The opposing Venusaur restored its HP.</small><br></div><div class="spacer battle-history"><br></div><div class="battle-history">Venusaur used <strong>Sludge Bomb</strong>!<br></div><div class="battle-history"><small>(The opposing Venusaur lost <abbr title="−105/364">28.8%</abbr> of its health!)</small><br></div><div class="spacer battle-history"><br></div><div class="battle-history"><small>The opposing Venusaur restored a little HP using its Black Sludge!</small><br></div><div class="battle-history"><small>Venusaur restored a little HP using its Black Sludge!</small><br></div><div class="spacer battle-history"><br></div><h2 class="battle-history">Turn 17</h2><div class="spacer battle-history"><br></div><div class="battle-history">The opposing Venusaur used <strong>Sludge Bomb</strong>!<br></div><div class="battle-history"><small>(Venusaur lost <abbr title="−103/364">28.3%</abbr> of its health!)</small><br></div><div class="spacer battle-history"><br></div><div class="battle-history">Venusaur used <strong>Sludge Bomb</strong>!<br></div><div class="battle-history"><small>(The opposing Venusaur lost <abbr title="−112/364">30.8%</abbr> of its health!)</small><br></div><div class="spacer battle-history"><br></div><div class="battle-history"><small>The opposing Venusaur restored a little HP using its Black Sludge!</small><br></div><div class="battle-history"><small>Venusaur restored a little HP using its Black Sludge!</small><br></div><div class="spacer battle-history"><br></div><h2 class="battle-history">Turn 18</h2><div class="spacer battle-history"><br></div><div class="battle-history">The opposing Venusaur used <strong>Sludge Bomb</strong>!<br></div><div class="battle-history"><small>(Venusaur lost <abbr title="−97/364">26.6%</abbr> of its health!)</small><br></div><div class="spacer battle-history"><br></div><div class="battle-history">Venusaur used <strong>Synthesis</strong>!<br></div><div class="battle-history"><small>Venusaur restored its HP.</small><br></div><div class="spacer battle-history"><br></div><div class="battle-history"><small>The opposing Venusaur restored a little HP using its Black Sludge!</small><br></div><div class="battle-history"><small>Venusaur restored a little HP using its Black Sludge!</small><br></div><div class="spacer battle-history"><br></div><h2 class="battle-history">Turn 19</h2><div class="spacer battle-history"><br></div><div class="battle-history">The opposing Venusaur used <strong>Synthesis</strong>!<br></div><div class="battle-history"><small>The opposing Venusaur restored its HP.</small><br></div><div class="spacer battle-history"><br></div><div class="battle-history">Venusaur used <strong>Sludge Bomb</strong>!<br></div><div class="battle-history"><small>(The opposing Venusaur lost <abbr title="−103/364">28.3%</abbr> of its health!)</small><br></div><div class="spacer battle-history"><br></div><div class="battle-history"><small>The opposing Venusaur restored a little HP using its Black Sludge!</small><br></div><div class="battle-history"><small>Venusaur restored a little HP using its Black Sludge!</small><br></div><div class="spacer battle-history"><br></div><h2 class="battle-history">Turn 20</h2><div class="spacer battle-history"><br></div><div class="battle-history">Venusaur, come back!<br></div><div class="battle-history">Go! <strong>Magneton</strong>!<br></div><div class="spacer battle-history"><br></div><div class="battle-history">The opposing Venusaur used <strong>Sludge Bomb</strong>!<br></div><div class="battle-history"><small>It doesn't affect Magneton...</small><br></div><div class="spacer battle-history"><br></div><div class="battle-history"><small>The opposing Venusaur restored a little HP using its Black Sludge!</small><br></div><div class="spacer battle-history"><br></div><h2 class="battle-history">Turn 21</h2><div class="spacer battle-history"><br></div><div class="battle-history">Magneton used <strong>Volt Switch</strong>!<br></div><div class="battle-history"><small>It's not very effective...</small><br></div><div class="battle-history"><small>A critical hit!</small><br></div><div class="battle-history"><small>(The opposing Venusaur lost <abbr title="−138/364">37.9%</abbr> of its health!)</small><br></div><div class="spacer battle-history"><br></div><div class="battle-history">Magneton went back to byronthewellwell!<br></div><div class="battle-history">Go! <strong>Venusaur</strong>!<br></div><div class="spacer battle-history"><br></div><div class="battle-history">The opposing Venusaur used <strong>Synthesis</strong>!<br></div><div class="battle-history"><small>The opposing Venusaur restored its HP.</small><br></div><div class="spacer battle-history"><br></div><div class="battle-history"><small>The opposing Venusaur restored a little HP using its Black Sludge!</small><br></div><div class="battle-history"><small>Venusaur restored a little HP using its Black Sludge!</small><br></div><div class="spacer battle-history"><br></div><h2 class="battle-history">Turn 22</h2><div class="chat chatmessage-byronthewellwell"><strong style="color:hsl(136,40%,46.67938209693696%)"><small>☆</small><span class="username" data-name="byronthewellwell">byronthewellwell</span>:</strong> <em>played</em></div><div class="spacer battle-history"><br></div><div class="battle-history">The opposing Venusaur used <strong>Sludge Bomb</strong>!<br></div><div class="battle-history"><small>(Venusaur lost <abbr title="−103/364">28.3%</abbr> of its health!)</small><br></div><div class="spacer battle-history"><br></div><div class="battle-history">Venusaur used <strong>Sludge Bomb</strong>!<br></div><div class="battle-history"><small>(The opposing Venusaur lost <abbr title="−100/364">27.5%</abbr> of its health!)</small><br></div><div class="spacer battle-history"><br></div><div class="battle-history"><small>The opposing Venusaur restored a little HP using its Black Sludge!</small><br></div><div class="battle-history"><small>Venusaur restored a little HP using its Black Sludge!</small><br></div><div class="spacer battle-history"><br></div><h2 class="battle-history">Turn 23</h2><div class="chat chatmessage-byronthewellwell"><strong style="color:hsl(136,40%,46.67938209693696%)"><small>☆</small><span class="username" data-name="byronthewellwell">byronthewellwell</span>:</strong> <em>Minority - Today at 2:59 PM</em></div><div class="chat chatmessage-byronthewellwell"><strong style="color:hsl(136,40%,46.67938209693696%)"><small>☆</small><span class="username" data-name="byronthewellwell">byronthewellwell</span>:</strong> <em>darkness personified would probably be my waifu</em></div><div class="chat chatmessage-byronthewellwell"><strong style="color:hsl(136,40%,46.67938209693696%)"><small>☆</small><span class="username" data-name="byronthewellwell">byronthewellwell</span>:</strong> <em>hahaha</em></div><div class="spacer battle-history"><br></div><div class="battle-history">The opposing Venusaur used <strong>Sludge Bomb</strong>!<br></div><div class="battle-history"><small>(Venusaur lost <abbr title="−106/364">29.1%</abbr> of its health!)</small><br></div><div class="spacer battle-history"><br></div><div class="battle-history">Venusaur used <strong>Sludge Bomb</strong>!<br></div><div class="battle-history"><small>(The opposing Venusaur lost <abbr title="−97/364">26.6%</abbr> of its health!)</small><br></div><div class="spacer battle-history"><br></div><div class="battle-history"><small>The opposing Venusaur restored a little HP using its Black Sludge!</small><br></div><div class="battle-history"><small>Venusaur restored a little HP using its Black Sludge!</small><br></div><div class="spacer battle-history"><br></div><h2 class="battle-history">Turn 24</h2><div class="spacer battle-history"><br></div><div class="battle-history">Be El Be withdrew Venusaur!<br></div><div class="battle-history">Be El Be sent out <strong>Drapion</strong>!<br></div><div class="spacer battle-history"><br></div><div class="battle-history">Venusaur used <strong>Synthesis</strong>!<br></div><div class="battle-history"><small>Venusaur restored its HP.</small><br></div><div class="spacer battle-history"><br></div><div class="battle-history"><small>Venusaur restored a little HP using its Black Sludge!</small><br></div><div class="spacer battle-history"><br></div><h2 class="battle-history">Turn 25</h2><div class="chat chatmessage-beelbe"><strong style="color:hsl(282,42%,49.59030171278378%)"><small>☆</small><span class="username" data-name="Be El Be">Be El Be</span>:</strong> <em>my boy</em></div><div class="spacer battle-history"><br></div><div class="battle-history">The opposing Drapion used <strong>Swords Dance</strong>!<br></div><div class="battle-history"><small>The opposing Drapion's Attack rose sharply!</small><br></div><div class="spacer battle-history"><br></div><div class="battle-history">Venusaur used <strong>Leech Seed</strong>!<br></div><div class="battle-history"><small>The opposing Drapion avoided the attack!</small><br></div><div class="spacer battle-history"><br></div><h2 class="battle-history">Turn 26</h2><div class="chat chatmessage-byronthewellwell"><strong style="color:hsl(136,40%,46.67938209693696%)"><small>☆</small><span class="username" data-name="byronthewellwell">byronthewellwell</span>:</strong> <em>FUCK</em></div><div class="spacer battle-history"><br></div><div class="battle-history">The opposing Drapion used <strong>Knock Off</strong>!<br></div><div class="battle-history"><small>(Venusaur lost <abbr title="−220/364">60.4%</abbr> of its health!)</small><br></div><div class="battle-history"><small>The opposing Drapion knocked off Venusaur's Black Sludge!</small><br></div><div class="spacer battle-history"><br></div><div class="battle-history">Venusaur used <strong>Leech Seed</strong>!<br></div><div class="battle-history"><small>The opposing Drapion avoided the attack!</small><br></div><div class="spacer battle-history"><br></div><h2 class="battle-history">Turn 27</h2><div class="chat chatmessage-beelbe"><strong style="color:hsl(282,42%,49.59030171278378%)"><small>☆</small><span class="username" data-name="Be El Be">Be El Be</span>:</strong> <em>get owned</em></div><div class="spacer battle-history"><br></div><div class="battle-history">The opposing Drapion used <strong>Poison Jab</strong>!<br></div><div class="battle-history"><small>A critical hit!</small><br></div><div class="battle-history"><small>(Venusaur lost <abbr title="−144/364">39.6%</abbr> of its health!)</small><br></div><div class="spacer battle-history"><br></div><div class="battle-history">Venusaur fainted!<br></div><div class="spacer battle-history"><br></div><div class="battle-history">Go! Scooter (<strong>Scyther</strong>)!<br></div><div class="spacer battle-history"><br></div><h2 class="battle-history">Turn 28</h2><div class="chat chatmessage-beelbe"><strong style="color:hsl(282,42%,49.59030171278378%)"><small>☆</small><span class="username" data-name="Be El Be">Be El Be</span>:</strong> <em>tbf this still won even with the seed</em></div><div class="spacer battle-history"><br></div><div class="battle-history">Scooter used <strong>U-turn</strong>!<br></div><div class="battle-history"><small>(The opposing Drapion lost <abbr title="−156/281">55.5%</abbr> of its health!)</small><br></div><div class="chat chatmessage-byronthewellwell"><strong style="color:hsl(136,40%,46.67938209693696%)"><small>☆</small><span class="username" data-name="byronthewellwell">byronthewellwell</span>:</strong> <em>n</em></div><div class="chat chatmessage-byronthewellwell"><strong style="color:hsl(136,40%,46.67938209693696%)"><small>☆</small><span class="username" data-name="byronthewellwell">byronthewellwell</span>:</strong> <em>ariel</em></div><div class="chat chatmessage-byronthewellwell"><strong style="color:hsl(136,40%,46.67938209693696%)"><small>☆</small><span class="username" data-name="byronthewellwell">byronthewellwell</span>:</strong> <em>does like</em></div><div class="chat chatmessage-byronthewellwell"><strong style="color:hsl(136,40%,46.67938209693696%)"><small>☆</small><span class="username" data-name="byronthewellwell">byronthewellwell</span>:</strong> <em>75</em></div><div class="chat chatmessage-beelbe"><strong style="color:hsl(282,42%,49.59030171278378%)"><small>☆</small><span class="username" data-name="Be El Be">Be El Be</span>:</strong> <em>?</em></div><div class="spacer battle-history"><br></div><div class="battle-history">Scooter went back to byronthewellwell!<br></div><div class="battle-history">Go! <strong>Magneton</strong>!<br></div><div class="spacer battle-history"><br></div><div class="battle-history">The opposing Drapion used <strong>Poison Jab</strong>!<br></div><div class="battle-history"><small>It doesn't affect Magneton...</small><br></div><div class="spacer battle-history"><br></div><h2 class="battle-history">Turn 29</h2><div class="chat chatmessage-beelbe"><strong style="color:hsl(282,42%,49.59030171278378%)"><small>☆</small><span class="username" data-name="Be El Be">Be El Be</span>:</strong> <em>no</em></div><div class="chat chatmessage-byronthewellwell"><strong style="color:hsl(136,40%,46.67938209693696%)"><small>☆</small><span class="username" data-name="byronthewellwell">byronthewellwell</span>:</strong> <em>252 Atk Choice Band Technician Scyther Aerial Ace vs. 0 HP / 4 Def Drapion: 180-213 (64 - 75.8%) -- guaranteed 2HKO</em></div><div class="chat chatmessage-byronthewellwell"><strong style="color:hsl(136,40%,46.67938209693696%)"><small>☆</small><span class="username" data-name="byronthewellwell">byronthewellwell</span>:</strong> <em>are you gay yes</em></div><div class="chat chatmessage-beelbe"><strong style="color:hsl(282,42%,49.59030171278378%)"><small>☆</small><span class="username" data-name="Be El Be">Be El Be</span>:</strong> <em>you have a flygon idiot</em></div><div class="chat chatmessage-beelbe"><strong style="color:hsl(282,42%,49.59030171278378%)"><small>☆</small><span class="username" data-name="Be El Be">Be El Be</span>:</strong> <em>wait nvm</em></div><div class="chat chatmessage-beelbe"><strong style="color:hsl(282,42%,49.59030171278378%)"><small>☆</small><span class="username" data-name="Be El Be">Be El Be</span>:</strong> <em>you are a bad flygon</em></div><div class="spacer battle-history"><br></div><div class="battle-history">Magneton, come back!<br></div><div class="battle-history">Go! <strong>Diancie</strong>!<br></div><div class="spacer battle-history"><br></div><div class="battle-history">The opposing Drapion used <strong>Knock Off</strong>!<br></div><div class="battle-history"><small>It's not very effective...</small><br></div><div class="battle-history"><small>(Diancie lost <abbr title="−96/299">32.1%</abbr> of its health!)</small><br></div><div class="battle-history"><small>The opposing Drapion knocked off Diancie's Leftovers!</small><br></div><div class="spacer battle-history"><br></div><h2 class="battle-history">Turn 30</h2><div class="spacer battle-history"><br></div><div class="battle-history">The opposing Drapion used <strong>Poison Jab</strong>!<br></div><div class="battle-history"><small>(Diancie lost <abbr title="−141/299">47.2%</abbr> of its health!)</small><br></div><div class="spacer battle-history"><br></div><div class="battle-history">Diancie used <strong>Moonblast</strong>!<br></div><div class="battle-history"><small>(The opposing Drapion lost <abbr title="−125/281">44.5%</abbr> of its health!)</small><br></div><div class="spacer battle-history"><br></div><div class="battle-history">The opposing Drapion fainted!<br></div><div class="chat chatmessage-byronthewellwell"><strong style="color:hsl(136,40%,46.67938209693696%)"><small>☆</small><span class="username" data-name="byronthewellwell">byronthewellwell</span>:</strong> <em>fuck</em></div><div class="chat chatmessage-byronthewellwell"><strong style="color:hsl(136,40%,46.67938209693696%)"><small>☆</small><span class="username" data-name="byronthewellwell">byronthewellwell</span>:</strong> <em>rock is a poison resist</em></div><div class="chat chatmessage-beelbe"><strong style="color:hsl(282,42%,49.59030171278378%)"><small>☆</small><span class="username" data-name="Be El Be">Be El Be</span>:</strong> <em>i have aqua tail</em></div><div class="spacer battle-history"><br></div><div class="battle-history">Be El Be sent out <strong>Blastoise</strong>!<br></div><div class="spacer battle-history"><br></div><h2 class="battle-history">Turn 31</h2><div class="spacer battle-history"><br></div><div class="battle-history">Diancie, come back!<br></div><div class="battle-history">Go! <strong>Slowking</strong>!<br></div><div class="spacer battle-history"><br></div><div class="battle-history">The opposing Blastoise used <strong>Scald</strong>!<br></div><div class="battle-history"><small>It's not very effective...</small><br></div><div class="battle-history"><small>(Slowking lost <abbr title="−37/394">9.4%</abbr> of its health!)</small><br></div><div class="spacer battle-history"><br></div><div class="battle-history"><small>The opposing Blastoise restored a little HP using its Leftovers!</small><br></div><div class="battle-history"><small>Slowking restored a little HP using its Leftovers!</small><br></div><div class="battle-history"><small>Slowking was hurt by its burn!</small><br></div><div class="spacer battle-history"><br></div><h2 class="battle-history">Turn 32</h2><div class="spacer battle-history"><br></div><div class="battle-history">Be El Be withdrew Blastoise!<br></div><div class="battle-history">Be El Be sent out <strong>Venusaur</strong>!<br></div><div class="spacer battle-history"><br></div><div class="battle-history">Slowking used <strong>Scald</strong>!<br></div><div class="battle-history"><small>It's not very effective...</small><br></div><div class="battle-history"><small>(The opposing Venusaur lost <abbr title="−49/364">13.5%</abbr> of its health!)</small><br></div><div class="spacer battle-history"><br></div><div class="battle-history"><small>The opposing Venusaur restored a little HP using its Black Sludge!</small><br></div><div class="battle-history"><small>Slowking restored a little HP using its Leftovers!</small><br></div><div class="battle-history"><small>Slowking was hurt by its burn!</small><br></div><div class="spacer battle-history"><br></div><h2 class="battle-history">Turn 33</h2><div class="spacer battle-history"><br></div><div class="battle-history">The opposing Venusaur used <strong>Leech Seed</strong>!<br></div><div class="battle-history"><small>Slowking was seeded!</small><br></div><div class="spacer battle-history"><br></div><div class="battle-history">Slowking used <strong>Thunder Wave</strong>!<br></div><div class="battle-history"><small>The opposing Venusaur is paralyzed! It may be unable to move!</small><br></div><div class="spacer battle-history"><br></div><div class="battle-history"><small>Slowking restored a little HP using its Leftovers!</small><br></div><div class="battle-history"><small>The opposing Venusaur restored a little HP using its Black Sludge!</small><br></div><div class="battle-history"><small>Slowking's health is sapped by Leech Seed!</small><br></div><div class="battle-history"><small>Slowking was hurt by its burn!</small><br></div><div class="spacer battle-history"><br></div><h2 class="battle-history">Turn 34</h2><div class="chat chatmessage-byronthewellwell"><strong style="color:hsl(136,40%,46.67938209693696%)"><small>☆</small><span class="username" data-name="byronthewellwell">byronthewellwell</span>:</strong> <em>at least its fun not having animations</em></div><div class="spacer battle-history"><br></div><div class="battle-history">Slowking, come back!<br></div><div class="battle-history">Go! <strong>Magneton</strong>!<br></div><div class="spacer battle-history"><br></div><div class="battle-history">The opposing Venusaur used <strong>Leech Seed</strong>!<br></div><div class="battle-history"><small>Magneton was seeded!</small><br></div><div class="spacer battle-history"><br></div><div class="battle-history"><small>The opposing Venusaur restored a little HP using its Black Sludge!</small><br></div><div class="battle-history"><small>Magneton's health is sapped by Leech Seed!</small><br></div><div class="spacer battle-history"><br></div><h2 class="battle-history">Turn 35</h2><div class="chat chatmessage-beelbe"><strong style="color:hsl(282,42%,49.59030171278378%)"><small>☆</small><span class="username" data-name="Be El Be">Be El Be</span>:</strong> <em>it is man</em></div><div class="spacer battle-history"><br></div><div class="battle-history">Magneton used <strong>Flash Cannon</strong>!<br></div><div class="battle-history"><small>(The opposing Venusaur lost <abbr title="−213/364">58.5%</abbr> of its health!)</small><br></div><div class="spacer battle-history"><br></div><div class="battle-history">The opposing Venusaur is paralyzed! It can't move!<br></div><div class="spacer battle-history"><br></div><div class="battle-history"><small>The opposing Venusaur restored a little HP using its Black Sludge!</small><br></div><div class="battle-history"><small>Magneton's health is sapped by Leech Seed!</small><br></div><div class="spacer battle-history"><br></div><h2 class="battle-history">Turn 36</h2><div class="spacer battle-history"><br></div><div class="battle-history">Magneton, come back!<br></div><div class="battle-history">Go! <strong>Slowking</strong>!<br></div><div class="spacer battle-history"><br></div><div class="battle-history">Be El Be withdrew Venusaur!<br></div><div class="battle-history">Be El Be sent out <strong>Blastoise</strong>!<br></div><div class="spacer battle-history"><br></div><div class="battle-history"><small>Slowking restored a little HP using its Leftovers!</small><br></div><div class="battle-history"><small>Slowking was hurt by its burn!</small><br></div><div class="spacer battle-history"><br></div><h2 class="battle-history">Turn 37</h2><div class="spacer battle-history"><br></div><div class="battle-history">Be El Be withdrew Blastoise!<br></div><div class="battle-history">Be El Be sent out <strong>Venusaur</strong>!<br></div><div class="spacer battle-history"><br></div><div class="battle-history">Slowking used <strong>Dragon Tail</strong>!<br></div><div class="battle-history"><small>(The opposing Venusaur lost <abbr title="−13/364">3.6%</abbr> of its health!)</small><br></div><div class="spacer battle-history"><br></div><div class="battle-history"><strong>Blastoise</strong> was dragged out!<br></div><div class="spacer battle-history"><br></div><div class="battle-history"><small>Slowking restored a little HP using its Leftovers!</small><br></div><div class="battle-history"><small>Slowking was hurt by its burn!</small><br></div><div class="spacer battle-history"><br></div><h2 class="battle-history">Turn 38</h2><div class="chat chatmessage-byronthewellwell"><strong style="color:hsl(136,40%,46.67938209693696%)"><small>☆</small><span class="username" data-name="byronthewellwell">byronthewellwell</span>:</strong> <em>lolol</em></div><div class="spacer battle-history"><br></div><div class="battle-history">Be El Be withdrew Blastoise!<br></div><div class="battle-history">Be El Be sent out <strong>Venusaur</strong>!<br></div><div class="spacer battle-history"><br></div><div class="battle-history">Slowking used <strong>Scald</strong>!<br></div><div class="battle-history"><small>It's not very effective...</small><br></div><div class="battle-history"><small>(The opposing Venusaur lost <abbr title="−45/364">12.4%</abbr> of its health!)</small><br></div><div class="spacer battle-history"><br></div><div class="battle-history"><small>Slowking restored a little HP using its Leftovers!</small><br></div><div class="battle-history"><small>The opposing Venusaur restored a little HP using its Black Sludge!</small><br></div><div class="battle-history"><small>Slowking was hurt by its burn!</small><br></div><div class="spacer battle-history"><br></div><h2 class="battle-history">Turn 39</h2><div class="spacer battle-history"><br></div><div class="battle-history">Slowking, come back!<br></div><div class="battle-history">Go! <strong>Flygon</strong>!<br></div><div class="spacer battle-history"><br></div><div class="battle-history">Be El Be withdrew Venusaur!<br></div><div class="battle-history">Be El Be sent out <strong>Uxie</strong>!<br></div><div class="spacer battle-history"><br></div><h2 class="battle-history">Turn 40</h2><div class="chat chatmessage-beelbe"><strong style="color:hsl(282,42%,49.59030171278378%)"><small>☆</small><span class="username" data-name="Be El Be">Be El Be</span>:</strong> <em>hm</em></div><div class="spacer battle-history"><br></div><div class="battle-history">Flygon used <strong>Roost</strong>!<br></div><div class="battle-history"><small>Flygon restored its HP.</small><br></div><div class="spacer battle-history"><br></div><div class="battle-history">The opposing Uxie used <strong>Stealth Rock</strong>!<br></div><div class="battle-history"><small>Pointed stones float in the air around your team!</small><br></div><div class="spacer battle-history"><br></div><h2 class="battle-history">Turn 41</h2><div class="spacer battle-history"><br></div><div class="battle-history">Flygon used <strong>Defog</strong>!<br></div><div class="battle-history"><small>The opposing Uxie's evasiveness fell!</small><br></div><div class="battle-history"><small>The pointed stones disappeared from around your team!</small><br></div><div class="spacer battle-history"><br></div><div class="battle-history">The opposing Uxie used <strong>U-turn</strong>!<br></div><div class="battle-history"><small>(Flygon lost <abbr title="−44/364">12.1%</abbr> of its health!)</small><br></div><div class="spacer battle-history"><br></div><div class="battle-history">The opposing Uxie went back to Be El Be!<br></div><div class="battle-history">Be El Be sent out <strong>Rhyperior</strong>!<br></div><div class="spacer battle-history"><br></div><h2 class="battle-history">Turn 42</h2><div class="spacer battle-history"><br></div><div class="battle-history">Flygon used <strong>U-turn</strong>!<br></div><div class="battle-history"><small>(The opposing Rhyperior lost <abbr title="−43/380">11.3%</abbr> of its health!)</small><br></div><div class="spacer battle-history"><br></div><div class="battle-history">Flygon went back to byronthewellwell!<br></div><div class="battle-history">Go! <strong>Slowking</strong>!<br></div><div class="spacer battle-history"><br></div><div class="battle-history">The opposing Rhyperior used <strong>Ice Punch</strong>!<br></div><div class="battle-history"><small>It's not very effective...</small><br></div><div class="battle-history"><small>(Slowking lost <abbr title="−62/394">15.7%</abbr> of its health!)</small><br></div><div class="spacer battle-history"><br></div><div class="battle-history"><small>Slowking restored a little HP using its Leftovers!</small><br></div><div class="battle-history"><small>Slowking was hurt by its burn!</small><br></div><div class="spacer battle-history"><br></div><h2 class="battle-history">Turn 43</h2><div class="spacer battle-history"><br></div><div class="battle-history">Be El Be withdrew Rhyperior!<br></div><div class="battle-history">Be El Be sent out <strong>Venusaur</strong>!<br></div><div class="spacer battle-history"><br></div><div class="battle-history">Slowking used <strong>Scald</strong>!<br></div><div class="battle-history"><small>It's not very effective...</small><br></div><div class="battle-history"><small>(The opposing Venusaur lost <abbr title="−45/364">12.4%</abbr> of its health!)</small><br></div><div class="spacer battle-history"><br></div><div class="battle-history"><small>Slowking restored a little HP using its Leftovers!</small><br></div><div class="battle-history"><small>The opposing Venusaur restored a little HP using its Black Sludge!</small><br></div><div class="battle-history"><small>Slowking was hurt by its burn!</small><br></div><div class="spacer battle-history"><br></div><h2 class="battle-history">Turn 44</h2><div class="spacer battle-history"><br></div><div class="battle-history">Slowking, come back!<br></div><div class="battle-history">Go! <strong>Magneton</strong>!<br></div><div class="spacer battle-history"><br></div><div class="battle-history">The opposing Venusaur used <strong>Synthesis</strong>!<br></div><div class="battle-history"><small>The opposing Venusaur restored its HP.</small><br></div><div class="spacer battle-history"><br></div><div class="battle-history"><small>The opposing Venusaur restored a little HP using its Black Sludge!</small><br></div><div class="spacer battle-history"><br></div><h2 class="battle-history">Turn 45</h2><div class="spacer battle-history"><br></div><div class="battle-history">Magneton used <strong>Flash Cannon</strong>!<br></div><div class="battle-history"><small>(The opposing Venusaur lost <abbr title="−205/364">56.3%</abbr> of its health!)</small><br></div><div class="spacer battle-history"><br></div><div class="battle-history">The opposing Venusaur used <strong>Synthesis</strong>!<br></div><div class="battle-history"><small>The opposing Venusaur restored its HP.</small><br></div><div class="spacer battle-history"><br></div><div class="battle-history"><small>The opposing Venusaur restored a little HP using its Black Sludge!</small><br></div><div class="spacer battle-history"><br></div><h2 class="battle-history">Turn 46</h2><div class="spacer battle-history"><br></div><div class="battle-history">Be El Be withdrew Venusaur!<br></div><div class="battle-history">Be El Be sent out <strong>Blastoise</strong>!<br></div><div class="spacer battle-history"><br></div><div class="battle-history">Magneton used <strong>Flash Cannon</strong>!<br></div><div class="battle-history"><small>It's not very effective...</small><br></div><div class="battle-history"><small>(The opposing Blastoise lost <abbr title="−143/362">39.5%</abbr> of its health!)</small><br></div><div class="spacer battle-history"><br></div><div class="battle-history"><small>The opposing Blastoise restored a little HP using its Leftovers!</small><br></div><div class="spacer battle-history"><br></div><h2 class="battle-history">Turn 47</h2><div class="spacer battle-history"><br></div><div class="battle-history">Magneton, come back!<br></div><div class="battle-history">Go! <strong>Slowking</strong>!<br></div><div class="spacer battle-history"><br></div><div class="battle-history">The opposing Blastoise used <strong>Scald</strong>!<br></div><div class="battle-history"><small>It's not very effective...</small><br></div><div class="battle-history"><small>(Slowking lost <abbr title="−39/394">9.9%</abbr> of its health!)</small><br></div><div class="spacer battle-history"><br></div><div class="battle-history"><small>The opposing Blastoise restored a little HP using its Leftovers!</small><br></div><div class="battle-history"><small>Slowking restored a little HP using its Leftovers!</small><br></div><div class="battle-history"><small>Slowking was hurt by its burn!</small><br></div><div class="spacer battle-history"><br></div><h2 class="battle-history">Turn 48</h2><div class="spacer battle-history"><br></div><div class="battle-history">The opposing Blastoise used <strong>Scald</strong>!<br></div><div class="battle-history"><small>It's not very effective...</small><br></div><div class="battle-history"><small>(Slowking lost <abbr title="−38/394">9.6%</abbr> of its health!)</small><br></div><div class="spacer battle-history"><br></div><div class="battle-history">Slowking used <strong>Scald</strong>!<br></div><div class="battle-history"><small>It's not very effective...</small><br></div><div class="battle-history"><small>(The opposing Blastoise lost <abbr title="−43/362">11.9%</abbr> of its health!)</small><br></div><div class="spacer battle-history"><br></div><div class="battle-history"><small>The opposing Blastoise restored a little HP using its Leftovers!</small><br></div><div class="battle-history"><small>Slowking restored a little HP using its Leftovers!</small><br></div><div class="battle-history"><small>Slowking was hurt by its burn!</small><br></div><div class="spacer battle-history"><br></div><h2 class="battle-history">Turn 49</h2><div class="spacer battle-history"><br></div><div class="battle-history">The opposing Blastoise used <strong>Scald</strong>!<br></div><div class="battle-history"><small>It's not very effective...</small><br></div><div class="battle-history"><small>(Slowking lost <abbr title="−36/394">9.1%</abbr> of its health!)</small><br></div><div class="spacer battle-history"><br></div><div class="battle-history">Slowking used <strong>Scald</strong>!<br></div><div class="battle-history"><small>It's not very effective...</small><br></div><div class="battle-history"><small>(The opposing Blastoise lost <abbr title="−48/362">13.3%</abbr> of its health!)</small><br></div><div class="battle-history"><small>The opposing Blastoise was burned!</small><br></div><div class="spacer battle-history"><br></div><div class="battle-history"><small>The opposing Blastoise restored a little HP using its Leftovers!</small><br></div><div class="battle-history"><small>Slowking restored a little HP using its Leftovers!</small><br></div><div class="battle-history"><small>The opposing Blastoise was hurt by its burn!</small><br></div><div class="battle-history"><small>Slowking was hurt by its burn!</small><br></div><div class="spacer battle-history"><br></div><h2 class="battle-history">Turn 50</h2><div class="spacer battle-history"><br></div><div class="battle-history">The opposing Blastoise used <strong>Refresh</strong>!<br></div><div class="battle-history"><small>The opposing Blastoise's burn was healed.</small><br></div><div class="spacer battle-history"><br></div><div class="battle-history">Slowking used <strong>Slack Off</strong>!<br></div><div class="battle-history"><small>Slowking restored its HP.</small><br></div><div class="spacer battle-history"><br></div><div class="battle-history"><small>The opposing Blastoise restored a little HP using its Leftovers!</small><br></div><div class="battle-history"><small>Slowking was hurt by its burn!</small><br></div><div class="spacer battle-history"><br></div><h2 class="battle-history">Turn 51</h2><div class="spacer battle-history"><br></div><div class="battle-history">Be El Be withdrew Blastoise!<br></div><div class="battle-history">Be El Be sent out <strong>Venusaur</strong>!<br></div><div class="spacer battle-history"><br></div><div class="battle-history">Slowking used <strong>Scald</strong>!<br></div><div class="battle-history"><small>It's not very effective...</small><br></div><div class="battle-history"><small>(The opposing Venusaur lost <abbr title="−49/364">13.5%</abbr> of its health!)</small><br></div><div class="spacer battle-history"><br></div><div class="battle-history"><small>Slowking restored a little HP using its Leftovers!</small><br></div><div class="battle-history"><small>The opposing Venusaur restored a little HP using its Black Sludge!</small><br></div><div class="battle-history"><small>Slowking was hurt by its burn!</small><br></div><div class="spacer battle-history"><br></div><h2 class="battle-history">Turn 52</h2><div class="spacer battle-history"><br></div><div class="battle-history">Slowking, come back!<br></div><div class="battle-history">Go! <strong>Flygon</strong>!<br></div><div class="spacer battle-history"><br></div><div class="battle-history">The opposing Venusaur used <strong>Leech Seed</strong>!<br></div><div class="battle-history"><small>Flygon was seeded!</small><br></div><div class="spacer battle-history"><br></div><div class="battle-history"><small>The opposing Venusaur restored a little HP using its Black Sludge!</small><br></div><div class="battle-history"><small>Flygon's health is sapped by Leech Seed!</small><br></div><div class="spacer battle-history"><br></div><h2 class="battle-history">Turn 53</h2><div class="spacer battle-history"><br></div><div class="battle-history">Flygon used <strong>U-turn</strong>!<br></div><div class="battle-history"><small>(The opposing Venusaur lost <abbr title="−49/364">13.5%</abbr> of its health!)</small><br></div><div class="spacer battle-history"><br></div><div class="battle-history">Flygon went back to byronthewellwell!<br></div><div class="battle-history">Go! <strong>Magneton</strong>!<br></div><div class="spacer battle-history"><br></div><div class="battle-history">The opposing Venusaur is paralyzed! It can't move!<br></div><div class="spacer battle-history"><br></div><div class="battle-history"><small>The opposing Venusaur restored a little HP using its Black Sludge!</small><br></div><div class="spacer battle-history"><br></div><h2 class="battle-history">Turn 54</h2><div class="spacer battle-history"><br></div><div class="battle-history">Magneton used <strong>Flash Cannon</strong>!<br></div><div class="battle-history"><small>(The opposing Venusaur lost <abbr title="−217/364">59.6%</abbr> of its health!)</small><br></div><div class="spacer battle-history"><br></div><div class="battle-history">The opposing Venusaur used <strong>Leech Seed</strong>!<br></div><div class="battle-history"><small>Magneton was seeded!</small><br></div><div class="spacer battle-history"><br></div><div class="battle-history"><small>The opposing Venusaur restored a little HP using its Black Sludge!</small><br></div><div class="battle-history"><small>Magneton's health is sapped by Leech Seed!</small><br></div><div class="spacer battle-history"><br></div><h2 class="battle-history">Turn 55</h2><div class="spacer battle-history"><br></div><div class="battle-history">Magneton, come back!<br></div><div class="battle-history">Go! <strong>Flygon</strong>!<br></div><div class="spacer battle-history"><br></div><div class="battle-history">Be El Be withdrew Venusaur!<br></div><div class="battle-history">Be El Be sent out <strong>Jolteon</strong>!<br></div><div class="spacer battle-history"><br></div><h2 class="battle-history">Turn 56</h2><div class="spacer battle-history"><br></div><div class="battle-history">Flygon, come back!<br></div><div class="battle-history">Go! <strong>Diancie</strong>!<br></div><div class="spacer battle-history"><br></div><div class="battle-history">The opposing Jolteon used <strong>Volt Switch</strong>!<br></div><div class="battle-history"><small>(Diancie lost <abbr title="−62/299">20.7%</abbr> of its health!)</small><br></div><div class="spacer battle-history"><br></div><div class="battle-history">Diancie fainted!<br></div><div class="spacer battle-history"><br></div><div class="battle-history">The opposing Jolteon went back to Be El Be!<br></div><div class="battle-history">Be El Be sent out <strong>Rhyperior</strong>!<br></div><div class="spacer battle-history"><br></div><div class="battle-history">Go! <strong>Magneton</strong>!<br></div><div class="spacer battle-history"><br></div><h2 class="battle-history">Turn 57</h2><div class="spacer battle-history"><br></div><div class="battle-history">Be El Be withdrew Rhyperior!<br></div><div class="battle-history">Be El Be sent out <strong>Venusaur</strong>!<br></div><div class="spacer battle-history"><br></div><div class="battle-history">Magneton used <strong>Flash Cannon</strong>!<br></div><div class="battle-history"><small>(The opposing Venusaur lost <abbr title="−138/364">37.9%</abbr> of its health!)</small><br></div><div class="spacer battle-history"><br></div><div class="battle-history">The opposing Venusaur fainted!<br></div><div class="spacer battle-history"><br></div><div class="battle-history">Be El Be sent out <strong>Jolteon</strong>!<br></div><div class="spacer battle-history"><br></div><h2 class="battle-history">Turn 58</h2><div class="spacer battle-history"><br></div><div class="battle-history">Magneton, come back!<br></div><div class="battle-history">Go! Scooter (<strong>Scyther</strong>)!<br></div><div class="spacer battle-history"><br></div><div class="battle-history">The opposing Jolteon used <strong>Shadow Ball</strong>!<br></div><div class="battle-history"><small>(Scooter lost <abbr title="−143/281">50.9%</abbr> of its health!)</small><br></div><div class="spacer battle-history"><br></div><h2 class="battle-history">Turn 59</h2><div class="spacer battle-history"><br></div><div class="battle-history">Scooter, come back!<br></div><div class="battle-history">Go! <strong>Flygon</strong>!<br></div><div class="spacer battle-history"><br></div><div class="battle-history">The opposing Jolteon used <strong>Shadow Ball</strong>!<br></div><div class="battle-history"><small>(Flygon lost <abbr title="−129/364">35.4%</abbr> of its health!)</small><br></div><div class="spacer battle-history"><br></div><h2 class="battle-history">Turn 60</h2><div class="spacer battle-history"><br></div><div class="battle-history">Be El Be withdrew Jolteon!<br></div><div class="battle-history">Be El Be sent out <strong>Blastoise</strong>!<br></div><div class="spacer battle-history"><br></div><div class="battle-history">Flygon used <strong>Roost</strong>!<br></div><div class="battle-history"><small>Flygon restored its HP.</small><br></div><div class="spacer battle-history"><br></div><div class="battle-history"><small>The opposing Blastoise restored a little HP using its Leftovers!</small><br></div><div class="spacer battle-history"><br></div><h2 class="battle-history">Turn 61</h2><div class="spacer battle-history"><br></div><div class="battle-history">Flygon used <strong>U-turn</strong>!<br></div><div class="battle-history"><small>(The opposing Blastoise lost <abbr title="−43/362">11.9%</abbr> of its health!)</small><br></div><div class="spacer battle-history"><br></div><div class="battle-history">Flygon went back to byronthewellwell!<br></div><div class="battle-history">Go! <strong>Slowking</strong>!<br></div><div class="spacer battle-history"><br></div><div class="battle-history">The opposing Blastoise used <strong>Scald</strong>!<br></div><div class="battle-history"><small>It's not very effective...</small><br></div><div class="battle-history"><small>(Slowking lost <abbr title="−39/394">9.9%</abbr> of its health!)</small><br></div><div class="spacer battle-history"><br></div><div class="battle-history"><small>The opposing Blastoise restored a little HP using its Leftovers!</small><br></div><div class="battle-history"><small>Slowking restored a little HP using its Leftovers!</small><br></div><div class="battle-history"><small>Slowking was hurt by its burn!</small><br></div><div class="spacer battle-history"><br></div><h2 class="battle-history">Turn 62</h2><div class="spacer battle-history"><br></div><div class="battle-history">Be El Be withdrew Blastoise!<br></div><div class="battle-history">Be El Be sent out <strong>Uxie</strong>!<br></div><div class="spacer battle-history"><br></div><div class="battle-history">Slowking used <strong>Thunder Wave</strong>!<br></div><div class="battle-history"><small>The opposing Uxie is already paralyzed.</small><br></div><div class="spacer battle-history"><br></div><div class="battle-history"><small>Slowking restored a little HP using its Leftovers!</small><br></div><div class="battle-history"><small>Slowking was hurt by its burn!</small><br></div><div class="spacer battle-history"><br></div><h2 class="battle-history">Turn 63</h2><div class="spacer battle-history"><br></div><div class="battle-history">Slowking, come back!<br></div><div class="battle-history">Go! Scooter (<strong>Scyther</strong>)!<br></div><div class="spacer battle-history"><br></div><div class="battle-history">The opposing Uxie used <strong>Stealth Rock</strong>!<br></div><div class="battle-history"><small>Pointed stones float in the air around your team!</small><br></div><div class="spacer battle-history"><br></div><h2 class="battle-history">Turn 64</h2><div class="spacer battle-history"><br></div><div class="battle-history">Scooter used <strong>U-turn</strong>!<br></div><div class="battle-history"><small>It's super effective!</small><br></div><div class="battle-history"><small>(The opposing Uxie lost <abbr title="−264/354">74.6%</abbr> of its health!)</small><br></div><div class="spacer battle-history"><br></div><div class="battle-history">Scooter went back to byronthewellwell!<br></div><div class="battle-history">Go! <strong>Magneton</strong>!<br></div><div class="battle-history"><small>Pointed stones dug into Magneton!</small><br></div><div class="spacer battle-history"><br></div><div class="battle-history">The opposing Uxie used <strong>U-turn</strong>!<br></div><div class="battle-history"><small>It's not very effective...</small><br></div><div class="battle-history"><small>(Magneton lost <abbr title="−20/241">8.3%</abbr> of its health!)</small><br></div><div class="spacer battle-history"><br></div><div class="battle-history">The opposing Uxie went back to Be El Be!<br></div><div class="battle-history">Be El Be sent out <strong>Jolteon</strong>!<br></div><div class="spacer battle-history"><br></div><h2 class="battle-history">Turn 65</h2><div class="spacer battle-history"><br></div><div class="battle-history">Magneton, come back!<br></div><div class="battle-history">Go! Scooter (<strong>Scyther</strong>)!<br></div><div class="battle-history"><small>Pointed stones dug into Scooter!</small><br></div><div class="spacer battle-history"><br></div><div class="battle-history">Scooter fainted!<br></div><div class="battle-history">The opposing Jolteon used <strong>Hidden Power</strong>!<br></div><div class="battle-history"><small>But there was no target...</small><br></div><div class="spacer battle-history"><br></div><div class="battle-history">Go! <strong>Magneton</strong>!<br></div><div class="battle-history"><small>Pointed stones dug into Magneton!</small><br></div><div class="spacer battle-history"><br></div><h2 class="battle-history">Turn 66</h2><div class="spacer battle-history"><br></div><div class="battle-history">Be El Be withdrew Jolteon!<br></div><div class="battle-history">Be El Be sent out <strong>Uxie</strong>!<br></div><div class="spacer battle-history"><br></div><div class="battle-history">Magneton used <strong>Flash Cannon</strong>!<br></div><div class="battle-history"><small>(The opposing Uxie lost <abbr title="−90/354">25.4%</abbr> of its health!)</small><br></div><div class="spacer battle-history"><br></div><div class="battle-history">The opposing Uxie fainted!<br></div><div class="spacer battle-history"><br></div><div class="battle-history">Be El Be sent out <strong>Blastoise</strong>!<br></div><div class="spacer battle-history"><br></div><h2 class="battle-history">Turn 67</h2><div class="spacer battle-history"><br></div><div class="battle-history">Magneton, come back!<br></div><div class="battle-history">Go! <strong>Slowking</strong>!<br></div><div class="battle-history"><small>Pointed stones dug into Slowking!</small><br></div><div class="spacer battle-history"><br></div><div class="battle-history">The opposing Blastoise used <strong>Scald</strong>!<br></div><div class="battle-history"><small>It's not very effective...</small><br></div><div class="battle-history"><small>(Slowking lost <abbr title="−39/394">9.9%</abbr> of its health!)</small><br></div><div class="spacer battle-history"><br></div><div class="battle-history"><small>The opposing Blastoise restored a little HP using its Leftovers!</small><br></div><div class="battle-history"><small>Slowking restored a little HP using its Leftovers!</small><br></div><div class="battle-history"><small>Slowking was hurt by its burn!</small><br></div><div class="spacer battle-history"><br></div><h2 class="battle-history">Turn 68</h2><div class="spacer battle-history"><br></div><div class="battle-history">Slowking, come back!<br></div><div class="battle-history">Go! <strong>Flygon</strong>!<br></div><div class="battle-history"><small>Pointed stones dug into Flygon!</small><br></div><div class="spacer battle-history"><br></div><div class="battle-history">The opposing Blastoise used <strong>Scald</strong>!<br></div><div class="battle-history"><small>(Flygon lost <abbr title="−84/364">23.1%</abbr> of its health!)</small><br></div><div class="spacer battle-history"><br></div><div class="battle-history"><small>The opposing Blastoise restored a little HP using its Leftovers!</small><br></div><div class="spacer battle-history"><br></div><h2 class="battle-history">Turn 69</h2><div class="spacer battle-history"><br></div><div class="battle-history">Flygon used <strong>U-turn</strong>!<br></div><div class="battle-history"><small>(The opposing Blastoise lost <abbr title="−43/362">11.9%</abbr> of its health!)</small><br></div><div class="spacer battle-history"><br></div><div class="battle-history">Flygon went back to byronthewellwell!<br></div><div class="battle-history">Go! <strong>Slowking</strong>!<br></div><div class="battle-history"><small>Pointed stones dug into Slowking!</small><br></div><div class="spacer battle-history"><br></div><div class="battle-history">The opposing Blastoise used <strong>Toxic</strong>!<br></div><div class="battle-history"><small>But it failed!</small><br></div><div class="spacer battle-history"><br></div><div class="battle-history"><small>The opposing Blastoise restored a little HP using its Leftovers!</small><br></div><div class="battle-history"><small>Slowking restored a little HP using its Leftovers!</small><br></div><div class="battle-history"><small>Slowking was hurt by its burn!</small><br></div><div class="spacer battle-history"><br></div><h2 class="battle-history">Turn 70</h2><div class="spacer battle-history"><br></div><div class="battle-history">The opposing Blastoise used <strong>Scald</strong>!<br></div><div class="battle-history"><small>It's not very effective...</small><br></div><div class="battle-history"><small>(Slowking lost <abbr title="−40/394">10.2%</abbr> of its health!)</small><br></div><div class="spacer battle-history"><br></div><div class="battle-history">Slowking used <strong>Thunder Wave</strong>!<br></div><div class="battle-history"><small>The opposing Blastoise is paralyzed! It may be unable to move!</small><br></div><div class="spacer battle-history"><br></div><div class="battle-history"><small>Slowking restored a little HP using its Leftovers!</small><br></div><div class="battle-history"><small>The opposing Blastoise restored a little HP using its Leftovers!</small><br></div><div class="battle-history"><small>Slowking was hurt by its burn!</small><br></div><div class="spacer battle-history"><br></div><h2 class="battle-history">Turn 71</h2><div class="spacer battle-history"><br></div><div class="battle-history">Slowking used <strong>Slack Off</strong>!<br></div><div class="battle-history"><small>Slowking restored its HP.</small><br></div><div class="spacer battle-history"><br></div><div class="battle-history">The opposing Blastoise used <strong>Toxic</strong>!<br></div><div class="battle-history"><small>Slowking avoided the attack!</small><br></div><div class="spacer battle-history"><br></div><div class="battle-history"><small>The opposing Blastoise restored a little HP using its Leftovers!</small><br></div><div class="battle-history"><small>Slowking was hurt by its burn!</small><br></div><div class="spacer battle-history"><br></div><h2 class="battle-history">Turn 72</h2><div class="spacer battle-history"><br></div><div class="battle-history">Slowking used <strong>Scald</strong>!<br></div><div class="battle-history"><small>It's not very effective...</small><br></div><div class="battle-history"><small>(The opposing Blastoise lost <abbr title="−42/362">11.6%</abbr> of its health!)</small><br></div><div class="spacer battle-history"><br></div><div class="battle-history">The opposing Blastoise used <strong>Toxic</strong>!<br></div><div class="battle-history"><small>But it failed!</small><br></div><div class="spacer battle-history"><br></div><div class="battle-history"><small>Slowking restored a little HP using its Leftovers!</small><br></div><div class="battle-history"><small>The opposing Blastoise restored a little HP using its Leftovers!</small><br></div><div class="battle-history"><small>Slowking was hurt by its burn!</small><br></div><div class="spacer battle-history"><br></div><h2 class="battle-history">Turn 73</h2><div class="spacer battle-history"><br></div><div class="battle-history">Slowking used <strong>Scald</strong>!<br></div><div class="battle-history"><small>It's not very effective...</small><br></div><div class="battle-history"><small>(The opposing Blastoise lost <abbr title="−43/362">11.9%</abbr> of its health!)</small><br></div><div class="spacer battle-history"><br></div><div class="battle-history">The opposing Blastoise is paralyzed! It can't move!<br></div><div class="spacer battle-history"><br></div><div class="battle-history"><small>Slowking restored a little HP using its Leftovers!</small><br></div><div class="battle-history"><small>The opposing Blastoise restored a little HP using its Leftovers!</small><br></div><div class="battle-history"><small>Slowking was hurt by its burn!</small><br></div><div class="spacer battle-history"><br></div><h2 class="battle-history">Turn 74</h2><div class="spacer battle-history"><br></div><div class="battle-history">Slowking used <strong>Scald</strong>!<br></div><div class="battle-history"><small>It's not very effective...</small><br></div><div class="battle-history"><small>(The opposing Blastoise lost <abbr title="−45/362">12.4%</abbr> of its health!)</small><br></div><div class="spacer battle-history"><br></div><div class="battle-history">The opposing Blastoise is paralyzed! It can't move!<br></div><div class="spacer battle-history"><br></div><div class="battle-history"><small>Slowking restored a little HP using its Leftovers!</small><br></div><div class="battle-history"><small>The opposing Blastoise restored a little HP using its Leftovers!</small><br></div><div class="battle-history"><small>Slowking was hurt by its burn!</small><br></div><div class="spacer battle-history"><br></div><h2 class="battle-history">Turn 75</h2><div class="spacer battle-history"><br></div><div class="battle-history">Slowking used <strong>Scald</strong>!<br></div><div class="battle-history"><small>It's not very effective...</small><br></div><div class="battle-history"><small>(The opposing Blastoise lost <abbr title="−48/362">13.3%</abbr> of its health!)</small><br></div><div class="spacer battle-history"><br></div><div class="battle-history">The opposing Blastoise is paralyzed! It can't move!<br></div><div class="spacer battle-history"><br></div><div class="battle-history"><small>Slowking restored a little HP using its Leftovers!</small><br></div><div class="battle-history"><small>The opposing Blastoise restored a little HP using its Leftovers!</small><br></div><div class="battle-history"><small>Slowking was hurt by its burn!</small><br></div><div class="spacer battle-history"><br></div><h2 class="battle-history">Turn 76</h2><div class="spacer battle-history"><br></div><div class="battle-history">Be El Be withdrew Blastoise!<br></div><div class="battle-history">Be El Be sent out <strong>Rhyperior</strong>!<br></div><div class="spacer battle-history"><br></div><div class="battle-history">Slowking used <strong>Scald</strong>!<br></div><div class="battle-history"><small>It's super effective!</small><br></div><div class="battle-history"><small>(The opposing Rhyperior lost <abbr title="−337/380">88.7%</abbr> of its health!)</small><br></div><div class="spacer battle-history"><br></div><div class="battle-history">The opposing Rhyperior fainted!<br></div><div class="spacer battle-history"><br></div><div class="battle-history"><small>Slowking restored a little HP using its Leftovers!</small><br></div><div class="battle-history"><small>Slowking was hurt by its burn!</small><br></div><div class="spacer battle-history"><br></div><div class="battle-history">Be El Be sent out <strong>Jolteon</strong>!<br></div><div class="spacer battle-history"><br></div><h2 class="battle-history">Turn 77</h2><div class="spacer battle-history"><br></div><div class="battle-history">Slowking, come back!<br></div><div class="battle-history">Go! <strong>Magneton</strong>!<br></div><div class="battle-history"><small>Pointed stones dug into Magneton!</small><br></div><div class="spacer battle-history"><br></div><div class="battle-history">The opposing Jolteon used <strong>Shadow Ball</strong>!<br></div><div class="battle-history"><small>(Magneton lost <abbr title="−86/241">35.7%</abbr> of its health!)</small><br></div><div class="spacer battle-history"><br></div><div class="battle-history">Magneton fainted!<br></div><div class="spacer battle-history"><br></div><div class="battle-history">Go! <strong>Flygon</strong>!<br></div><div class="battle-history"><small>Pointed stones dug into Flygon!</small><br></div><div class="spacer battle-history"><br></div><h2 class="battle-history">Turn 78</h2><div class="spacer battle-history"><br></div><div class="battle-history">The opposing Jolteon used <strong>Shadow Ball</strong>!<br></div><div class="battle-history"><small>(Flygon lost <abbr title="−113/364">31.0%</abbr> of its health!)</small><br></div><div class="spacer battle-history"><br></div><div class="battle-history">Flygon used <strong>Earthquake</strong>!<br></div><div class="battle-history"><small>It's super effective!</small><br></div><div class="battle-history"><small>(The opposing Jolteon lost <abbr title="−271/271">100%</abbr> of its health!)</small><br></div><div class="spacer battle-history"><br></div><div class="battle-history">The opposing Jolteon fainted!<br></div><div class="spacer battle-history"><br></div><div class="battle-history">Be El Be sent out <strong>Blastoise</strong>!<br></div><div class="spacer battle-history"><br></div><h2 class="battle-history">Turn 79</h2><div class="spacer battle-history"><br></div><div class="battle-history">Flygon used <strong>Earthquake</strong>!<br></div><div class="battle-history"><small>(The opposing Blastoise lost <abbr title="−87/362">24.0%</abbr> of its health!)</small><br></div><div class="spacer battle-history"><br></div><div class="battle-history">The opposing Blastoise used <strong>Scald</strong>!<br></div><div class="battle-history"><small>(Flygon lost <abbr title="−87/364">23.9%</abbr> of its health!)</small><br></div><div class="spacer battle-history"><br></div><div class="battle-history">Flygon fainted!<br></div><div class="spacer battle-history"><br></div><div class="battle-history"><small>The opposing Blastoise restored a little HP using its Leftovers!</small><br></div><div class="spacer battle-history"><br></div><div class="battle-history">Go! <strong>Slowking</strong>!<br></div><div class="battle-history"><small>Pointed stones dug into Slowking!</small><br></div><div class="spacer battle-history"><br></div><h2 class="battle-history">Turn 80</h2><div class="spacer battle-history"><br></div><div class="battle-history">Slowking used <strong>Scald</strong>!<br></div><div class="battle-history"><small>It's not very effective...</small><br></div><div class="battle-history"><small>(The opposing Blastoise lost <abbr title="−49/362">13.5%</abbr> of its health!)</small><br></div><div class="spacer battle-history"><br></div><div class="battle-history">The opposing Blastoise used <strong>Scald</strong>!<br></div><div class="battle-history"><small>It's not very effective...</small><br></div><div class="battle-history"><small>(Slowking lost <abbr title="−57/394">14.5%</abbr> of its health!)</small><br></div><div class="spacer battle-history"><br></div><div class="battle-history"><small>Slowking restored a little HP using its Leftovers!</small><br></div><div class="battle-history"><small>The opposing Blastoise restored a little HP using its Leftovers!</small><br></div><div class="battle-history"><small>Slowking was hurt by its burn!</small><br></div><div class="spacer battle-history"><br></div><h2 class="battle-history">Turn 81</h2><div class="spacer battle-history"><br></div><div class="battle-history">Slowking used <strong>Scald</strong>!<br></div><div class="battle-history"><small>It's not very effective...</small><br></div><div class="battle-history"><small>(The opposing Blastoise lost <abbr title="−45/362">12.4%</abbr> of its health!)</small><br></div><div class="spacer battle-history"><br></div><div class="battle-history">The opposing Blastoise is paralyzed! It can't move!<br></div><div class="spacer battle-history"><br></div><div class="battle-history"><small>Slowking restored a little HP using its Leftovers!</small><br></div><div class="battle-history"><small>The opposing Blastoise restored a little HP using its Leftovers!</small><br></div><div class="battle-history"><small>Slowking was hurt by its burn!</small><br></div><div class="spacer battle-history"><br></div><h2 class="battle-history">Turn 82</h2><div class="chat chatmessage-beelbe"><strong style="color:hsl(282,42%,49.59030171278378%)"><small>☆</small><span class="username" data-name="Be El Be">Be El Be</span>:</strong> <em>man</em></div><div class="chat chatmessage-beelbe"><strong style="color:hsl(282,42%,49.59030171278378%)"><small>☆</small><span class="username" data-name="Be El Be">Be El Be</span>:</strong> <em>U suck</em></div><div class="spacer battle-history"><br></div><div class="battle-history">Slowking used <strong>Slack Off</strong>!<br></div><div class="battle-history"><small>Slowking restored its HP.</small><br></div><div class="spacer battle-history"><br></div><div class="battle-history">The opposing Blastoise used <strong>Scald</strong>!<br></div><div class="battle-history"><small>It's not very effective...</small><br></div><div class="battle-history"><small>(Slowking lost <abbr title="−57/394">14.5%</abbr> of its health!)</small><br></div><div class="spacer battle-history"><br></div><div class="battle-history"><small>Slowking restored a little HP using its Leftovers!</small><br></div><div class="battle-history"><small>The opposing Blastoise restored a little HP using its Leftovers!</small><br></div><div class="battle-history"><small>Slowking was hurt by its burn!</small><br></div><div class="spacer battle-history"><br></div><h2 class="battle-history">Turn 83</h2><div class="chat chatmessage-byronthewellwell"><strong style="color:hsl(136,40%,46.67938209693696%)"><small>☆</small><span class="username" data-name="byronthewellwell">byronthewellwell</span>:</strong> <em>y</em></div><div class="spacer battle-history"><br></div><div class="battle-history">Slowking used <strong>Scald</strong>!<br></div><div class="battle-history"><small>It's not very effective...</small><br></div><div class="battle-history"><small>(The opposing Blastoise lost <abbr title="−48/362">13.3%</abbr> of its health!)</small><br></div><div class="spacer battle-history"><br></div><div class="battle-history">The opposing Blastoise is paralyzed! It can't move!<br></div><div class="spacer battle-history"><br></div><div class="battle-history"><small>Slowking restored a little HP using its Leftovers!</small><br></div><div class="battle-history"><small>The opposing Blastoise restored a little HP using its Leftovers!</small><br></div><div class="battle-history"><small>Slowking was hurt by its burn!</small><br></div><div class="spacer battle-history"><br></div><h2 class="battle-history">Turn 84</h2><div class="spacer battle-history"><br></div><div class="battle-history">Slowking used <strong>Scald</strong>!<br></div><div class="battle-history"><small>It's not very effective...</small><br></div><div class="battle-history"><small>A critical hit!</small><br></div><div class="battle-history"><small>(The opposing Blastoise lost <abbr title="−52/362">14.4%</abbr> of its health!)</small><br></div><div class="spacer battle-history"><br></div><div class="battle-history">The opposing Blastoise fainted!<br></div><div class="spacer battle-history"><br></div><div class="battle-history"><strong>byronthewellwell</strong> won the battle!<br></div><div class="chat chatmessage-byronthewellwell"><strong style="color:hsl(136,40%,46.67938209693696%)"><small>☆</small><span class="username" data-name="byronthewellwell">byronthewellwell</span>:</strong> <em>im a beast</em></div><div class="chat chatmessage-byronthewellwell"><strong style="color:hsl(136,40%,46.67938209693696%)"><small>☆</small><span class="username" data-name="byronthewellwell">byronthewellwell</span>:</strong> <em>gg</em></div><div class="chat chatmessage-byronthewellwell"><strong style="color:hsl(136,40%,46.67938209693696%)"><small>☆</small><span class="username" data-name="byronthewellwell">byronthewellwell</span>:</strong> <em>:)</em></div><div class="chat chatmessage-beelbe"><strong style="color:hsl(282,42%,49.59030171278378%)"><small>☆</small><span class="username" data-name="Be El Be">Be El Be</span>:</strong> <em>right</em></div><div class="chat"><small>Be El Be left.</small></div><div class="chat"><small>byronthewellwell left.</small></div><div class="chat"><small>byronthewellwell joined.</small></div></div><div class="inner-preempt"></div></div></div>
</div>
<script>
let daily = Math.floor(Date.now()/1000/60/60/24);document.write('<script src="https://play.pokemonshowdown.com/js/replay-embed.js?version'+daily+'"></'+'script>');
</script>
