<!DOCTYPE html>
<meta charset="utf-8" />
<!-- version 1 -->
<title>RU replay: FlamingVictini vs. PepeDuce</title>
<style>
html,body {font-family:Verdana, sans-serif;font-size:10pt;margin:0;padding:0;}body{padding:12px 0;} .battle-log {font-family:Verdana, sans-serif;font-size:10pt;} .battle-log-inline {border:1px solid #AAAAAA;background:#EEF2F5;color:black;max-width:640px;margin:0 auto 80px;padding-bottom:5px;} .battle-log .inner {padding:4px 8px 0px 8px;} .battle-log .inner-preempt {padding:0 8px 4px 8px;} .battle-log .inner-after {margin-top:0.5em;} .battle-log h2 {margin:0.5em -8px;padding:4px 8px;border:1px solid #AAAAAA;background:#E0E7EA;border-left:0;border-right:0;font-family:Verdana, sans-serif;font-size:13pt;} .battle-log .chat {vertical-align:middle;padding:3px 0 3px 0;font-size:8pt;} .battle-log .chat strong {color:#40576A;} .battle-log .chat em {padding:1px 4px 1px 3px;color:#000000;font-style:normal;} .chat.mine {background:rgba(0,0,0,0.05);margin-left:-8px;margin-right:-8px;padding-left:8px;padding-right:8px;} .spoiler {color:#BBBBBB;background:#BBBBBB;padding:0px 3px;} .spoiler:hover, .spoiler:active, .spoiler-shown {color:#000000;background:#E2E2E2;padding:0px 3px;} .spoiler a {color:#BBBBBB;} .spoiler:hover a, .spoiler:active a, .spoiler-shown a {color:#2288CC;} .chat code, .chat .spoiler:hover code, .chat .spoiler:active code, .chat .spoiler-shown code {border:1px solid #C0C0C0;background:#EEEEEE;color:black;padding:0 2px;} .chat .spoiler code {border:1px solid #CCCCCC;background:#CCCCCC;color:#CCCCCC;} .battle-log .rated {padding:3px 4px;} .battle-log .rated strong {color:white;background:#89A;padding:1px 4px;border-radius:4px;} .spacer {margin-top:0.5em;} .message-announce {background:#6688AA;color:white;padding:1px 4px 2px;} .message-announce a, .broadcast-green a, .broadcast-blue a, .broadcast-red a {color:#DDEEFF;} .broadcast-green {background-color:#559955;color:white;padding:2px 4px;} .broadcast-blue {background-color:#6688AA;color:white;padding:2px 4px;} .infobox {border:1px solid #6688AA;padding:2px 4px;} .infobox-limited {max-height:200px;overflow:auto;overflow-x:hidden;} .broadcast-red {background-color:#AA5544;color:white;padding:2px 4px;} .message-learn-canlearn {font-weight:bold;color:#228822;text-decoration:underline;} .message-learn-cannotlearn {font-weight:bold;color:#CC2222;text-decoration:underline;} .message-effect-weak {font-weight:bold;color:#CC2222;} .message-effect-resist {font-weight:bold;color:#6688AA;} .message-effect-immune {font-weight:bold;color:#666666;} .message-learn-list {margin-top:0;margin-bottom:0;} .message-throttle-notice, .message-error {color:#992222;} .message-overflow, .chat small.message-overflow {font-size:0pt;} .message-overflow::before {font-size:9pt;content:'...';} .subtle {color:#3A4A66;}
</style>
<div class="wrapper replay-wrapper" style="max-width:1180px;margin:0 auto">
<input type="hidden" name="replayid" value="ru-508829080" />
<div class="battle"></div><div class="battle-log"></div><div class="replay-controls"></div><div class="replay-controls-2"></div>
<h1 style="font-weight:normal;text-align:center"><strong>RU</strong><br /><a href="http://pokemonshowdown.com/users/flamingvictini" class="subtle" target="_blank">FlamingVictini</a> vs. <a href="http://pokemonshowdown.com/users/pepeduce" class="subtle" target="_blank">PepeDuce</a></h1>
<script type="text/plain" class="battle-log-data">|j|FlamingVictini
|j|PepeDuce
|player|p1|FlamingVictini|99
|player|p2|PepeDuce|252
|gametype|singles
|gen|6
|tier|RU
|seed|24074,6855,55733,59027
|rule|Sleep Clause Mod: Limit one foe put to sleep
|rule|Species Clause: Limit one of each Pokémon
|rule|OHKO Clause: OHKO moves are banned
|rule|Moody Clause: Moody is banned
|rule|Evasion Moves Clause: Evasion moves are banned
|rule|Endless Battle Clause: Forcing endless battles is banned
|rule|HP Percentage Mod: HP is shown in percentages
|clearpoke
|poke|p1|Venusaur, F|item
|poke|p1|Sneasel, F|item
|poke|p1|Flygon, F|item
|poke|p1|Escavalier, F|item
|poke|p1|Jellicent, M|item
|poke|p1|Diancie|item
|poke|p2|Hariyama, M|item
|poke|p2|Registeel|item
|poke|p2|Alomomola, F|item
|poke|p2|Sneasel, M|item
|poke|p2|Flygon, F|item
|poke|p2|Granbull, M|item
|rule|Swagger Clause: Swagger is banned
|rule|Baton Pass Clause: Limit one Baton Passer, can't pass Spe and other stats simultaneously
|teampreview
|j|Schizoguy
|c|★PepeDuce|hf
|c|★FlamingVictini|u2
|c|★PepeDuce|test
|choice|team 1, team 2, team 3, team 4, team 5, team 6|team 1, team 2, team 3, team 4, team 5, team 6
|
|start
|switch|p1a: Venusaur|Venusaur, F|363\/363
|switch|p2a: Hariyama|Hariyama, M|429\/429
|turn|1
|choice|move gigadrain|switch 2
|
|switch|p2a: Registeel|Registeel|363\/363
|move|p1a: Venusaur|Giga Drain|p2a: Registeel
|-resisted|p2a: Registeel
|-damage|p2a: Registeel|338\/363
|
|-heal|p2a: Registeel|360\/363|[from] item: Leftovers
|upkeep
|turn|2
|choice|switch 3|move stealthrock
|
|switch|p1a: Flygon|Flygon, F|364\/364
|move|p2a: Registeel|Stealth Rock|p1a: Flygon
|-sidestart|p1: FlamingVictini|move: Stealth Rock
|
|-heal|p2a: Registeel|363\/363|[from] item: Leftovers
|upkeep
|turn|3
|choice|move earthquake|switch 3
|
|switch|p2a: Alomomola|Alomomola, F|501\/501
|move|p1a: Flygon|Earthquake|p2a: Alomomola
|-crit|p2a: Alomomola
|-damage|p2a: Alomomola|348\/501
|
|-heal|p2a: Alomomola|379\/501|[from] item: Leftovers
|upkeep
|turn|4
|choice|move defog|move toxic
|
|move|p1a: Flygon|Defog|p2a: Alomomola
|-unboost|p2a: Alomomola|evasion|1
|-sideend|p1: FlamingVictini|Stealth Rock|[from] move: Defog|[of] p1a: Flygon
|move|p2a: Alomomola|Toxic|p1a: Flygon
|-status|p1a: Flygon|tox
|
|-heal|p2a: Alomomola|410\/501|[from] item: Leftovers
|-damage|p1a: Flygon|342\/364 tox|[from] psn
|upkeep
|turn|5
|choice|move uturn|move scald
|
|move|p1a: Flygon|U-turn|p2a: Alomomola
|-damage|p2a: Alomomola|363\/501
|choice|switch 6|
|
|switch|p1a: Diancie|Diancie|304\/304
|move|p2a: Alomomola|Scald|p1a: Diancie
|-supereffective|p1a: Diancie
|-damage|p1a: Diancie|254\/304
|-status|p1a: Diancie|brn
|
|-heal|p2a: Alomomola|394\/501|[from] item: Leftovers
|-heal|p1a: Diancie|273\/304 brn|[from] item: Leftovers
|-damage|p1a: Diancie|235\/304 brn|[from] brn
|upkeep
|turn|6
|choice|move healbell|switch 3
|
|switch|p2a: Registeel|Registeel|363\/363
|move|p1a: Diancie|Heal Bell|p1a: Diancie
|-activate|p1a: Diancie|move: Heal Bell
|-curestatus|p1a: Diancie|brn|[msg]
|-curestatus|p1: Flygon|tox|[msg]
|
|-heal|p1a: Diancie|254\/304|[from] item: Leftovers
|upkeep
|turn|7
|choice|switch 6|move stealthrock
|
|switch|p1a: Flygon|Flygon, F|342\/364
|move|p2a: Registeel|Stealth Rock|p1a: Flygon
|-sidestart|p1: FlamingVictini|move: Stealth Rock
|
|-heal|p1a: Flygon|364\/364|[from] item: Leftovers
|upkeep
|turn|8
|choice|move defog|switch 3
|
|switch|p2a: Alomomola|Alomomola, F|501\/501
|move|p1a: Flygon|Defog|p2a: Alomomola
|-unboost|p2a: Alomomola|evasion|1
|-sideend|p1: FlamingVictini|Stealth Rock|[from] move: Defog|[of] p1a: Flygon
|
|upkeep
|turn|9
|c|★PepeDuce|sry some internet pb as I said
|choice|move uturn|move scald
|
|move|p1a: Flygon|U-turn|p2a: Alomomola
|-damage|p2a: Alomomola|448\/501
|choice|switch 6|
|
|switch|p1a: Diancie|Diancie|254\/304
|move|p2a: Alomomola|Scald|p1a: Diancie
|-supereffective|p1a: Diancie
|-damage|p1a: Diancie|198\/304
|
|-heal|p2a: Alomomola|479\/501|[from] item: Leftovers
|-heal|p1a: Diancie|217\/304|[from] item: Leftovers
|upkeep
|turn|10
|c|★FlamingVictini|np
|j|Cdumas..
|l|Cdumas..
|c|★FlamingVictini|i just might have to leave soon so its better if we don't take too long
|c|★FlamingVictini|u there?
|c|★FlamingVictini|i'm sorry but I might have to turn off the timer simply because I don't have too much time to play
|c|★FlamingVictini|on*
|c| Schizoguy|rofl
|c| Schizoguy|wait i'm going to call him
|j|Cdumas..
|j|Cicada^^
|l|PepeDuce
|player|p2
|c|★FlamingVictini|;_;
|c|★FlamingVictini|did u call him?
|j|momo motus
|c| momo motus|ki gagnes
|l|momo motus
|c| Schizoguy|y i'm with him, he can't connect to the main :\/
|c| Schizoguy|can you go to smogtours?
|c| Schizoguy|he is on smogtours
|c|★FlamingVictini|what do we do about this game
|c| Schizoguy|i think you have to rematch, maybe could you do the same plays on the 10 first turns
|l|Cdumas..
|l|Schizoguy
|-message|FlamingVictini forfeited.
|
|win|PepeDuce
|player|p1
|j|Cdumas..
|c|★FlamingVictini|(we are recreating game at a later time)</script>
</div>
<div class="battle-log battle-log-inline"><div class="inner"><div class="battle-options"></div><div class="inner"><div class="chat"><small>FlamingVictini joined.</small></div><div class="chat"><small>PepeDuce joined.</small></div><div class=""><small>Format:</small> <br><strong>RU</strong></div><div class=""><small><em>Sleep Clause Mod:</em> Limit one foe put to sleep</small></div><div class=""><small><em>Species Clause:</em> Limit one of each Pokémon</small></div><div class=""><small><em>OHKO Clause:</em> OHKO moves are banned</small></div><div class=""><small><em>Moody Clause:</em> Moody is banned</small></div><div class=""><small><em>Evasion Moves Clause:</em> Evasion moves are banned</small></div><div class=""><small><em>Endless Battle Clause:</em> Forcing endless battles is banned</small></div><div class=""><small><em>HP Percentage Mod:</em> HP is shown in percentages</small></div><div class=""><small><em>Swagger Clause:</em> Swagger is banned</small></div><div class=""><small><em>Baton Pass Clause:</em> Limit one Baton Passer, can't pass Spe and other stats simultaneously</small></div><div class="chat battle-history"><strong>FlamingVictini's team:</strong> <em style="color:#445566;display:block;">Venusaur / Sneasel / Flygon / Escavalier / Jellicent / Diancie</em></div><div class="chat battle-history"><strong>PepeDuce's team:</strong> <em style="color:#445566;display:block;">Hariyama / Registeel / Alomomola / Sneasel / Flygon / Granbull</em></div><div class="chat"><small>Schizoguy joined.</small></div><div class="chat chatmessage-pepeduce"><strong style="color:hsl(32,55%,49%)"><small>★</small><span class="username" data-name="PepeDuce">PepeDuce</span>:</strong> <em>hf</em></div><div class="chat chatmessage-flamingvictini"><strong style="color:hsl(13,89%,46%)"><small>★</small><span class="username" data-name="FlamingVictini">FlamingVictini</span>:</strong> <em>u2</em></div><div class="chat chatmessage-pepeduce"><strong style="color:hsl(32,55%,49%)"><small>★</small><span class="username" data-name="PepeDuce">PepeDuce</span>:</strong> <em>test</em></div><div class="spacer battle-history"><br></div><div class="battle-history">Battle started between FlamingVictini and PepeDuce!<br></div><div class="spacer battle-history"><br></div><div class="battle-history">Go! <strong>Venusaur</strong>!<br></div><div class="spacer battle-history"><br></div><div class="battle-history">PepeDuce sent out <strong>Hariyama</strong>!<br></div><div class="spacer battle-history"><br></div><h2 class="battle-history">Turn 1</h2><div class="spacer battle-history"><br></div><div class="battle-history">PepeDuce withdrew Hariyama!<br></div><div class="battle-history">PepeDuce sent out <strong>Registeel</strong>!<br></div><div class="spacer battle-history"><br></div><div class="battle-history">Venusaur used <strong>Giga Drain</strong>!<br></div><div class="battle-history"><small>It's not very effective...</small><br></div><div class="battle-history"><small>(The opposing Registeel lost <abbr title="−25/363">6.9%</abbr> of its health!)</small><br></div><div class="spacer battle-history"><br></div><div class="battle-history"><small>The opposing Registeel restored a little HP using its Leftovers!</small><br></div><div class="spacer battle-history"><br></div><h2 class="battle-history">Turn 2</h2><div class="spacer battle-history"><br></div><div class="battle-history">Venusaur, come back!<br></div><div class="battle-history">Go! <strong>Flygon</strong>!<br></div><div class="spacer battle-history"><br></div><div class="battle-history">The opposing Registeel used <strong>Stealth Rock</strong>!<br></div><div class="battle-history"><small>Pointed stones float in the air around your team!</small><br></div><div class="spacer battle-history"><br></div><div class="battle-history"><small>The opposing Registeel restored a little HP using its Leftovers!</small><br></div><div class="spacer battle-history"><br></div><h2 class="battle-history">Turn 3</h2><div class="spacer battle-history"><br></div><div class="battle-history">PepeDuce withdrew Registeel!<br></div><div class="battle-history">PepeDuce sent out <strong>Alomomola</strong>!<br></div><div class="spacer battle-history"><br></div><div class="battle-history">Flygon used <strong>Earthquake</strong>!<br></div><div class="battle-history"><small>A critical hit!</small><br></div><div class="battle-history"><small>(The opposing Alomomola lost <abbr title="−153/501">30.5%</abbr> of its health!)</small><br></div><div class="spacer battle-history"><br></div><div class="battle-history"><small>The opposing Alomomola restored a little HP using its Leftovers!</small><br></div><div class="spacer battle-history"><br></div><h2 class="battle-history">Turn 4</h2><div class="spacer battle-history"><br></div><div class="battle-history">Flygon used <strong>Defog</strong>!<br></div><div class="battle-history"><small>The opposing Alomomola's evasiveness fell!</small><br></div><div class="battle-history"><small>The pointed stones disappeared from around your team!</small><br></div><div class="spacer battle-history"><br></div><div class="battle-history">The opposing Alomomola used <strong>Toxic</strong>!<br></div><div class="battle-history"><small>Flygon was badly poisoned!</small><br></div><div class="spacer battle-history"><br></div><div class="battle-history"><small>The opposing Alomomola restored a little HP using its Leftovers!</small><br></div><div class="battle-history"><small>Flygon was hurt by poison!</small><br></div><div class="spacer battle-history"><br></div><h2 class="battle-history">Turn 5</h2><div class="spacer battle-history"><br></div><div class="battle-history">Flygon used <strong>U-turn</strong>!<br></div><div class="battle-history"><small>(The opposing Alomomola lost <abbr title="−47/501">9.4%</abbr> of its health!)</small><br></div><div class="spacer battle-history"><br></div><div class="battle-history">Flygon went back to FlamingVictini!<br></div><div class="battle-history">Go! <strong>Diancie</strong>!<br></div><div class="spacer battle-history"><br></div><div class="battle-history">The opposing Alomomola used <strong>Scald</strong>!<br></div><div class="battle-history"><small>It's super effective!</small><br></div><div class="battle-history"><small>(Diancie lost <abbr title="−50/304">16.4%</abbr> of its health!)</small><br></div><div class="battle-history"><small>Diancie was burned!</small><br></div><div class="spacer battle-history"><br></div><div class="battle-history"><small>The opposing Alomomola restored a little HP using its Leftovers!</small><br></div><div class="battle-history"><small>Diancie restored a little HP using its Leftovers!</small><br></div><div class="battle-history"><small>Diancie was hurt by its burn!</small><br></div><div class="spacer battle-history"><br></div><h2 class="battle-history">Turn 6</h2><div class="spacer battle-history"><br></div><div class="battle-history">PepeDuce withdrew Alomomola!<br></div><div class="battle-history">PepeDuce sent out <strong>Registeel</strong>!<br></div><div class="spacer battle-history"><br></div><div class="battle-history">Diancie used <strong>Heal Bell</strong>!<br></div><div class="battle-history"><small>A bell chimed!</small><br></div><div class="battle-history"><small>Diancie's burn was healed.</small><br></div><div class="battle-history"><small>Flygon was cured of its poisoning.</small><br></div><div class="spacer battle-history"><br></div><div class="battle-history"><small>Diancie restored a little HP using its Leftovers!</small><br></div><div class="spacer battle-history"><br></div><h2 class="battle-history">Turn 7</h2><div class="spacer battle-history"><br></div><div class="battle-history">Diancie, come back!<br></div><div class="battle-history">Go! <strong>Flygon</strong>!<br></div><div class="spacer battle-history"><br></div><div class="battle-history">The opposing Registeel used <strong>Stealth Rock</strong>!<br></div><div class="battle-history"><small>Pointed stones float in the air around your team!</small><br></div><div class="spacer battle-history"><br></div><div class="battle-history"><small>Flygon restored a little HP using its Leftovers!</small><br></div><div class="spacer battle-history"><br></div><h2 class="battle-history">Turn 8</h2><div class="spacer battle-history"><br></div><div class="battle-history">PepeDuce withdrew Registeel!<br></div><div class="battle-history">PepeDuce sent out <strong>Alomomola</strong>!<br></div><div class="spacer battle-history"><br></div><div class="battle-history">Flygon used <strong>Defog</strong>!<br></div><div class="battle-history"><small>The opposing Alomomola's evasiveness fell!</small><br></div><div class="battle-history"><small>The pointed stones disappeared from around your team!</small><br></div><div class="spacer battle-history"><br></div><h2 class="battle-history">Turn 9</h2><div class="chat chatmessage-pepeduce"><strong style="color:hsl(32,55%,49%)"><small>★</small><span class="username" data-name="PepeDuce">PepeDuce</span>:</strong> <em>sry some internet pb as I said</em></div><div class="spacer battle-history"><br></div><div class="battle-history">Flygon used <strong>U-turn</strong>!<br></div><div class="battle-history"><small>(The opposing Alomomola lost <abbr title="−53/501">10.6%</abbr> of its health!)</small><br></div><div class="spacer battle-history"><br></div><div class="battle-history">Flygon went back to FlamingVictini!<br></div><div class="battle-history">Go! <strong>Diancie</strong>!<br></div><div class="spacer battle-history"><br></div><div class="battle-history">The opposing Alomomola used <strong>Scald</strong>!<br></div><div class="battle-history"><small>It's super effective!</small><br></div><div class="battle-history"><small>(Diancie lost <abbr title="−56/304">18.4%</abbr> of its health!)</small><br></div><div class="spacer battle-history"><br></div><div class="battle-history"><small>The opposing Alomomola restored a little HP using its Leftovers!</small><br></div><div class="battle-history"><small>Diancie restored a little HP using its Leftovers!</small><br></div><div class="spacer battle-history"><br></div><h2 class="battle-history">Turn 10</h2><div class="chat chatmessage-flamingvictini"><strong style="color:hsl(13,89%,46%)"><small>★</small><span class="username" data-name="FlamingVictini">FlamingVictini</span>:</strong> <em>np</em></div><div class="chat"><small>Cdumas.. joined.</small></div><div class="chat"><small>Cdumas.. left.</small></div><div class="chat chatmessage-flamingvictini"><strong style="color:hsl(13,89%,46%)"><small>★</small><span class="username" data-name="FlamingVictini">FlamingVictini</span>:</strong> <em>i just might have to leave soon so its better if we don't take too long</em></div><div class="chat chatmessage-flamingvictini"><strong style="color:hsl(13,89%,46%)"><small>★</small><span class="username" data-name="FlamingVictini">FlamingVictini</span>:</strong> <em>u there?</em></div><div class="chat chatmessage-flamingvictini"><strong style="color:hsl(13,89%,46%)"><small>★</small><span class="username" data-name="FlamingVictini">FlamingVictini</span>:</strong> <em>i'm sorry but I might have to turn off the timer simply because I don't have too much time to play</em></div><div class="chat chatmessage-flamingvictini"><strong style="color:hsl(13,89%,46%)"><small>★</small><span class="username" data-name="FlamingVictini">FlamingVictini</span>:</strong> <em>on*</em></div><div class="chat chatmessage-schizoguy"><strong style="color:hsl(250,61%,59.94581723233949%)"><small> </small><span class="username" data-name="Schizoguy">Schizoguy</span>:</strong> <em>rofl</em></div><div class="chat chatmessage-schizoguy"><strong style="color:hsl(250,61%,59.94581723233949%)"><small> </small><span class="username" data-name="Schizoguy">Schizoguy</span>:</strong> <em>wait i'm going to call him</em></div><div class="chat"><small>Cdumas.. joined.</small></div><div class="chat"><small>Cicada^^ joined.</small></div><div class="chat"><small>PepeDuce left.</small></div><div class="chat chatmessage-flamingvictini"><strong style="color:hsl(13,89%,46%)"><small>★</small><span class="username" data-name="FlamingVictini">FlamingVictini</span>:</strong> <em>;_;</em></div><div class="chat chatmessage-flamingvictini"><strong style="color:hsl(13,89%,46%)"><small>★</small><span class="username" data-name="FlamingVictini">FlamingVictini</span>:</strong> <em>did u call him?</em></div><div class="chat"><small>momo motus joined.</small></div><div class="chat chatmessage-momomotus"><strong style="color:hsl(177,72%,35%)"><small> </small><span class="username" data-name="momo motus">momo motus</span>:</strong> <em>ki gagnes</em></div><div class="chat"><small>momo motus left.</small></div><div class="chat chatmessage-schizoguy"><strong style="color:hsl(250,61%,59.94581723233949%)"><small> </small><span class="username" data-name="Schizoguy">Schizoguy</span>:</strong> <em>y i'm with him, he can't connect to the main :/</em></div><div class="chat chatmessage-schizoguy"><strong style="color:hsl(250,61%,59.94581723233949%)"><small> </small><span class="username" data-name="Schizoguy">Schizoguy</span>:</strong> <em>can you go to smogtours?</em></div><div class="chat chatmessage-schizoguy"><strong style="color:hsl(250,61%,59.94581723233949%)"><small> </small><span class="username" data-name="Schizoguy">Schizoguy</span>:</strong> <em>he is on smogtours</em></div><div class="chat chatmessage-flamingvictini"><strong style="color:hsl(13,89%,46%)"><small>★</small><span class="username" data-name="FlamingVictini">FlamingVictini</span>:</strong> <em>what do we do about this game</em></div><div class="chat chatmessage-schizoguy"><strong style="color:hsl(250,61%,59.94581723233949%)"><small> </small><span class="username" data-name="Schizoguy">Schizoguy</span>:</strong> <em>i think you have to rematch, maybe could you do the same plays on the 10 first turns</em></div><div class="chat"><small>Cdumas.. left.</small></div><div class="chat"><small>Schizoguy left.</small></div><div class="spacer battle-history"><br></div><div class="battle-history"><small>FlamingVictini forfeited.</small><br></div><div class="spacer battle-history"><br></div><div class="battle-history"><strong>PepeDuce</strong> won the battle!<br></div><div class="chat"><small>Cdumas.. joined.</small></div><div class="chat chatmessage-flamingvictini"><strong style="color:hsl(13,89%,46%)"><small>★</small><span class="username" data-name="FlamingVictini">FlamingVictini</span>:</strong> <em>(we are recreating game at a later time)</em></div></div><div class="inner-preempt"></div></div></div>
</div>
<script>
let daily = Math.floor(Date.now()/1000/60/60/24);document.write('<script src="https://play.pokemonshowdown.com/js/replay-embed.js?version'+daily+'"></'+'script>');
</script>
