<!DOCTYPE html>
<meta charset="utf-8" />
<!-- version 1 -->
<title>RU replay: LCezasfuck vs. eeveeor</title>
<style>
html,body {font-family:Verdana, sans-serif;font-size:10pt;margin:0;padding:0;}body{padding:12px 0;} .battle-log {font-family:Verdana, sans-serif;font-size:10pt;} .battle-log-inline {border:1px solid #AAAAAA;background:#EEF2F5;color:black;max-width:640px;margin:0 auto 80px;padding-bottom:5px;} .battle-log .inner {padding:4px 8px 0px 8px;} .battle-log .inner-preempt {padding:0 8px 4px 8px;} .battle-log .inner-after {margin-top:0.5em;} .battle-log h2 {margin:0.5em -8px;padding:4px 8px;border:1px solid #AAAAAA;background:#E0E7EA;border-left:0;border-right:0;font-family:Verdana, sans-serif;font-size:13pt;} .battle-log .chat {vertical-align:middle;padding:3px 0 3px 0;font-size:8pt;} .battle-log .chat strong {color:#40576A;} .battle-log .chat em {padding:1px 4px 1px 3px;color:#000000;font-style:normal;} .chat.mine {background:rgba(0,0,0,0.05);margin-left:-8px;margin-right:-8px;padding-left:8px;padding-right:8px;} .spoiler {color:#BBBBBB;background:#BBBBBB;padding:0px 3px;} .spoiler:hover, .spoiler:active, .spoiler-shown {color:#000000;background:#E2E2E2;padding:0px 3px;} .spoiler a {color:#BBBBBB;} .spoiler:hover a, .spoiler:active a, .spoiler-shown a {color:#2288CC;} .chat code, .chat .spoiler:hover code, .chat .spoiler:active code, .chat .spoiler-shown code {border:1px solid #C0C0C0;background:#EEEEEE;color:black;padding:0 2px;} .chat .spoiler code {border:1px solid #CCCCCC;background:#CCCCCC;color:#CCCCCC;} .battle-log .rated {padding:3px 4px;} .battle-log .rated strong {color:white;background:#89A;padding:1px 4px;border-radius:4px;} .spacer {margin-top:0.5em;} .message-announce {background:#6688AA;color:white;padding:1px 4px 2px;} .message-announce a, .broadcast-green a, .broadcast-blue a, .broadcast-red a {color:#DDEEFF;} .broadcast-green {background-color:#559955;color:white;padding:2px 4px;} .broadcast-blue {background-color:#6688AA;color:white;padding:2px 4px;} .infobox {border:1px solid #6688AA;padding:2px 4px;} .infobox-limited {max-height:200px;overflow:auto;overflow-x:hidden;} .broadcast-red {background-color:#AA5544;color:white;padding:2px 4px;} .message-learn-canlearn {font-weight:bold;color:#228822;text-decoration:underline;} .message-learn-cannotlearn {font-weight:bold;color:#CC2222;text-decoration:underline;} .message-effect-weak {font-weight:bold;color:#CC2222;} .message-effect-resist {font-weight:bold;color:#6688AA;} .message-effect-immune {font-weight:bold;color:#666666;} .message-learn-list {margin-top:0;margin-bottom:0;} .message-throttle-notice, .message-error {color:#992222;} .message-overflow, .chat small.message-overflow {font-size:0pt;} .message-overflow::before {font-size:9pt;content:'...';} .subtle {color:#3A4A66;}
</style>
<div class="wrapper replay-wrapper" style="max-width:1180px;margin:0 auto">
<input type="hidden" name="replayid" value="ru-499389900" />
<div class="battle"></div><div class="battle-log"></div><div class="replay-controls"></div><div class="replay-controls-2"></div>
<h1 style="font-weight:normal;text-align:center"><strong>RU</strong><br /><a href="http://pokemonshowdown.com/users/lcezasfuck" class="subtle" target="_blank">LCezasfuck</a> vs. <a href="http://pokemonshowdown.com/users/eeveeor" class="subtle" target="_blank">eeveeor</a></h1>
<script type="text/plain" class="battle-log-data">|j|LCezasfuck
|j|eeveeor
|player|p1|LCezasfuck|184
|player|p2|eeveeor|123
|gametype|singles
|gen|6
|tier|RU
|rated
|seed|1929,64827,20603,61286
|rule|Sleep Clause Mod: Limit one foe put to sleep
|rule|Species Clause: Limit one of each Pokémon
|rule|OHKO Clause: OHKO moves are banned
|rule|Moody Clause: Moody is banned
|rule|Evasion Moves Clause: Evasion moves are banned
|rule|Endless Battle Clause: Forcing endless battles is banned
|rule|HP Percentage Mod: HP is shown in percentages
|clearpoke
|poke|p1|Alomomola, M|item
|poke|p1|Togetic, M|item
|poke|p1|Spiritomb, M|item
|poke|p1|Virizion|item
|poke|p1|Glalie, F|item
|poke|p1|Hitmontop, M|item
|poke|p2|Drapion, F, shiny|item
|poke|p2|Clawitzer, M|item
|poke|p2|Exploud, F|item
|poke|p2|Rhyperior, M|item
|poke|p2|Cofagrigus, F, shiny|item
|poke|p2|Sawk, M, shiny|item
|rule|Swagger Clause: Swagger is banned
|rule|Baton Pass Clause: Limit one Baton Passer, can't pass Spe and other stats simultaneously
|teampreview
|choice|team 3, team 2, team 1, team 4, team 5, team 6|team 2, team 1, team 3, team 4, team 5, team 6
|
|start
|switch|p1a: Spiritomb|Spiritomb, M|303\/303
|switch|p2a: Clawitzer|Clawitzer, M|346\/346
|turn|1
|choice|move suckerpunch|move waterpulse
|
|move|p1a: Spiritomb|Sucker Punch|p2a: Clawitzer
|-damage|p2a: Clawitzer|187\/346
|move|p2a: Clawitzer|Water Pulse|p1a: Spiritomb
|-damage|p1a: Spiritomb|77\/303
|
|upkeep
|turn|2
|choice|switch 4|switch 5
|
|switch|p2a: Cofagrigus|Cofagrigus, F, shiny|319\/319
|switch|p1a: Virizion|Virizion|323\/323
|
|upkeep
|turn|3
|choice|switch 3|move willowisp
|
|switch|p1a: Alomomola|Alomomola, M|534\/534
|move|p2a: Cofagrigus|Will-O-Wisp|p1a: Alomomola
|-status|p1a: Alomomola|brn
|
|-damage|p1a: Alomomola|468\/534 brn|[from] brn
|upkeep
|turn|4
|choice|move toxic|move hex
|
|move|p1a: Alomomola|Toxic|p2a: Cofagrigus
|-status|p2a: Cofagrigus|tox
|move|p2a: Cofagrigus|Hex|p1a: Alomomola
|-damage|p1a: Alomomola|195\/534 brn
|
|-damage|p1a: Alomomola|129\/534 brn|[from] brn
|-damage|p2a: Cofagrigus|300\/319 tox|[from] psn
|upkeep
|turn|5
|choice|switch 2|move toxicspikes
|
|switch|p1a: Togetic|Togetic, M|314\/314
|move|p2a: Cofagrigus|Toxic Spikes|p1a: Togetic
|-sidestart|p1: LCezasfuck|move: Toxic Spikes
|
|-damage|p2a: Cofagrigus|262\/319 tox|[from] psn
|upkeep
|turn|6
|choice|move defog|move willowisp
|
|move|p1a: Togetic|Defog|p2a: Cofagrigus
|-unboost|p2a: Cofagrigus|evasion|1
|-sideend|p1: LCezasfuck|Toxic Spikes|[from] move: Defog|[of] p1a: Togetic
|move|p2a: Cofagrigus|Will-O-Wisp|p1a: Togetic|[miss]
|-miss|p2a: Cofagrigus|p1a: Togetic
|
|-damage|p2a: Cofagrigus|205\/319 tox|[from] psn
|upkeep
|turn|7
|choice|move flamethrower|move willowisp
|
|move|p1a: Togetic|Flamethrower|p2a: Cofagrigus
|-damage|p2a: Cofagrigus|167\/319 tox
|move|p2a: Cofagrigus|Will-O-Wisp|p1a: Togetic
|-status|p1a: Togetic|brn
|
|-damage|p1a: Togetic|275\/314 brn|[from] brn
|-damage|p2a: Cofagrigus|91\/319 tox|[from] psn
|upkeep
|-enditem|p2a: Cofagrigus|Sitrus Berry|[eat]
|-heal|p2a: Cofagrigus|170\/319 tox|[from] item: Sitrus Berry
|turn|8
|choice|move healbell|move hex
|
|move|p1a: Togetic|Heal Bell|p1a: Togetic
|-activate|p1a: Togetic|move: Heal Bell
|-curestatus|p1a: Togetic|brn|[msg]
|-curestatus|p1: Alomomola|brn|[msg]
|move|p2a: Cofagrigus|Hex|p1a: Togetic
|-damage|p1a: Togetic|241\/314
|
|-damage|p2a: Cofagrigus|75\/319 tox|[from] psn
|upkeep
|turn|9
|choice|move roost|move painsplit
|
|move|p1a: Togetic|Roost|p1a: Togetic
|-heal|p1a: Togetic|314\/314
|move|p2a: Cofagrigus|Pain Split|p1a: Togetic
|-sethp|p1a: Togetic|194\/314|p2a: Cofagrigus|194\/319 tox|[from] move: Pain Split
|
|-damage|p2a: Cofagrigus|80\/319 tox|[from] psn
|upkeep
|turn|10
|choice|move roost|move painsplit
|
|move|p1a: Togetic|Roost|p1a: Togetic
|-heal|p1a: Togetic|314\/314
|move|p2a: Cofagrigus|Pain Split|p1a: Togetic
|-sethp|p1a: Togetic|197\/314|p2a: Cofagrigus|197\/319 tox|[from] move: Pain Split
|
|-damage|p2a: Cofagrigus|64\/319 tox|[from] psn
|upkeep
|turn|11
|choice|switch 4|move painsplit
|
|switch|p1a: Spiritomb|Spiritomb, M|77\/303
|move|p2a: Cofagrigus|Pain Split|p1a: Spiritomb
|-sethp|p1a: Spiritomb|70\/303|p2a: Cofagrigus|70\/319 tox|[from] move: Pain Split
|
|-damage|p2a: Cofagrigus|0 fnt|[from] psn
|upkeep
|faint|p2a: Cofagrigus
|choice||switch 2
|
|switch|p2a: Drapion|Drapion, F, shiny|281\/281
|turn|12
|choice|switch 6|move swordsdance
|
|switch|p1a: Hitmontop|Hitmontop, M|304\/304
|-ability|p1a: Hitmontop|Intimidate|boost
|-unboost|p2a: Drapion|atk|1
|move|p2a: Drapion|Swords Dance|p2a: Drapion
|-boost|p2a: Drapion|atk|2
|
|upkeep
|turn|13
|choice|switch 2|move swordsdance
|
|switch|p1a: Alomomola|Alomomola, M|307\/534
|move|p2a: Drapion|Swords Dance|p2a: Drapion
|-boost|p2a: Drapion|atk|2
|
|upkeep
|turn|14
|choice|switch 2|move poisonjab
|
|switch|p1a: Hitmontop|Hitmontop, M|304\/304
|-ability|p1a: Hitmontop|Intimidate|boost
|-unboost|p2a: Drapion|atk|1
|move|p2a: Drapion|Poison Jab|p1a: Hitmontop
|-damage|p1a: Hitmontop|136\/304
|
|-heal|p1a: Hitmontop|155\/304|[from] item: Leftovers
|upkeep
|turn|15
|choice|move closecombat|move swordsdance
|
|move|p2a: Drapion|Swords Dance|p2a: Drapion
|-boost|p2a: Drapion|atk|2
|move|p1a: Hitmontop|Close Combat|p2a: Drapion
|-damage|p2a: Drapion|158\/281
|-unboost|p1a: Hitmontop|def|1
|-unboost|p1a: Hitmontop|spd|1
|
|-heal|p1a: Hitmontop|174\/304|[from] item: Leftovers
|upkeep
|turn|16
|choice|switch 6|move poisonjab
|
|switch|p1a: Spiritomb|Spiritomb, M|70\/303
|move|p2a: Drapion|Poison Jab|p1a: Spiritomb
|-resisted|p1a: Spiritomb
|-damage|p1a: Spiritomb|0 fnt
|faint|p1a: Spiritomb
|
|upkeep
|choice|switch 3|
|
|switch|p1a: Virizion|Virizion|323\/323
|turn|17
|choice|move closecombat|move poisonjab
|
|move|p1a: Virizion|Close Combat|p2a: Drapion
|-damage|p2a: Drapion|2\/281
|-unboost|p1a: Virizion|def|1
|-unboost|p1a: Virizion|spd|1
|move|p2a: Drapion|Poison Jab|p1a: Virizion
|-supereffective|p1a: Virizion
|-damage|p1a: Virizion|0 fnt
|faint|p1a: Virizion
|
|upkeep
|choice|switch 5|
|
|switch|p1a: Glalie|Glalie, F|301\/301
|turn|18
|choice|move iceshard mega|move poisonjab
|
|detailschange|p1a: Glalie|Glalie-Mega, F
|-mega|p1a: Glalie|Glalie|Glalitite
|move|p1a: Glalie|Ice Shard|p2a: Drapion
|-damage|p2a: Drapion|0 fnt
|faint|p2a: Drapion
|
|upkeep
|choice||switch 5
|
|switch|p2a: Clawitzer|Clawitzer, M|187\/346
|turn|19
|choice|switch 4|move aurasphere
|
|switch|p1a: Togetic|Togetic, M|197\/314
|move|p2a: Clawitzer|Aura Sphere|p1a: Togetic
|-resisted|p1a: Togetic
|-crit|p1a: Togetic
|-damage|p1a: Togetic|161\/314
|
|upkeep
|turn|20
|choice|move roost|switch 4
|
|switch|p2a: Rhyperior|Rhyperior, M|371\/371
|move|p1a: Togetic|Roost|p1a: Togetic
|-heal|p1a: Togetic|314\/314
|
|upkeep
|turn|21
|choice|switch 6|move rockpolish
|
|switch|p1a: Hitmontop|Hitmontop, M|174\/304
|-ability|p1a: Hitmontop|Intimidate|boost
|-unboost|p2a: Rhyperior|atk|1
|move|p2a: Rhyperior|Rock Polish|p2a: Rhyperior
|-boost|p2a: Rhyperior|spe|2
|
|-heal|p1a: Hitmontop|193\/304|[from] item: Leftovers
|upkeep
|turn|22
|choice|move toxic|move earthquake
|
|move|p2a: Rhyperior|Earthquake|p1a: Hitmontop
|-damage|p1a: Hitmontop|105\/304
|move|p1a: Hitmontop|Toxic|p2a: Rhyperior|[miss]
|-miss|p1a: Hitmontop|p2a: Rhyperior
|
|-heal|p1a: Hitmontop|124\/304|[from] item: Leftovers
|upkeep
|turn|23
|choice|switch 2|move earthquake
|
|switch|p1a: Alomomola|Alomomola, M|485\/534
|move|p2a: Rhyperior|Earthquake|p1a: Alomomola
|-damage|p1a: Alomomola|377\/534
|
|upkeep
|turn|24
|choice|move toxic|switch 3
|
|switch|p2a: Exploud|Exploud, F|412\/412
|move|p1a: Alomomola|Toxic|p2a: Exploud
|-status|p2a: Exploud|tox
|
|-damage|p2a: Exploud|387\/412 tox|[from] psn
|upkeep
|turn|25
|choice|move protect|move boomburst
|
|move|p1a: Alomomola|Protect|p1a: Alomomola
|-singleturn|p1a: Alomomola|Protect
|move|p2a: Exploud|Boomburst|p1a: Alomomola
|-activate|p1a: Alomomola|move: Protect
|
|-damage|p2a: Exploud|337\/412 tox|[from] psn
|upkeep
|turn|26
|choice|switch 6|move boomburst
|
|switch|p1a: Togetic|Togetic, M|314\/314
|move|p2a: Exploud|Boomburst|p1a: Togetic
|-damage|p1a: Togetic|155\/314
|
|-damage|p2a: Exploud|262\/412 tox|[from] psn
|upkeep
|turn|27
|choice|move roost|move boomburst
|
|move|p2a: Exploud|Boomburst|p1a: Togetic
|-damage|p1a: Togetic|17\/314
|move|p1a: Togetic|Roost|p1a: Togetic
|-heal|p1a: Togetic|174\/314
|
|-damage|p2a: Exploud|162\/412 tox|[from] psn
|upkeep
|turn|28
|-message|eeveeor forfeited.
|
|win|LCezasfuck
|player|p1
|player|p2
|l|eeveeor</script>
</div>
<div class="battle-log battle-log-inline"><div class="inner"><div class="battle-options"></div><div class="inner"><div class="chat"><small>LCezasfuck joined.</small></div><div class="chat"><small>eeveeor joined.</small></div><div class=""><small>Format:</small> <br><strong>RU</strong></div><div class="rated"><strong>Rated battle</strong></div><div class=""><small><em>Sleep Clause Mod:</em> Limit one foe put to sleep</small></div><div class=""><small><em>Species Clause:</em> Limit one of each Pokémon</small></div><div class=""><small><em>OHKO Clause:</em> OHKO moves are banned</small></div><div class=""><small><em>Moody Clause:</em> Moody is banned</small></div><div class=""><small><em>Evasion Moves Clause:</em> Evasion moves are banned</small></div><div class=""><small><em>Endless Battle Clause:</em> Forcing endless battles is banned</small></div><div class=""><small><em>HP Percentage Mod:</em> HP is shown in percentages</small></div><div class=""><small><em>Swagger Clause:</em> Swagger is banned</small></div><div class=""><small><em>Baton Pass Clause:</em> Limit one Baton Passer, can't pass Spe and other stats simultaneously</small></div><div class="chat battle-history"><strong>LCezasfuck's team:</strong> <em style="color:#445566;display:block;">Alomomola / Togetic / Spiritomb / Virizion / Glalie / Hitmontop</em></div><div class="chat battle-history"><strong>eeveeor's team:</strong> <em style="color:#445566;display:block;">Drapion / Clawitzer / Exploud / Rhyperior / Cofagrigus / Sawk</em></div><div class="spacer battle-history"><br></div><div class="battle-history">Battle started between LCezasfuck and eeveeor!<br></div><div class="spacer battle-history"><br></div><div class="battle-history">Go! <strong>Spiritomb</strong>!<br></div><div class="spacer battle-history"><br></div><div class="battle-history">eeveeor sent out <strong>Clawitzer</strong>!<br></div><div class="spacer battle-history"><br></div><h2 class="battle-history">Turn 1</h2><div class="spacer battle-history"><br></div><div class="battle-history">Spiritomb used <strong>Sucker Punch</strong>!<br></div><div class="battle-history"><small>(The opposing Clawitzer lost <abbr title="−159/346">46.0%</abbr> of its health!)</small><br></div><div class="spacer battle-history"><br></div><div class="battle-history">The opposing Clawitzer used <strong>Water Pulse</strong>!<br></div><div class="battle-history"><small>(Spiritomb lost <abbr title="−226/303">74.6%</abbr> of its health!)</small><br></div><div class="spacer battle-history"><br></div><h2 class="battle-history">Turn 2</h2><div class="spacer battle-history"><br></div><div class="battle-history">eeveeor withdrew Clawitzer!<br></div><div class="battle-history">eeveeor sent out <strong>Cofagrigus</strong>!<br></div><div class="spacer battle-history"><br></div><div class="battle-history">Spiritomb, come back!<br></div><div class="battle-history">Go! <strong>Virizion</strong>!<br></div><div class="spacer battle-history"><br></div><h2 class="battle-history">Turn 3</h2><div class="spacer battle-history"><br></div><div class="battle-history">Virizion, come back!<br></div><div class="battle-history">Go! <strong>Alomomola</strong>!<br></div><div class="spacer battle-history"><br></div><div class="battle-history">The opposing Cofagrigus used <strong>Will-O-Wisp</strong>!<br></div><div class="battle-history"><small>Alomomola was burned!</small><br></div><div class="spacer battle-history"><br></div><div class="battle-history"><small>Alomomola was hurt by its burn!</small><br></div><div class="spacer battle-history"><br></div><h2 class="battle-history">Turn 4</h2><div class="spacer battle-history"><br></div><div class="battle-history">Alomomola used <strong>Toxic</strong>!<br></div><div class="battle-history"><small>The opposing Cofagrigus was badly poisoned!</small><br></div><div class="spacer battle-history"><br></div><div class="battle-history">The opposing Cofagrigus used <strong>Hex</strong>!<br></div><div class="battle-history"><small>(Alomomola lost <abbr title="−273/534">51.1%</abbr> of its health!)</small><br></div><div class="spacer battle-history"><br></div><div class="battle-history"><small>Alomomola was hurt by its burn!</small><br></div><div class="battle-history"><small>The opposing Cofagrigus was hurt by poison!</small><br></div><div class="spacer battle-history"><br></div><h2 class="battle-history">Turn 5</h2><div class="spacer battle-history"><br></div><div class="battle-history">Alomomola, come back!<br></div><div class="battle-history">Go! <strong>Togetic</strong>!<br></div><div class="spacer battle-history"><br></div><div class="battle-history">The opposing Cofagrigus used <strong>Toxic Spikes</strong>!<br></div><div class="battle-history"><small>Poison spikes were scattered on the ground all around your team!</small><br></div><div class="spacer battle-history"><br></div><div class="battle-history"><small>The opposing Cofagrigus was hurt by poison!</small><br></div><div class="spacer battle-history"><br></div><h2 class="battle-history">Turn 6</h2><div class="spacer battle-history"><br></div><div class="battle-history">Togetic used <strong>Defog</strong>!<br></div><div class="battle-history"><small>The opposing Cofagrigus's evasiveness fell!</small><br></div><div class="battle-history"><small>The poison spikes disappeared from the ground around your team!</small><br></div><div class="spacer battle-history"><br></div><div class="battle-history">The opposing Cofagrigus used <strong>Will-O-Wisp</strong>!<br></div><div class="battle-history"><small>Togetic avoided the attack!</small><br></div><div class="spacer battle-history"><br></div><div class="battle-history"><small>The opposing Cofagrigus was hurt by poison!</small><br></div><div class="spacer battle-history"><br></div><h2 class="battle-history">Turn 7</h2><div class="spacer battle-history"><br></div><div class="battle-history">Togetic used <strong>Flamethrower</strong>!<br></div><div class="battle-history"><small>(The opposing Cofagrigus lost <abbr title="−38/319">11.9%</abbr> of its health!)</small><br></div><div class="spacer battle-history"><br></div><div class="battle-history">The opposing Cofagrigus used <strong>Will-O-Wisp</strong>!<br></div><div class="battle-history"><small>Togetic was burned!</small><br></div><div class="spacer battle-history"><br></div><div class="battle-history"><small>Togetic was hurt by its burn!</small><br></div><div class="battle-history"><small>The opposing Cofagrigus was hurt by poison!</small><br></div><div class="spacer battle-history"><br></div><div class="battle-history"><small>The opposing Cofagrigus ate its Sitrus Berry!</small><br></div><div class="battle-history"><small>The opposing Cofagrigus restored HP using its Sitrus Berry!</small><br></div><div class="spacer battle-history"><br></div><h2 class="battle-history">Turn 8</h2><div class="spacer battle-history"><br></div><div class="battle-history">Togetic used <strong>Heal Bell</strong>!<br></div><div class="battle-history"><small>A bell chimed!</small><br></div><div class="battle-history"><small>Togetic's burn was healed.</small><br></div><div class="battle-history"><small>Alomomola's burn was healed.</small><br></div><div class="spacer battle-history"><br></div><div class="battle-history">The opposing Cofagrigus used <strong>Hex</strong>!<br></div><div class="battle-history"><small>(Togetic lost <abbr title="−34/314">10.8%</abbr> of its health!)</small><br></div><div class="spacer battle-history"><br></div><div class="battle-history"><small>The opposing Cofagrigus was hurt by poison!</small><br></div><div class="spacer battle-history"><br></div><h2 class="battle-history">Turn 9</h2><div class="spacer battle-history"><br></div><div class="battle-history">Togetic used <strong>Roost</strong>!<br></div><div class="battle-history"><small>Togetic restored its HP.</small><br></div><div class="spacer battle-history"><br></div><div class="battle-history">The opposing Cofagrigus used <strong>Pain Split</strong>!<br></div><div class="battle-history"><small>The battlers shared their pain!</small><br></div><div class="spacer battle-history"><br></div><div class="battle-history"><small>The opposing Cofagrigus was hurt by poison!</small><br></div><div class="spacer battle-history"><br></div><h2 class="battle-history">Turn 10</h2><div class="spacer battle-history"><br></div><div class="battle-history">Togetic used <strong>Roost</strong>!<br></div><div class="battle-history"><small>Togetic restored its HP.</small><br></div><div class="spacer battle-history"><br></div><div class="battle-history">The opposing Cofagrigus used <strong>Pain Split</strong>!<br></div><div class="battle-history"><small>The battlers shared their pain!</small><br></div><div class="spacer battle-history"><br></div><div class="battle-history"><small>The opposing Cofagrigus was hurt by poison!</small><br></div><div class="spacer battle-history"><br></div><h2 class="battle-history">Turn 11</h2><div class="spacer battle-history"><br></div><div class="battle-history">Togetic, come back!<br></div><div class="battle-history">Go! <strong>Spiritomb</strong>!<br></div><div class="spacer battle-history"><br></div><div class="battle-history">The opposing Cofagrigus used <strong>Pain Split</strong>!<br></div><div class="battle-history"><small>The battlers shared their pain!</small><br></div><div class="spacer battle-history"><br></div><div class="battle-history"><small>The opposing Cofagrigus was hurt by poison!</small><br></div><div class="spacer battle-history"><br></div><div class="battle-history">The opposing Cofagrigus fainted!<br></div><div class="spacer battle-history"><br></div><div class="battle-history">eeveeor sent out <strong>Drapion</strong>!<br></div><div class="spacer battle-history"><br></div><h2 class="battle-history">Turn 12</h2><div class="spacer battle-history"><br></div><div class="battle-history">Spiritomb, come back!<br></div><div class="battle-history">Go! <strong>Hitmontop</strong>!<br></div><div class="battle-history"><small>[Hitmontop's Intimidate]</small><br></div><div class="battle-history"><small>The opposing Drapion's Attack fell!</small><br></div><div class="spacer battle-history"><br></div><div class="battle-history">The opposing Drapion used <strong>Swords Dance</strong>!<br></div><div class="battle-history"><small>The opposing Drapion's Attack rose sharply!</small><br></div><div class="spacer battle-history"><br></div><h2 class="battle-history">Turn 13</h2><div class="spacer battle-history"><br></div><div class="battle-history">Hitmontop, come back!<br></div><div class="battle-history">Go! <strong>Alomomola</strong>!<br></div><div class="spacer battle-history"><br></div><div class="battle-history">The opposing Drapion used <strong>Swords Dance</strong>!<br></div><div class="battle-history"><small>The opposing Drapion's Attack rose sharply!</small><br></div><div class="spacer battle-history"><br></div><h2 class="battle-history">Turn 14</h2><div class="spacer battle-history"><br></div><div class="battle-history">Alomomola, come back!<br></div><div class="battle-history">Go! <strong>Hitmontop</strong>!<br></div><div class="battle-history"><small>[Hitmontop's Intimidate]</small><br></div><div class="battle-history"><small>The opposing Drapion's Attack fell!</small><br></div><div class="spacer battle-history"><br></div><div class="battle-history">The opposing Drapion used <strong>Poison Jab</strong>!<br></div><div class="battle-history"><small>(Hitmontop lost <abbr title="−168/304">55.3%</abbr> of its health!)</small><br></div><div class="spacer battle-history"><br></div><div class="battle-history"><small>Hitmontop restored a little HP using its Leftovers!</small><br></div><div class="spacer battle-history"><br></div><h2 class="battle-history">Turn 15</h2><div class="spacer battle-history"><br></div><div class="battle-history">The opposing Drapion used <strong>Swords Dance</strong>!<br></div><div class="battle-history"><small>The opposing Drapion's Attack rose sharply!</small><br></div><div class="spacer battle-history"><br></div><div class="battle-history">Hitmontop used <strong>Close Combat</strong>!<br></div><div class="battle-history"><small>(The opposing Drapion lost <abbr title="−123/281">43.8%</abbr> of its health!)</small><br></div><div class="battle-history"><small>Hitmontop's Defense fell!</small><br></div><div class="battle-history"><small>Hitmontop's Special Defense fell!</small><br></div><div class="spacer battle-history"><br></div><div class="battle-history"><small>Hitmontop restored a little HP using its Leftovers!</small><br></div><div class="spacer battle-history"><br></div><h2 class="battle-history">Turn 16</h2><div class="spacer battle-history"><br></div><div class="battle-history">Hitmontop, come back!<br></div><div class="battle-history">Go! <strong>Spiritomb</strong>!<br></div><div class="spacer battle-history"><br></div><div class="battle-history">The opposing Drapion used <strong>Poison Jab</strong>!<br></div><div class="battle-history"><small>It's not very effective...</small><br></div><div class="battle-history"><small>(Spiritomb lost <abbr title="−70/303">23.1%</abbr> of its health!)</small><br></div><div class="spacer battle-history"><br></div><div class="battle-history">Spiritomb fainted!<br></div><div class="spacer battle-history"><br></div><div class="battle-history">Go! <strong>Virizion</strong>!<br></div><div class="spacer battle-history"><br></div><h2 class="battle-history">Turn 17</h2><div class="spacer battle-history"><br></div><div class="battle-history">Virizion used <strong>Close Combat</strong>!<br></div><div class="battle-history"><small>(The opposing Drapion lost <abbr title="−156/281">55.5%</abbr> of its health!)</small><br></div><div class="battle-history"><small>Virizion's Defense fell!</small><br></div><div class="battle-history"><small>Virizion's Special Defense fell!</small><br></div><div class="spacer battle-history"><br></div><div class="battle-history">The opposing Drapion used <strong>Poison Jab</strong>!<br></div><div class="battle-history"><small>It's super effective!</small><br></div><div class="battle-history"><small>(Virizion lost <abbr title="−323/323">100%</abbr> of its health!)</small><br></div><div class="spacer battle-history"><br></div><div class="battle-history">Virizion fainted!<br></div><div class="spacer battle-history"><br></div><div class="battle-history">Go! <strong>Glalie</strong>!<br></div><div class="spacer battle-history"><br></div><h2 class="battle-history">Turn 18</h2><div class="spacer battle-history"><br></div><div class="battle-history"><small>Glalie's Glalitite is reacting to LCezasfuck's Mega Bracelet!</small><br>Glalie has Mega Evolved into Mega Glalie!<br></div><div class="spacer battle-history"><br></div><div class="battle-history">Glalie used <strong>Ice Shard</strong>!<br></div><div class="battle-history"><small>(The opposing Drapion lost <abbr title="−2/281">0.7%</abbr> of its health!)</small><br></div><div class="spacer battle-history"><br></div><div class="battle-history">The opposing Drapion fainted!<br></div><div class="spacer battle-history"><br></div><div class="battle-history">eeveeor sent out <strong>Clawitzer</strong>!<br></div><div class="spacer battle-history"><br></div><h2 class="battle-history">Turn 19</h2><div class="spacer battle-history"><br></div><div class="battle-history">Glalie, come back!<br></div><div class="battle-history">Go! <strong>Togetic</strong>!<br></div><div class="spacer battle-history"><br></div><div class="battle-history">The opposing Clawitzer used <strong>Aura Sphere</strong>!<br></div><div class="battle-history"><small>It's not very effective...</small><br></div><div class="battle-history"><small>A critical hit!</small><br></div><div class="battle-history"><small>(Togetic lost <abbr title="−36/314">11.5%</abbr> of its health!)</small><br></div><div class="spacer battle-history"><br></div><h2 class="battle-history">Turn 20</h2><div class="spacer battle-history"><br></div><div class="battle-history">eeveeor withdrew Clawitzer!<br></div><div class="battle-history">eeveeor sent out <strong>Rhyperior</strong>!<br></div><div class="spacer battle-history"><br></div><div class="battle-history">Togetic used <strong>Roost</strong>!<br></div><div class="battle-history"><small>Togetic restored its HP.</small><br></div><div class="spacer battle-history"><br></div><h2 class="battle-history">Turn 21</h2><div class="spacer battle-history"><br></div><div class="battle-history">Togetic, come back!<br></div><div class="battle-history">Go! <strong>Hitmontop</strong>!<br></div><div class="battle-history"><small>[Hitmontop's Intimidate]</small><br></div><div class="battle-history"><small>The opposing Rhyperior's Attack fell!</small><br></div><div class="spacer battle-history"><br></div><div class="battle-history">The opposing Rhyperior used <strong>Rock Polish</strong>!<br></div><div class="battle-history"><small>The opposing Rhyperior's Speed rose sharply!</small><br></div><div class="spacer battle-history"><br></div><div class="battle-history"><small>Hitmontop restored a little HP using its Leftovers!</small><br></div><div class="spacer battle-history"><br></div><h2 class="battle-history">Turn 22</h2><div class="spacer battle-history"><br></div><div class="battle-history">The opposing Rhyperior used <strong>Earthquake</strong>!<br></div><div class="battle-history"><small>(Hitmontop lost <abbr title="−88/304">28.9%</abbr> of its health!)</small><br></div><div class="spacer battle-history"><br></div><div class="battle-history">Hitmontop used <strong>Toxic</strong>!<br></div><div class="battle-history"><small>The opposing Rhyperior avoided the attack!</small><br></div><div class="spacer battle-history"><br></div><div class="battle-history"><small>Hitmontop restored a little HP using its Leftovers!</small><br></div><div class="spacer battle-history"><br></div><h2 class="battle-history">Turn 23</h2><div class="spacer battle-history"><br></div><div class="battle-history">Hitmontop, come back!<br></div><div class="battle-history">Go! <strong>Alomomola</strong>!<br></div><div class="spacer battle-history"><br></div><div class="battle-history">The opposing Rhyperior used <strong>Earthquake</strong>!<br></div><div class="battle-history"><small>(Alomomola lost <abbr title="−108/534">20.2%</abbr> of its health!)</small><br></div><div class="spacer battle-history"><br></div><h2 class="battle-history">Turn 24</h2><div class="spacer battle-history"><br></div><div class="battle-history">eeveeor withdrew Rhyperior!<br></div><div class="battle-history">eeveeor sent out <strong>Exploud</strong>!<br></div><div class="spacer battle-history"><br></div><div class="battle-history">Alomomola used <strong>Toxic</strong>!<br></div><div class="battle-history"><small>The opposing Exploud was badly poisoned!</small><br></div><div class="spacer battle-history"><br></div><div class="battle-history"><small>The opposing Exploud was hurt by poison!</small><br></div><div class="spacer battle-history"><br></div><h2 class="battle-history">Turn 25</h2><div class="spacer battle-history"><br></div><div class="battle-history">Alomomola used <strong>Protect</strong>!<br></div><div class="battle-history"><small>Alomomola protected itself!</small><br></div><div class="spacer battle-history"><br></div><div class="battle-history">The opposing Exploud used <strong>Boomburst</strong>!<br></div><div class="battle-history"><small>Alomomola protected itself!</small><br></div><div class="spacer battle-history"><br></div><div class="battle-history"><small>The opposing Exploud was hurt by poison!</small><br></div><div class="spacer battle-history"><br></div><h2 class="battle-history">Turn 26</h2><div class="spacer battle-history"><br></div><div class="battle-history">Alomomola, come back!<br></div><div class="battle-history">Go! <strong>Togetic</strong>!<br></div><div class="spacer battle-history"><br></div><div class="battle-history">The opposing Exploud used <strong>Boomburst</strong>!<br></div><div class="battle-history"><small>(Togetic lost <abbr title="−159/314">50.6%</abbr> of its health!)</small><br></div><div class="spacer battle-history"><br></div><div class="battle-history"><small>The opposing Exploud was hurt by poison!</small><br></div><div class="spacer battle-history"><br></div><h2 class="battle-history">Turn 27</h2><div class="spacer battle-history"><br></div><div class="battle-history">The opposing Exploud used <strong>Boomburst</strong>!<br></div><div class="battle-history"><small>(Togetic lost <abbr title="−138/314">43.9%</abbr> of its health!)</small><br></div><div class="spacer battle-history"><br></div><div class="battle-history">Togetic used <strong>Roost</strong>!<br></div><div class="battle-history"><small>Togetic restored its HP.</small><br></div><div class="spacer battle-history"><br></div><div class="battle-history"><small>The opposing Exploud was hurt by poison!</small><br></div><div class="spacer battle-history"><br></div><h2 class="battle-history">Turn 28</h2><div class="spacer battle-history"><br></div><div class="battle-history"><small>eeveeor forfeited.</small><br></div><div class="spacer battle-history"><br></div><div class="battle-history"><strong>LCezasfuck</strong> won the battle!<br></div><div class="chat"><small>eeveeor left.</small></div></div><div class="inner-preempt"></div></div></div>
</div>
<script>
let daily = Math.floor(Date.now()/1000/60/60/24);document.write('<script src="https://play.pokemonshowdown.com/js/replay-embed.js?version'+daily+'"></'+'script>');
</script>
