<!DOCTYPE html>
<meta charset="utf-8" />
<!-- version 1 -->
<title>RU replay: sam i yam vs. Eren - 乇乂</title>
<style>
html,body {font-family:Verdana, sans-serif;font-size:10pt;margin:0;padding:0;}body{padding:12px 0;} .battle-log {font-family:Verdana, sans-serif;font-size:10pt;} .battle-log-inline {border:1px solid #AAAAAA;background:#EEF2F5;color:black;max-width:640px;margin:0 auto 80px;padding-bottom:5px;} .battle-log .inner {padding:4px 8px 0px 8px;} .battle-log .inner-preempt {padding:0 8px 4px 8px;} .battle-log .inner-after {margin-top:0.5em;} .battle-log h2 {margin:0.5em -8px;padding:4px 8px;border:1px solid #AAAAAA;background:#E0E7EA;border-left:0;border-right:0;font-family:Verdana, sans-serif;font-size:13pt;} .battle-log .chat {vertical-align:middle;padding:3px 0 3px 0;font-size:8pt;} .battle-log .chat strong {color:#40576A;} .battle-log .chat em {padding:1px 4px 1px 3px;color:#000000;font-style:normal;} .chat.mine {background:rgba(0,0,0,0.05);margin-left:-8px;margin-right:-8px;padding-left:8px;padding-right:8px;} .spoiler {color:#BBBBBB;background:#BBBBBB;padding:0px 3px;} .spoiler:hover, .spoiler:active, .spoiler-shown {color:#000000;background:#E2E2E2;padding:0px 3px;} .spoiler a {color:#BBBBBB;} .spoiler:hover a, .spoiler:active a, .spoiler-shown a {color:#2288CC;} .chat code, .chat .spoiler:hover code, .chat .spoiler:active code, .chat .spoiler-shown code {border:1px solid #C0C0C0;background:#EEEEEE;color:black;padding:0 2px;} .chat .spoiler code {border:1px solid #CCCCCC;background:#CCCCCC;color:#CCCCCC;} .battle-log .rated {padding:3px 4px;} .battle-log .rated strong {color:white;background:#89A;padding:1px 4px;border-radius:4px;} .spacer {margin-top:0.5em;} .message-announce {background:#6688AA;color:white;padding:1px 4px 2px;} .message-announce a, .broadcast-green a, .broadcast-blue a, .broadcast-red a {color:#DDEEFF;} .broadcast-green {background-color:#559955;color:white;padding:2px 4px;} .broadcast-blue {background-color:#6688AA;color:white;padding:2px 4px;} .infobox {border:1px solid #6688AA;padding:2px 4px;} .infobox-limited {max-height:200px;overflow:auto;overflow-x:hidden;} .broadcast-red {background-color:#AA5544;color:white;padding:2px 4px;} .message-learn-canlearn {font-weight:bold;color:#228822;text-decoration:underline;} .message-learn-cannotlearn {font-weight:bold;color:#CC2222;text-decoration:underline;} .message-effect-weak {font-weight:bold;color:#CC2222;} .message-effect-resist {font-weight:bold;color:#6688AA;} .message-effect-immune {font-weight:bold;color:#666666;} .message-learn-list {margin-top:0;margin-bottom:0;} .message-throttle-notice, .message-error {color:#992222;} .message-overflow, .chat small.message-overflow {font-size:0pt;} .message-overflow::before {font-size:9pt;content:'...';} .subtle {color:#3A4A66;}
</style>
<div class="wrapper replay-wrapper" style="max-width:1180px;margin:0 auto">
<input type="hidden" name="replayid" value="ru-594440525" />
<div class="battle"></div><div class="battle-log"></div><div class="replay-controls"></div><div class="replay-controls-2"></div>
<h1 style="font-weight:normal;text-align:center"><strong>RU</strong><br /><a href="http://pokemonshowdown.com/users/samiyam" class="subtle" target="_blank">sam i yam</a> vs. <a href="http://pokemonshowdown.com/users/eren" class="subtle" target="_blank">Eren - 乇乂</a></h1>
<script type="text/plain" class="battle-log-data">|j|sam i yam
|j|Eren - 乇乂
|player|p1|sam i yam|266
|teamsize|p1|6
|player|p2|Eren - 乇乂|73
|teamsize|p2|6
|gametype|singles
|gen|6
|tier|RU
|seed|41572,13995,41247,4664
|rule|Sleep Clause Mod: Limit one foe put to sleep
|rule|Species Clause: Limit one of each Pokémon
|rule|OHKO Clause: OHKO moves are banned
|rule|Moody Clause: Moody is banned
|rule|Evasion Moves Clause: Evasion moves are banned
|rule|Endless Battle Clause: Forcing endless battles is banned
|rule|HP Percentage Mod: HP is shown in percentages
|clearpoke
|poke|p1|Exploud, F|item
|poke|p1|Virizion|item
|poke|p1|Diancie|item
|poke|p1|Hoopa|item
|poke|p1|Absol, M|item
|poke|p1|Escavalier, M|item
|poke|p2|Weezing, M|item
|poke|p2|Scrafty, M|item
|poke|p2|Bronzong|item
|poke|p2|Flygon, M, shiny|item
|poke|p2|Barbaracle, M|item
|poke|p2|Gourgeist-*, M, shiny|item
|rule|Swagger Clause: Swagger is banned
|rule|Baton Pass Clause: Limit one Baton Passer, can't pass Spe and other stats simultaneously
|teampreview
|j|EviGaro
|j|irk'd
|j|InfinityKnives
|c|☆Eren - 乇乂|hf
|j|pancake
|c|☆sam i yam|u2
|c| InfinityKnives|I like the weezing and flygon
|j|Raeing
|choice|team 3, team 2, team 1, team 4, team 5, team 6|team 1, team 2, team 3, team 4, team 5, team 6
|
|start
|switch|p1a: Diancie|Diancie|303\/303
|switch|p2a: Weezing|Weezing, M|334\/334
|turn|1
|choice|move stealthrock|move taunt
|
|move|p2a: Weezing|Taunt|p1a: Diancie
|-start|p1a: Diancie|move: Taunt
|cant|p1a: Diancie|move: Taunt|Stealth Rock
|
|upkeep
|turn|2
|choice|switch 4|move toxicspikes
|
|switch|p1a: Hoopa|Hoopa|301\/301
|move|p2a: Weezing|Toxic Spikes|p1a: Hoopa
|-sidestart|p1: sam i yam|move: Toxic Spikes
|
|upkeep
|turn|3
|choice|move focusblast|switch 4
|
|switch|p2a: Flygon|Flygon, M, shiny|364\/364
|move|p1a: Hoopa|Focus Blast|p2a: Flygon
|-damage|p2a: Flygon|86\/364
|-damage|p1a: Hoopa|271\/301|[from] item: Life Orb
|
|-heal|p2a: Flygon|108\/364|[from] item: Leftovers
|upkeep
|turn|4
|j|never gonna change
|j|Mr. Aldo
|j|lax
|choice|switch 4|move roost
|
|switch|p1a: Diancie|Diancie|303\/303
|-status|p1a: Diancie|psn
|move|p2a: Flygon|Roost|p2a: Flygon
|-heal|p2a: Flygon|290\/364
|
|-heal|p2a: Flygon|312\/364|[from] item: Leftovers
|-damage|p1a: Diancie|266\/303 psn|[from] psn
|upkeep
|turn|5
|choice|move stealthrock|switch 3
|
|switch|p2a: Bronzong|Bronzong|338\/338
|move|p1a: Diancie|Stealth Rock|p2a: Bronzong
|-sidestart|p2: Eren - 乇乂|move: Stealth Rock
|
|-damage|p1a: Diancie|229\/303 psn|[from] psn
|upkeep
|turn|6
|choice|switch 5|move stealthrock
|
|switch|p1a: Absol|Absol, M|271\/271
|-status|p1a: Absol|psn
|move|p2a: Bronzong|Stealth Rock|p1a: Absol
|-sidestart|p1: sam i yam|move: Stealth Rock
|
|-damage|p1a: Absol|238\/271 psn|[from] psn
|upkeep
|turn|7
|choice|move pursuit|switch 4
|
|-activate|p2a: Bronzong|move: Pursuit
|move|p1a: Absol|Pursuit|p2a: Bronzong|[from]Pursuit
|-supereffective|p2a: Bronzong
|-damage|p2a: Bronzong|0 fnt
|faint|p2a: Bronzong
|
|-damage|p1a: Absol|205\/271 psn|[from] psn
|upkeep
|j|Teddeh
|j|PokemonMasterTJ
|c| lax|PokemonMasterTJ
|c| lax|ever thought of a name change
|c| PokemonMasterTJ|yea
|c|+pancake|lmfao
|c| PokemonMasterTJ|i have
|l|Raeing
|c| Teddeh|PokemonMasterTJ don't listen to these guys
|c| lax|jw.
|c| Teddeh|your name is beautiful as it is
|c| PokemonMasterTJ|thx teddy <3
|c| InfinityKnives|idk it kinda sounds like master tug jobs
|c| PokemonMasterTJ|smh haters
|c|+pancake|the haters are all around
|c| EviGaro|Grats pancake
|c|+pancake|what's it this time
|c|☆Eren - 乇乂|thinking sorry
|c| EviGaro|Me memeing
|c|+pancake|lmao
|c|☆sam i yam|no rush
|c|+pancake|congrats on meming my dude
|choice||switch 2
|
|switch|p2a: Scrafty|Scrafty, M|273\/273
|-damage|p2a: Scrafty|256\/273|[from] Stealth Rock
|turn|8
|choice|switch 6|move dragondance
|
|switch|p1a: Escavalier|Escavalier, M|344\/344
|-damage|p1a: Escavalier|301\/344|[from] Stealth Rock
|move|p2a: Scrafty|Dragon Dance|p2a: Scrafty
|-boost|p2a: Scrafty|atk|1
|-boost|p2a: Scrafty|spe|1
|
|-heal|p2a: Scrafty|273\/273|[from] item: Leftovers
|-heal|p1a: Escavalier|322\/344|[from] item: Leftovers
|upkeep
|turn|9
|j|Raeing
|choice|move megahorn|move knockoff
|
|move|p2a: Scrafty|Knock Off|p1a: Escavalier
|-damage|p1a: Escavalier|132\/344
|-enditem|p1a: Escavalier|Leftovers|[from] move: Knock Off|[of] p2a: Scrafty
|move|p1a: Escavalier|Megahorn|p2a: Scrafty
|-damage|p2a: Scrafty|110\/273
|
|-heal|p2a: Scrafty|127\/273|[from] item: Leftovers
|upkeep
|turn|10
|choice|move megahorn|move knockoff
|
|move|p2a: Scrafty|Knock Off|p1a: Escavalier
|-damage|p1a: Escavalier|0 fnt
|faint|p1a: Escavalier
|
|-heal|p2a: Scrafty|144\/273|[from] item: Leftovers
|upkeep
|choice|switch 2|
|
|switch|p1a: Virizion|Virizion|323\/323
|-status|p1a: Virizion|psn
|-damage|p1a: Virizion|303\/323 psn|[from] Stealth Rock
|-enditem|p1a: Virizion|Lum Berry|[eat]
|-curestatus|p1a: Virizion|psn|[msg]
|turn|11
|choice|move closecombat|move highjumpkick
|
|move|p2a: Scrafty|High Jump Kick|p1a: Virizion
|-damage|p1a: Virizion|0 fnt
|faint|p1a: Virizion
|
|-heal|p2a: Scrafty|161\/273|[from] item: Leftovers
|upkeep
|c| Teddeh|if this is drain punch
|c| Teddeh|ah
|choice|switch 6|
|
|switch|p1a: Absol|Absol, M|205\/271 psn
|-damage|p1a: Absol|172\/271 psn|[from] Stealth Rock
|turn|12
|choice|move playrough|move highjumpkick
|
|move|p2a: Scrafty|High Jump Kick|p1a: Absol
|-supereffective|p1a: Absol
|-damage|p1a: Absol|0 fnt
|faint|p1a: Absol
|
|-heal|p2a: Scrafty|178\/273|[from] item: Leftovers
|upkeep
|choice|switch 5|
|
|switch|p1a: Diancie|Diancie|229\/303 psn
|-damage|p1a: Diancie|192\/303 psn|[from] Stealth Rock
|turn|13
|c| Teddeh|fearless af
|c| PokemonMasterTJ|bop ded
|choice|move moonblast|move highjumpkick
|
|move|p2a: Scrafty|High Jump Kick|p1a: Diancie
|-damage|p1a: Diancie|8\/303 psn
|move|p1a: Diancie|Moonblast|p2a: Scrafty
|-supereffective|p2a: Scrafty
|-damage|p2a: Scrafty|0 fnt
|faint|p2a: Scrafty
|
|-damage|p1a: Diancie|0 fnt|[from] psn
|upkeep
|faint|p1a: Diancie
|c|☆Eren - 乇乂|lol
|c|☆sam i yam|o lol
|c| PokemonMasterTJ|bop walled
|c|+pancake|lol
|choice|switch 3|switch 3
|
|switch|p2a: Flygon|Flygon, M, shiny|312\/364
|switch|p1a: Exploud|Exploud, F|349\/349
|-damage|p2a: Flygon|290\/364|[from] Stealth Rock
|-damage|p1a: Exploud|306\/349|[from] Stealth Rock
|-status|p1a: Exploud|psn
|turn|14
|choice|move boomburst|switch 6
|
|switch|p2a: Gourgeist|Gourgeist-Super, M, shiny|374\/374
|-damage|p2a: Gourgeist|328\/374|[from] Stealth Rock
|-item|p1a: Exploud|Choice Specs|[from] ability: Frisk|[of] p2a: Gourgeist|[identify]
|move|p1a: Exploud|Boomburst|p2a: Gourgeist
|-damage|p2a: Gourgeist|0 fnt
|faint|p2a: Gourgeist
|
|-damage|p1a: Exploud|263\/349 psn|[from] psn
|upkeep
|choice||switch 5
|
|switch|p2a: Barbaracle|Barbaracle, M|291\/291
|-damage|p2a: Barbaracle|255\/291|[from] Stealth Rock
|turn|15
|choice|move boomburst|move shellsmash
|
|move|p1a: Exploud|Boomburst|p2a: Barbaracle
|-resisted|p2a: Barbaracle
|-damage|p2a: Barbaracle|63\/291
|move|p2a: Barbaracle|Shell Smash|p2a: Barbaracle
|-unboost|p2a: Barbaracle|def|1
|-unboost|p2a: Barbaracle|spd|1
|-boost|p2a: Barbaracle|atk|2
|-boost|p2a: Barbaracle|spa|2
|-boost|p2a: Barbaracle|spe|2
|-enditem|p2a: Barbaracle|White Herb
|-clearnegativeboost|p2a: Barbaracle|[silent]
|
|-damage|p1a: Exploud|220\/349 psn|[from] psn
|upkeep
|turn|16
|choice|move boomburst|move razorshell
|
|move|p2a: Barbaracle|Razor Shell|p1a: Exploud
|-damage|p1a: Exploud|0 fnt
|faint|p1a: Exploud
|
|upkeep
|choice|switch 4|
|
|switch|p1a: Hoopa|Hoopa|271\/301
|-status|p1a: Hoopa|psn
|-damage|p1a: Hoopa|234\/301 psn|[from] Stealth Rock
|turn|17
|c|☆Eren - 乇乂|gg
|c|☆sam i yam|gg
|choice|move hyperspacehole|move razorshell
|
|move|p2a: Barbaracle|Razor Shell|p1a: Hoopa
|-damage|p1a: Hoopa|0 fnt
|faint|p1a: Hoopa
|
|win|Eren - 乇乂
|l|sam i yam
|l|lax
|l|irk'd
|l|never gonna change
|c| PokemonMasterTJ|bop sweep
|l|EviGaro
|l|PokemonMasterTJ
|l|InfinityKnives
|c|+pancake|slurmz the god</script>
</div>
<div class="battle-log battle-log-inline"><div class="inner"><div class="battle-options"></div><div class="inner"><div class="chat"><small>sam i yam joined.</small></div><div class="chat"><small>Eren - 乇乂 joined.</small></div><div class=""><small>Format:</small> <br><strong>RU</strong></div><div class=""><small><em>Sleep Clause Mod:</em> Limit one foe put to sleep</small></div><div class=""><small><em>Species Clause:</em> Limit one of each Pokémon</small></div><div class=""><small><em>OHKO Clause:</em> OHKO moves are banned</small></div><div class=""><small><em>Moody Clause:</em> Moody is banned</small></div><div class=""><small><em>Evasion Moves Clause:</em> Evasion moves are banned</small></div><div class=""><small><em>Endless Battle Clause:</em> Forcing endless battles is banned</small></div><div class=""><small><em>HP Percentage Mod:</em> HP is shown in percentages</small></div><div class=""><small><em>Swagger Clause:</em> Swagger is banned</small></div><div class=""><small><em>Baton Pass Clause:</em> Limit one Baton Passer, can't pass Spe and other stats simultaneously</small></div><div class="chat battle-history"><strong>sam i yam's team:</strong> <em style="color:#445566;display:block;">Exploud / Virizion / Diancie / Hoopa / Absol / Escavalier</em></div><div class="chat battle-history"><strong>Eren - 乇乂's team:</strong> <em style="color:#445566;display:block;">Weezing / Scrafty / Bronzong / Flygon / Barbaracle / Gourgeist-*</em></div><div class="chat"><small>EviGaro joined.</small></div><div class="chat"><small>irk'd joined.</small></div><div class="chat"><small>InfinityKnives joined.</small></div><div class="chat chatmessage-eren"><strong style="color:hsl(283,71%,48%)"><small>☆</small><span class="username" data-name="Eren - 乇乂">Eren - 乇乂</span>:</strong> <em>hf</em></div><div class="chat"><small>pancake joined.</small></div><div class="chat chatmessage-samiyam"><strong style="color:hsl(335,87%,44%)"><small>☆</small><span class="username" data-name="sam i yam">sam i yam</span>:</strong> <em>u2</em></div><div class="chat chatmessage-infinityknives"><strong style="color:hsl(225,59%,56.64337527847933%)"><small> </small><span class="username" data-name="InfinityKnives">InfinityKnives</span>:</strong> <em>I like the weezing and flygon</em></div><div class="chat"><small>Raeing joined.</small></div><div class="spacer battle-history"><br></div><div class="battle-history">Battle started between sam i yam and Eren - 乇乂!<br></div><div class="spacer battle-history"><br></div><div class="battle-history">Go! <strong>Diancie</strong>!<br></div><div class="spacer battle-history"><br></div><div class="battle-history">Eren - 乇乂 sent out <strong>Weezing</strong>!<br></div><div class="spacer battle-history"><br></div><h2 class="battle-history">Turn 1</h2><div class="spacer battle-history"><br></div><div class="battle-history">The opposing Weezing used <strong>Taunt</strong>!<br></div><div class="battle-history"><small>Diancie fell for the taunt!</small><br></div><div class="spacer battle-history"><br></div><div class="battle-history">Diancie can't use Stealth Rock after the taunt!<br></div><div class="spacer battle-history"><br></div><h2 class="battle-history">Turn 2</h2><div class="spacer battle-history"><br></div><div class="battle-history">Diancie, come back!<br></div><div class="battle-history">Go! <strong>Hoopa</strong>!<br></div><div class="spacer battle-history"><br></div><div class="battle-history">The opposing Weezing used <strong>Toxic Spikes</strong>!<br></div><div class="battle-history"><small>Poison spikes were scattered on the ground all around your team!</small><br></div><div class="spacer battle-history"><br></div><h2 class="battle-history">Turn 3</h2><div class="spacer battle-history"><br></div><div class="battle-history">Eren - 乇乂 withdrew Weezing!<br></div><div class="battle-history">Eren - 乇乂 sent out <strong>Flygon</strong>!<br></div><div class="spacer battle-history"><br></div><div class="battle-history">Hoopa used <strong>Focus Blast</strong>!<br></div><div class="battle-history"><small>(The opposing Flygon lost <abbr title="−278/364">76.4%</abbr> of its health!)</small><br></div><div class="battle-history"><small>Hoopa lost some of its HP!</small><br></div><div class="spacer battle-history"><br></div><div class="battle-history"><small>The opposing Flygon restored a little HP using its Leftovers!</small><br></div><div class="spacer battle-history"><br></div><h2 class="battle-history">Turn 4</h2><div class="chat"><small>never gonna change joined.</small></div><div class="chat"><small>Mr. Aldo joined.</small></div><div class="chat"><small>lax joined.</small></div><div class="spacer battle-history"><br></div><div class="battle-history">Hoopa, come back!<br></div><div class="battle-history">Go! <strong>Diancie</strong>!<br></div><div class="battle-history"><small>Diancie was poisoned!</small><br></div><div class="spacer battle-history"><br></div><div class="battle-history">The opposing Flygon used <strong>Roost</strong>!<br></div><div class="battle-history"><small>The opposing Flygon restored its HP.</small><br></div><div class="spacer battle-history"><br></div><div class="battle-history"><small>The opposing Flygon restored a little HP using its Leftovers!</small><br></div><div class="battle-history"><small>Diancie was hurt by poison!</small><br></div><div class="spacer battle-history"><br></div><h2 class="battle-history">Turn 5</h2><div class="spacer battle-history"><br></div><div class="battle-history">Eren - 乇乂 withdrew Flygon!<br></div><div class="battle-history">Eren - 乇乂 sent out <strong>Bronzong</strong>!<br></div><div class="spacer battle-history"><br></div><div class="battle-history">Diancie used <strong>Stealth Rock</strong>!<br></div><div class="battle-history"><small>Pointed stones float in the air around the opposing team!</small><br></div><div class="spacer battle-history"><br></div><div class="battle-history"><small>Diancie was hurt by poison!</small><br></div><div class="spacer battle-history"><br></div><h2 class="battle-history">Turn 6</h2><div class="spacer battle-history"><br></div><div class="battle-history">Diancie, come back!<br></div><div class="battle-history">Go! <strong>Absol</strong>!<br></div><div class="battle-history"><small>Absol was poisoned!</small><br></div><div class="spacer battle-history"><br></div><div class="battle-history">The opposing Bronzong used <strong>Stealth Rock</strong>!<br></div><div class="battle-history"><small>Pointed stones float in the air around your team!</small><br></div><div class="spacer battle-history"><br></div><div class="battle-history"><small>Absol was hurt by poison!</small><br></div><div class="spacer battle-history"><br></div><h2 class="battle-history">Turn 7</h2><div class="spacer battle-history"><br></div><div class="battle-history"><small>(The opposing Bronzong is being withdrawn...)</small><br></div><div class="spacer battle-history"><br></div><div class="battle-history">Absol used <strong>Pursuit</strong>!<br></div><div class="battle-history"><small>It's super effective!</small><br></div><div class="battle-history"><small>(The opposing Bronzong lost <abbr title="−338/338">100%</abbr> of its health!)</small><br></div><div class="spacer battle-history"><br></div><div class="battle-history">The opposing Bronzong fainted!<br></div><div class="spacer battle-history"><br></div><div class="battle-history"><small>Absol was hurt by poison!</small><br></div><div class="chat"><small>Teddeh joined.</small></div><div class="chat"><small>PokemonMasterTJ joined.</small></div><div class="chat chatmessage-lax"><strong style="color:hsl(177,74%,40.86308566089215%)"><small> </small><span class="username" data-name="lax">lax</span>:</strong> <em>PokemonMasterTJ</em></div><div class="chat chatmessage-lax"><strong style="color:hsl(177,74%,40.86308566089215%)"><small> </small><span class="username" data-name="lax">lax</span>:</strong> <em>ever thought of a name change</em></div><div class="chat chatmessage-pokemonmastertj"><strong style="color:hsl(26,75%,48%)"><small> </small><span class="username" data-name="PokemonMasterTJ">PokemonMasterTJ</span>:</strong> <em>yea</em></div><div class="chat chatmessage-pancake"><strong style="color:hsl(214,41%,50.849446131901814%)"><small>+</small><span class="username" data-name="pancake">pancake</span>:</strong> <em>lmfao</em></div><div class="chat chatmessage-pokemonmastertj"><strong style="color:hsl(26,75%,48%)"><small> </small><span class="username" data-name="PokemonMasterTJ">PokemonMasterTJ</span>:</strong> <em>i have</em></div><div class="chat"><small>Raeing left.</small></div><div class="chat chatmessage-teddeh"><strong style="color:hsl(158,62%,34%)"><small> </small><span class="username" data-name="Teddeh">Teddeh</span>:</strong> <em>PokemonMasterTJ don't listen to these guys</em></div><div class="chat chatmessage-lax"><strong style="color:hsl(177,74%,40.86308566089215%)"><small> </small><span class="username" data-name="lax">lax</span>:</strong> <em>jw.</em></div><div class="chat chatmessage-teddeh"><strong style="color:hsl(158,62%,34%)"><small> </small><span class="username" data-name="Teddeh">Teddeh</span>:</strong> <em>your name is beautiful as it is</em></div><div class="chat chatmessage-pokemonmastertj"><strong style="color:hsl(26,75%,48%)"><small> </small><span class="username" data-name="PokemonMasterTJ">PokemonMasterTJ</span>:</strong> <em>thx teddy &lt;3</em></div><div class="chat chatmessage-infinityknives"><strong style="color:hsl(225,59%,56.64337527847933%)"><small> </small><span class="username" data-name="InfinityKnives">InfinityKnives</span>:</strong> <em>idk it kinda sounds like master tug jobs</em></div><div class="chat chatmessage-pokemonmastertj"><strong style="color:hsl(26,75%,48%)"><small> </small><span class="username" data-name="PokemonMasterTJ">PokemonMasterTJ</span>:</strong> <em>smh haters</em></div><div class="chat chatmessage-pancake"><strong style="color:hsl(214,41%,50.849446131901814%)"><small>+</small><span class="username" data-name="pancake">pancake</span>:</strong> <em>the haters are all around</em></div><div class="chat chatmessage-evigaro"><strong style="color:hsl(57,78%,32.99963059042893%)"><small> </small><span class="username" data-name="EviGaro">EviGaro</span>:</strong> <em>Grats pancake</em></div><div class="chat chatmessage-pancake"><strong style="color:hsl(214,41%,50.849446131901814%)"><small>+</small><span class="username" data-name="pancake">pancake</span>:</strong> <em>what's it this time</em></div><div class="chat chatmessage-eren"><strong style="color:hsl(283,71%,48%)"><small>☆</small><span class="username" data-name="Eren - 乇乂">Eren - 乇乂</span>:</strong> <em>thinking sorry</em></div><div class="chat chatmessage-evigaro"><strong style="color:hsl(57,78%,32.99963059042893%)"><small> </small><span class="username" data-name="EviGaro">EviGaro</span>:</strong> <em>Me memeing</em></div><div class="chat chatmessage-pancake"><strong style="color:hsl(214,41%,50.849446131901814%)"><small>+</small><span class="username" data-name="pancake">pancake</span>:</strong> <em>lmao</em></div><div class="chat chatmessage-samiyam"><strong style="color:hsl(335,87%,44%)"><small>☆</small><span class="username" data-name="sam i yam">sam i yam</span>:</strong> <em>no rush</em></div><div class="chat chatmessage-pancake"><strong style="color:hsl(214,41%,50.849446131901814%)"><small>+</small><span class="username" data-name="pancake">pancake</span>:</strong> <em>congrats on meming my dude</em></div><div class="spacer battle-history"><br></div><div class="battle-history">Eren - 乇乂 sent out <strong>Scrafty</strong>!<br></div><div class="battle-history"><small>Pointed stones dug into the opposing Scrafty!</small><br></div><div class="spacer battle-history"><br></div><h2 class="battle-history">Turn 8</h2><div class="spacer battle-history"><br></div><div class="battle-history">Absol, come back!<br></div><div class="battle-history">Go! <strong>Escavalier</strong>!<br></div><div class="battle-history"><small>Pointed stones dug into Escavalier!</small><br></div><div class="spacer battle-history"><br></div><div class="battle-history">The opposing Scrafty used <strong>Dragon Dance</strong>!<br></div><div class="battle-history"><small>The opposing Scrafty's Attack rose!</small><br></div><div class="battle-history"><small>The opposing Scrafty's Speed rose!</small><br></div><div class="spacer battle-history"><br></div><div class="battle-history"><small>The opposing Scrafty restored a little HP using its Leftovers!</small><br></div><div class="battle-history"><small>Escavalier restored a little HP using its Leftovers!</small><br></div><div class="spacer battle-history"><br></div><h2 class="battle-history">Turn 9</h2><div class="chat"><small>Raeing joined.</small></div><div class="spacer battle-history"><br></div><div class="battle-history">The opposing Scrafty used <strong>Knock Off</strong>!<br></div><div class="battle-history"><small>(Escavalier lost <abbr title="−190/344">55.2%</abbr> of its health!)</small><br></div><div class="battle-history"><small>The opposing Scrafty knocked off Escavalier's Leftovers!</small><br></div><div class="spacer battle-history"><br></div><div class="battle-history">Escavalier used <strong>Megahorn</strong>!<br></div><div class="battle-history"><small>(The opposing Scrafty lost <abbr title="−163/273">59.7%</abbr> of its health!)</small><br></div><div class="spacer battle-history"><br></div><div class="battle-history"><small>The opposing Scrafty restored a little HP using its Leftovers!</small><br></div><div class="spacer battle-history"><br></div><h2 class="battle-history">Turn 10</h2><div class="spacer battle-history"><br></div><div class="battle-history">The opposing Scrafty used <strong>Knock Off</strong>!<br></div><div class="battle-history"><small>(Escavalier lost <abbr title="−132/344">38.4%</abbr> of its health!)</small><br></div><div class="spacer battle-history"><br></div><div class="battle-history">Escavalier fainted!<br></div><div class="spacer battle-history"><br></div><div class="battle-history"><small>The opposing Scrafty restored a little HP using its Leftovers!</small><br></div><div class="spacer battle-history"><br></div><div class="battle-history">Go! <strong>Virizion</strong>!<br></div><div class="battle-history"><small>Virizion was poisoned!</small><br></div><div class="battle-history"><small>Pointed stones dug into Virizion!</small><br></div><div class="battle-history"><small>Virizion ate its Lum Berry!</small><br></div><div class="battle-history"><small>Virizion was cured of its poisoning.</small><br></div><div class="spacer battle-history"><br></div><h2 class="battle-history">Turn 11</h2><div class="spacer battle-history"><br></div><div class="battle-history">The opposing Scrafty used <strong>High Jump Kick</strong>!<br></div><div class="battle-history"><small>(Virizion lost <abbr title="−303/323">93.8%</abbr> of its health!)</small><br></div><div class="spacer battle-history"><br></div><div class="battle-history">Virizion fainted!<br></div><div class="spacer battle-history"><br></div><div class="battle-history"><small>The opposing Scrafty restored a little HP using its Leftovers!</small><br></div><div class="chat chatmessage-teddeh"><strong style="color:hsl(158,62%,34%)"><small> </small><span class="username" data-name="Teddeh">Teddeh</span>:</strong> <em>if this is drain punch</em></div><div class="chat chatmessage-teddeh"><strong style="color:hsl(158,62%,34%)"><small> </small><span class="username" data-name="Teddeh">Teddeh</span>:</strong> <em>ah</em></div><div class="spacer battle-history"><br></div><div class="battle-history">Go! <strong>Absol</strong>!<br></div><div class="battle-history"><small>Pointed stones dug into Absol!</small><br></div><div class="spacer battle-history"><br></div><h2 class="battle-history">Turn 12</h2><div class="spacer battle-history"><br></div><div class="battle-history">The opposing Scrafty used <strong>High Jump Kick</strong>!<br></div><div class="battle-history"><small>It's super effective!</small><br></div><div class="battle-history"><small>(Absol lost <abbr title="−172/271">63.5%</abbr> of its health!)</small><br></div><div class="spacer battle-history"><br></div><div class="battle-history">Absol fainted!<br></div><div class="spacer battle-history"><br></div><div class="battle-history"><small>The opposing Scrafty restored a little HP using its Leftovers!</small><br></div><div class="spacer battle-history"><br></div><div class="battle-history">Go! <strong>Diancie</strong>!<br></div><div class="battle-history"><small>Pointed stones dug into Diancie!</small><br></div><div class="spacer battle-history"><br></div><h2 class="battle-history">Turn 13</h2><div class="chat chatmessage-teddeh"><strong style="color:hsl(158,62%,34%)"><small> </small><span class="username" data-name="Teddeh">Teddeh</span>:</strong> <em>fearless af</em></div><div class="chat chatmessage-pokemonmastertj"><strong style="color:hsl(26,75%,48%)"><small> </small><span class="username" data-name="PokemonMasterTJ">PokemonMasterTJ</span>:</strong> <em>bop ded</em></div><div class="spacer battle-history"><br></div><div class="battle-history">The opposing Scrafty used <strong>High Jump Kick</strong>!<br></div><div class="battle-history"><small>(Diancie lost <abbr title="−184/303">60.7%</abbr> of its health!)</small><br></div><div class="spacer battle-history"><br></div><div class="battle-history">Diancie used <strong>Moonblast</strong>!<br></div><div class="battle-history"><small>It's super effective!</small><br></div><div class="battle-history"><small>(The opposing Scrafty lost <abbr title="−178/273">65.2%</abbr> of its health!)</small><br></div><div class="spacer battle-history"><br></div><div class="battle-history">The opposing Scrafty fainted!<br></div><div class="spacer battle-history"><br></div><div class="battle-history"><small>Diancie was hurt by poison!</small><br></div><div class="spacer battle-history"><br></div><div class="battle-history">Diancie fainted!<br></div><div class="chat chatmessage-eren"><strong style="color:hsl(283,71%,48%)"><small>☆</small><span class="username" data-name="Eren - 乇乂">Eren - 乇乂</span>:</strong> <em>lol</em></div><div class="chat chatmessage-samiyam"><strong style="color:hsl(335,87%,44%)"><small>☆</small><span class="username" data-name="sam i yam">sam i yam</span>:</strong> <em>o lol</em></div><div class="chat chatmessage-pokemonmastertj"><strong style="color:hsl(26,75%,48%)"><small> </small><span class="username" data-name="PokemonMasterTJ">PokemonMasterTJ</span>:</strong> <em>bop walled</em></div><div class="chat chatmessage-pancake"><strong style="color:hsl(214,41%,50.849446131901814%)"><small>+</small><span class="username" data-name="pancake">pancake</span>:</strong> <em>lol</em></div><div class="spacer battle-history"><br></div><div class="battle-history">Eren - 乇乂 sent out <strong>Flygon</strong>!<br></div><div class="spacer battle-history"><br></div><div class="battle-history">Go! <strong>Exploud</strong>!<br></div><div class="battle-history"><small>Pointed stones dug into the opposing Flygon!</small><br></div><div class="battle-history"><small>Pointed stones dug into Exploud!</small><br></div><div class="battle-history"><small>Exploud was poisoned!</small><br></div><div class="spacer battle-history"><br></div><h2 class="battle-history">Turn 14</h2><div class="spacer battle-history"><br></div><div class="battle-history">Eren - 乇乂 withdrew Flygon!<br></div><div class="battle-history">Eren - 乇乂 sent out Gourgeist (<strong>Gourgeist-Super</strong>)!<br></div><div class="battle-history"><small>Pointed stones dug into the opposing Gourgeist!</small><br></div><div class="battle-history"><small>[The opposing Gourgeist's Frisk]</small><br><small>The opposing Gourgeist frisked Exploud and found its Choice Specs!</small><br></div><div class="spacer battle-history"><br></div><div class="battle-history">Exploud used <strong>Boomburst</strong>!<br></div><div class="battle-history"><small>(The opposing Gourgeist lost <abbr title="−328/374">87.7%</abbr> of its health!)</small><br></div><div class="spacer battle-history"><br></div><div class="battle-history">The opposing Gourgeist fainted!<br></div><div class="spacer battle-history"><br></div><div class="battle-history"><small>Exploud was hurt by poison!</small><br></div><div class="spacer battle-history"><br></div><div class="battle-history">Eren - 乇乂 sent out <strong>Barbaracle</strong>!<br></div><div class="battle-history"><small>Pointed stones dug into the opposing Barbaracle!</small><br></div><div class="spacer battle-history"><br></div><h2 class="battle-history">Turn 15</h2><div class="spacer battle-history"><br></div><div class="battle-history">Exploud used <strong>Boomburst</strong>!<br></div><div class="battle-history"><small>It's not very effective...</small><br></div><div class="battle-history"><small>(The opposing Barbaracle lost <abbr title="−192/291">66.0%</abbr> of its health!)</small><br></div><div class="spacer battle-history"><br></div><div class="battle-history">The opposing Barbaracle used <strong>Shell Smash</strong>!<br></div><div class="battle-history"><small>The opposing Barbaracle's Defense fell!</small><br></div><div class="battle-history"><small>The opposing Barbaracle's Special Defense fell!</small><br></div><div class="battle-history"><small>The opposing Barbaracle's Attack rose sharply!</small><br></div><div class="battle-history"><small>The opposing Barbaracle's Special Attack rose sharply!</small><br></div><div class="battle-history"><small>The opposing Barbaracle's Speed rose sharply!</small><br></div><div class="battle-history"><small>The opposing Barbaracle returned its status to normal using its White Herb!</small><br></div><div class="spacer battle-history"><br></div><div class="battle-history"><small>Exploud was hurt by poison!</small><br></div><div class="spacer battle-history"><br></div><h2 class="battle-history">Turn 16</h2><div class="spacer battle-history"><br></div><div class="battle-history">The opposing Barbaracle used <strong>Razor Shell</strong>!<br></div><div class="battle-history"><small>(Exploud lost <abbr title="−220/349">63.0%</abbr> of its health!)</small><br></div><div class="spacer battle-history"><br></div><div class="battle-history">Exploud fainted!<br></div><div class="spacer battle-history"><br></div><div class="battle-history">Go! <strong>Hoopa</strong>!<br></div><div class="battle-history"><small>Hoopa was poisoned!</small><br></div><div class="battle-history"><small>Pointed stones dug into Hoopa!</small><br></div><div class="spacer battle-history"><br></div><h2 class="battle-history">Turn 17</h2><div class="chat chatmessage-eren"><strong style="color:hsl(283,71%,48%)"><small>☆</small><span class="username" data-name="Eren - 乇乂">Eren - 乇乂</span>:</strong> <em>gg</em></div><div class="chat chatmessage-samiyam"><strong style="color:hsl(335,87%,44%)"><small>☆</small><span class="username" data-name="sam i yam">sam i yam</span>:</strong> <em>gg</em></div><div class="spacer battle-history"><br></div><div class="battle-history">The opposing Barbaracle used <strong>Razor Shell</strong>!<br></div><div class="battle-history"><small>(Hoopa lost <abbr title="−234/301">77.7%</abbr> of its health!)</small><br></div><div class="spacer battle-history"><br></div><div class="battle-history">Hoopa fainted!<br></div><div class="spacer battle-history"><br></div><div class="battle-history"><strong>Eren - 乇乂</strong> won the battle!<br></div><div class="chat"><small>sam i yam left.</small></div><div class="chat"><small>lax left.</small></div><div class="chat"><small>irk'd left.</small></div><div class="chat"><small>never gonna change left.</small></div><div class="chat chatmessage-pokemonmastertj"><strong style="color:hsl(26,75%,48%)"><small> </small><span class="username" data-name="PokemonMasterTJ">PokemonMasterTJ</span>:</strong> <em>bop sweep</em></div><div class="chat"><small>EviGaro left.</small></div><div class="chat"><small>PokemonMasterTJ left.</small></div><div class="chat"><small>InfinityKnives left.</small></div><div class="chat chatmessage-pancake"><strong style="color:hsl(214,41%,50.849446131901814%)"><small>+</small><span class="username" data-name="pancake">pancake</span>:</strong> <em>slurmz the god</em></div></div><div class="inner-preempt"></div></div></div>
</div>
<script>
let daily = Math.floor(Date.now()/1000/60/60/24);document.write('<script src="https://play.pokemonshowdown.com/js/replay-embed.js?version'+daily+'"></'+'script>');
</script>
