<!DOCTYPE html>
<meta charset="utf-8" />
<!-- version 1 -->
<title>RU replay: Nyhetsmorgon vs. Grumeaux</title>
<style>
html,body {font-family:Verdana, sans-serif;font-size:10pt;margin:0;padding:0;}body{padding:12px 0;} .battle-log {font-family:Verdana, sans-serif;font-size:10pt;} .battle-log-inline {border:1px solid #AAAAAA;background:#EEF2F5;color:black;max-width:640px;margin:0 auto 80px;padding-bottom:5px;} .battle-log .inner {padding:4px 8px 0px 8px;} .battle-log .inner-preempt {padding:0 8px 4px 8px;} .battle-log .inner-after {margin-top:0.5em;} .battle-log h2 {margin:0.5em -8px;padding:4px 8px;border:1px solid #AAAAAA;background:#E0E7EA;border-left:0;border-right:0;font-family:Verdana, sans-serif;font-size:13pt;} .battle-log .chat {vertical-align:middle;padding:3px 0 3px 0;font-size:8pt;} .battle-log .chat strong {color:#40576A;} .battle-log .chat em {padding:1px 4px 1px 3px;color:#000000;font-style:normal;} .chat.mine {background:rgba(0,0,0,0.05);margin-left:-8px;margin-right:-8px;padding-left:8px;padding-right:8px;} .spoiler {color:#BBBBBB;background:#BBBBBB;padding:0px 3px;} .spoiler:hover, .spoiler:active, .spoiler-shown {color:#000000;background:#E2E2E2;padding:0px 3px;} .spoiler a {color:#BBBBBB;} .spoiler:hover a, .spoiler:active a, .spoiler-shown a {color:#2288CC;} .chat code, .chat .spoiler:hover code, .chat .spoiler:active code, .chat .spoiler-shown code {border:1px solid #C0C0C0;background:#EEEEEE;color:black;padding:0 2px;} .chat .spoiler code {border:1px solid #CCCCCC;background:#CCCCCC;color:#CCCCCC;} .battle-log .rated {padding:3px 4px;} .battle-log .rated strong {color:white;background:#89A;padding:1px 4px;border-radius:4px;} .spacer {margin-top:0.5em;} .message-announce {background:#6688AA;color:white;padding:1px 4px 2px;} .message-announce a, .broadcast-green a, .broadcast-blue a, .broadcast-red a {color:#DDEEFF;} .broadcast-green {background-color:#559955;color:white;padding:2px 4px;} .broadcast-blue {background-color:#6688AA;color:white;padding:2px 4px;} .infobox {border:1px solid #6688AA;padding:2px 4px;} .infobox-limited {max-height:200px;overflow:auto;overflow-x:hidden;} .broadcast-red {background-color:#AA5544;color:white;padding:2px 4px;} .message-learn-canlearn {font-weight:bold;color:#228822;text-decoration:underline;} .message-learn-cannotlearn {font-weight:bold;color:#CC2222;text-decoration:underline;} .message-effect-weak {font-weight:bold;color:#CC2222;} .message-effect-resist {font-weight:bold;color:#6688AA;} .message-effect-immune {font-weight:bold;color:#666666;} .message-learn-list {margin-top:0;margin-bottom:0;} .message-throttle-notice, .message-error {color:#992222;} .message-overflow, .chat small.message-overflow {font-size:0pt;} .message-overflow::before {font-size:9pt;content:'...';} .subtle {color:#3A4A66;}
</style>
<div class="wrapper replay-wrapper" style="max-width:1180px;margin:0 auto">
<input type="hidden" name="replayid" value="pokestrat-ru-3509" />
<div class="battle"></div><div class="battle-log"></div><div class="replay-controls"></div><div class="replay-controls-2"></div>
<h1 style="font-weight:normal;text-align:center"><strong>RU</strong><br /><a href="http://pokemonshowdown.com/users/nyhetsmorgon" class="subtle" target="_blank">Nyhetsmorgon</a> vs. <a href="http://pokemonshowdown.com/users/grumeaux" class="subtle" target="_blank">Grumeaux</a></h1>
<script type="text/plain" class="battle-log-data">|j|Nyhetsmorgon
|j|Grumeaux
|player|p1|Nyhetsmorgon|27
|player|p2|Grumeaux|149
|gametype|singles
|gen|6
|tier|RU
|seed|11648,13709,38814,16365
|rule|Sleep Clause Mod: Limit one foe put to sleep
|rule|Species Clause: Limit one of each Pokémon
|rule|OHKO Clause: OHKO moves are banned
|rule|Moody Clause: Moody is banned
|rule|Evasion Moves Clause: Evasion moves are banned
|rule|Endless Battle Clause: Forcing endless battles is banned
|rule|HP Percentage Mod: HP is shown in percentages
|clearpoke
|poke|p1|Qwilfish, M, shiny|item
|poke|p1|Delphox, F|item
|poke|p1|Absol, M|item
|poke|p1|Flygon, M|item
|poke|p1|Granbull, M|item
|poke|p1|Rotom-Mow|item
|poke|p2|Virizion|item
|poke|p2|Slowking, F|item
|poke|p2|Camerupt, M|item
|poke|p2|Diancie|item
|poke|p2|Sigilyph, F|item
|poke|p2|Granbull, M|item
|rule|Swagger Clause: Swagger is banned
|rule|Baton Pass Clause: Limit one Baton Passer, can't pass Spe and other stats simultaneously
|teampreview
|c|★Nyhetsmorgon|gl
|c|★Grumeaux|gl hf
|c|★Nyhetsmorgon|ça fait super longtemps
|c|★Nyhetsmorgon|que j'ai pas fait un pks
|c|★Grumeaux|cb de temps?
|choice|team 1, team 2, team 3, team 4, team 5, team 6|team 2, team 1, team 3, team 4, team 5, team 6
|
|start
|switch|p1a: Qwilfish|Qwilfish, M, shiny|333\/333
|switch|p2a: Slowking|Slowking, F|394\/394
|-ability|p1a: Qwilfish|Intimidate|boost
|-unboost|p2a: Slowking|atk|1
|turn|1
|c|★Nyhetsmorgon|quelques mois
|c|★Nyhetsmorgon|mdr mon elo
|c|★Nyhetsmorgon|990
|c|★Grumeaux|ah ouais quand même
|c|★Nyhetsmorgon|loool
|choice|switch 3|move calmmind
|
|switch|p1a: Absol|Absol, M|271\/271
|move|p2a: Slowking|Calm Mind|p2a: Slowking
|-boost|p2a: Slowking|spa|1
|-boost|p2a: Slowking|spd|1
|
|upkeep
|turn|2
|choice|move knockoff|switch 4
|
|switch|p2a: Diancie|Diancie|304\/304
|move|p1a: Absol|Knock Off|p2a: Diancie
|-resisted|p2a: Diancie
|-damage|p2a: Diancie|210\/304
|-enditem|p2a: Diancie|Leftovers|[from] move: Knock Off|[of] p1a: Absol
|-damage|p1a: Absol|244\/271|[from] item: Life Orb
|
|upkeep
|turn|3
|choice|switch 3|move stealthrock
|
|switch|p1a: Qwilfish|Qwilfish, M, shiny|333\/333
|-ability|p1a: Qwilfish|Intimidate|boost
|-fail|p2a: Diancie|unboost|[from] ability: Clear Body|[of] p2a: Diancie
|move|p2a: Diancie|Stealth Rock|p1a: Qwilfish
|-sidestart|p1: Nyhetsmorgon|move: Stealth Rock
|
|upkeep
|turn|4
|choice|move thunderwave|switch 5
|
|switch|p2a: Sigilyph|Sigilyph, F|348\/348
|move|p1a: Qwilfish|Thunder Wave|p2a: Sigilyph
|-status|p2a: Sigilyph|par
|
|upkeep
|turn|5
|choice|move taunt|move psychoshift
|
|move|p1a: Qwilfish|Taunt|p2a: Sigilyph
|-start|p2a: Sigilyph|move: Taunt
|cant|p2a: Sigilyph|move: Taunt|Psycho Shift
|
|upkeep
|turn|6
|choice|switch 4|switch 6
|
|switch|p1a: Flygon|Flygon, M|301\/301
|-damage|p1a: Flygon|283\/301|[from] Stealth Rock
|switch|p2a: Granbull|Granbull, M|374\/374
|-ability|p2a: Granbull|Intimidate|boost
|-unboost|p1a: Flygon|atk|1
|
|upkeep
|turn|7
|choice|switch 5|move earthquake
|
|switch|p1a: Granbull|Granbull, M|383\/383
|-damage|p1a: Granbull|336\/383|[from] Stealth Rock
|-ability|p1a: Granbull|Intimidate|boost
|-unboost|p2a: Granbull|atk|1
|move|p2a: Granbull|Earthquake|p1a: Granbull
|-crit|p1a: Granbull
|-damage|p1a: Granbull|106\/383
|
|-heal|p1a: Granbull|129\/383|[from] item: Leftovers
|upkeep
|turn|8
|c|★Grumeaux|dsl du crit
|choice|move thunderwave|switch 4
|
|switch|p2a: Slowking|Slowking, F|394\/394
|move|p1a: Granbull|Thunder Wave|p2a: Slowking
|-status|p2a: Slowking|par
|
|-heal|p1a: Granbull|152\/383|[from] item: Leftovers
|upkeep
|turn|9
|choice|switch 6|move scald
|
|switch|p1a: Rotom|Rotom-Mow|241\/241
|-damage|p1a: Rotom|211\/241|[from] Stealth Rock
|move|p2a: Slowking|Scald|p1a: Rotom
|-resisted|p1a: Rotom
|-damage|p1a: Rotom|166\/241
|
|upkeep
|turn|10
|choice|move leafstorm|switch 6
|
|switch|p2a: Sigilyph|Sigilyph, F|348\/348 par
|move|p1a: Rotom|Leaf Storm|p2a: Sigilyph
|-resisted|p2a: Sigilyph
|-damage|p2a: Sigilyph|270\/348 par
|-unboost|p1a: Rotom|spa|2
|
|upkeep
|turn|11
|choice|switch 5|move psychoshift
|
|switch|p1a: Flygon|Flygon, M|283\/301
|-damage|p1a: Flygon|265\/301|[from] Stealth Rock
|cant|p2a: Sigilyph|par
|
|upkeep
|turn|12
|choice|move defog|switch 4
|
|switch|p2a: Granbull|Granbull, M|374\/374
|-ability|p2a: Granbull|Intimidate|boost
|-unboost|p1a: Flygon|atk|1
|move|p1a: Flygon|Defog|p2a: Granbull
|-unboost|p2a: Granbull|evasion|1
|-sideend|p1: Nyhetsmorgon|Stealth Rock|[from] move: Defog|[of] p1a: Flygon
|
|upkeep
|turn|13
|choice|move earthpower|move playrough
|
|move|p1a: Flygon|Earth Power|p2a: Granbull
|-damage|p2a: Granbull|135\/374
|-damage|p1a: Flygon|235\/301|[from] item: Life Orb
|move|p2a: Granbull|Play Rough|p1a: Flygon
|-supereffective|p1a: Flygon
|-damage|p1a: Flygon|0 fnt
|faint|p1a: Flygon
|
|upkeep
|choice|switch 2|
|
|switch|p1a: Delphox|Delphox, F|291\/291
|turn|14
|choice|move psychic|switch 5
|
|switch|p2a: Diancie|Diancie|210\/304
|move|p1a: Delphox|Psychic|p2a: Diancie
|-damage|p2a: Diancie|109\/304
|-damage|p1a: Delphox|262\/291|[from] item: Life Orb
|
|upkeep
|turn|15
|choice|switch 4|move stealthrock
|
|switch|p1a: Qwilfish|Qwilfish, M, shiny|333\/333
|-ability|p1a: Qwilfish|Intimidate|boost
|-fail|p2a: Diancie|unboost|[from] ability: Clear Body|[of] p2a: Diancie
|move|p2a: Diancie|Stealth Rock|p1a: Qwilfish
|-sidestart|p1: Nyhetsmorgon|move: Stealth Rock
|
|upkeep
|turn|16
|choice|move spikes|switch 4
|
|switch|p2a: Sigilyph|Sigilyph, F|270\/348 par
|move|p1a: Qwilfish|Spikes|p2a: Sigilyph
|-sidestart|p2: Grumeaux|Spikes
|
|upkeep
|turn|17
|choice|move spikes|move storedpower
|
|move|p1a: Qwilfish|Spikes|p2a: Sigilyph
|-sidestart|p2: Grumeaux|Spikes
|move|p2a: Sigilyph|Stored Power|p1a: Qwilfish
|-supereffective|p1a: Qwilfish
|-crit|p1a: Qwilfish
|-damage|p1a: Qwilfish|223\/333
|
|-heal|p1a: Qwilfish|243\/333|[from] item: Black Sludge
|upkeep
|turn|18
|choice|move taunt|move psychoshift
|
|move|p1a: Qwilfish|Taunt|p2a: Sigilyph
|-start|p2a: Sigilyph|move: Taunt
|cant|p2a: Sigilyph|move: Taunt|Psycho Shift
|
|-heal|p1a: Qwilfish|263\/333|[from] item: Black Sludge
|upkeep
|turn|19
|choice|switch 3|move storedpower
|
|switch|p1a: Absol|Absol, M|244\/271
|-damage|p1a: Absol|211\/271|[from] Stealth Rock
|cant|p2a: Sigilyph|par
|
|upkeep
|turn|20
|choice|move swordsdance|switch 5
|
|switch|p2a: Granbull|Granbull, M|135\/374
|-damage|p2a: Granbull|73\/374|[from] Spikes
|-ability|p2a: Granbull|Intimidate|boost
|-unboost|p1a: Absol|atk|1
|move|p1a: Absol|Swords Dance|p1a: Absol
|-boost|p1a: Absol|atk|2
|
|upkeep
|turn|21
|j|dracaufeu75⚡
|choice|move knockoff|move closecombat
|
|move|p1a: Absol|Knock Off|p2a: Granbull
|-resisted|p2a: Granbull
|-damage|p2a: Granbull|0 fnt
|-enditem|p2a: Granbull|Choice Band|[from] move: Knock Off|[of] p1a: Absol
|-damage|p1a: Absol|184\/271|[from] item: Life Orb
|faint|p2a: Granbull
|
|upkeep
|c|★Nyhetsmorgon|band
|l|dracaufeu75⚡
|choice||switch 2
|
|switch|p2a: Virizion|Virizion|323\/323
|-damage|p2a: Virizion|270\/323|[from] Spikes
|turn|22
|c|★Nyhetsmorgon|original
|c|★Grumeaux|^^
|choice|move suckerpunch|move leafblade
|
|move|p1a: Absol|Sucker Punch|p2a: Virizion
|-resisted|p2a: Virizion
|-damage|p2a: Virizion|61\/323
|-ability|p2a: Virizion|Justified|boost
|-boost|p2a: Virizion|atk|1
|-damage|p1a: Absol|157\/271|[from] item: Life Orb
|move|p2a: Virizion|Leaf Blade|p1a: Absol
|-damage|p1a: Absol|0 fnt
|faint|p1a: Absol
|
|upkeep
|choice|switch 3|
|
|switch|p1a: Qwilfish|Qwilfish, M, shiny|263\/333
|-damage|p1a: Qwilfish|222\/333|[from] Stealth Rock
|-ability|p1a: Qwilfish|Intimidate|boost
|-unboost|p2a: Virizion|atk|1
|turn|23
|choice|move thunderwave|move swordsdance
|
|move|p2a: Virizion|Swords Dance|p2a: Virizion
|-boost|p2a: Virizion|atk|2
|move|p1a: Qwilfish|Thunder Wave|p2a: Virizion
|-status|p2a: Virizion|par
|-enditem|p2a: Virizion|Lum Berry|[eat]
|-curestatus|p2a: Virizion|par|[msg]
|
|-heal|p1a: Qwilfish|242\/333|[from] item: Black Sludge
|upkeep
|turn|24
|choice|move thunderwave|move leafblade
|
|move|p2a: Virizion|Leaf Blade|p1a: Qwilfish
|-crit|p1a: Qwilfish
|-damage|p1a: Qwilfish|0 fnt
|faint|p1a: Qwilfish
|
|upkeep
|c|★Grumeaux|rofl
|c|★Grumeaux|le crit
|choice|switch 6|
|
|switch|p1a: Granbull|Granbull, M|152\/383
|-damage|p1a: Granbull|105\/383|[from] Stealth Rock
|-ability|p1a: Granbull|Intimidate|boost
|-unboost|p2a: Virizion|atk|1
|turn|25
|c|★Grumeaux|qui change enormement de chose
|choice|move playrough|move leafblade
|
|move|p2a: Virizion|Leaf Blade|p1a: Granbull
|-damage|p1a: Granbull|0 fnt
|faint|p1a: Granbull
|
|upkeep
|choice|switch 5|
|
|switch|p1a: Rotom|Rotom-Mow|166\/241
|-damage|p1a: Rotom|136\/241|[from] Stealth Rock
|turn|26
|choice|move thunderbolt|move closecombat
|
|move|p1a: Rotom|Thunderbolt|p2a: Virizion
|-resisted|p2a: Virizion
|-damage|p2a: Virizion|3\/323
|-status|p2a: Virizion|par
|move|p2a: Virizion|Close Combat|p1a: Rotom
|-damage|p1a: Rotom|0 fnt
|-unboost|p2a: Virizion|def|1
|-unboost|p2a: Virizion|spd|1
|faint|p1a: Rotom
|
|upkeep
|choice|switch 4|
|
|switch|p1a: Delphox|Delphox, F|262\/291
|-damage|p1a: Delphox|190\/291|[from] Stealth Rock
|turn|27
|choice|move psychic|move closecombat
|
|move|p1a: Delphox|Psychic|p2a: Virizion
|-supereffective|p2a: Virizion
|-damage|p2a: Virizion|0 fnt
|-damage|p1a: Delphox|161\/291|[from] item: Life Orb
|faint|p2a: Virizion
|
|upkeep
|choice||switch 5
|
|switch|p2a: Sigilyph|Sigilyph, F|270\/348 par
|turn|28
|choice|move calmmind|move psychoshift
|
|move|p1a: Delphox|Calm Mind|p1a: Delphox
|-boost|p1a: Delphox|spa|1
|-boost|p1a: Delphox|spd|1
|move|p2a: Sigilyph|Psycho Shift|p1a: Delphox
|-status|p1a: Delphox|par
|-curestatus|p2a: Sigilyph|par|[msg]
|
|-status|p2a: Sigilyph|brn|[from] item: Flame Orb
|upkeep
|turn|29
|choice|move fireblast|switch 4
|
|switch|p2a: Diancie|Diancie|109\/304
|-damage|p2a: Diancie|59\/304|[from] Spikes
|move|p1a: Delphox|Fire Blast|p2a: Diancie
|-resisted|p2a: Diancie
|-damage|p2a: Diancie|0 fnt
|-damage|p1a: Delphox|132\/291 par|[from] item: Life Orb
|faint|p2a: Diancie
|
|upkeep
|choice||switch 6
|
|switch|p2a: Slowking|Slowking, F|394\/394 par
|-damage|p2a: Slowking|329\/394 par|[from] Spikes
|turn|30
|choice|move dazzlinggleam|move scald
|
|cant|p1a: Delphox|par
|move|p2a: Slowking|Scald|p1a: Delphox
|-supereffective|p1a: Delphox
|-damage|p1a: Delphox|6\/291 par
|
|-heal|p2a: Slowking|353\/394 par|[from] item: Leftovers
|upkeep
|turn|31
|c|★Nyhetsmorgon|gg
|c|★Grumeaux|gg et dsl du haxx
|choice|move dazzlinggleam|move scald
|
|move|p1a: Delphox|Dazzling Gleam|p2a: Slowking
|-damage|p2a: Slowking|188\/394 par
|-damage|p1a: Delphox|0 fnt|[from] item: Life Orb
|faint|p1a: Delphox
|
|win|Grumeaux
|player|p1
|player|p2</script>
</div>
<div class="battle-log battle-log-inline"><div class="inner"><div class="battle-options"></div><div class="inner"><div class="chat"><small>Nyhetsmorgon joined.</small></div><div class="chat"><small>Grumeaux joined.</small></div><div class=""><small>Format:</small> <br><strong>RU</strong></div><div class=""><small><em>Sleep Clause Mod:</em> Limit one foe put to sleep</small></div><div class=""><small><em>Species Clause:</em> Limit one of each Pokémon</small></div><div class=""><small><em>OHKO Clause:</em> OHKO moves are banned</small></div><div class=""><small><em>Moody Clause:</em> Moody is banned</small></div><div class=""><small><em>Evasion Moves Clause:</em> Evasion moves are banned</small></div><div class=""><small><em>Endless Battle Clause:</em> Forcing endless battles is banned</small></div><div class=""><small><em>HP Percentage Mod:</em> HP is shown in percentages</small></div><div class=""><small><em>Swagger Clause:</em> Swagger is banned</small></div><div class=""><small><em>Baton Pass Clause:</em> Limit one Baton Passer, can't pass Spe and other stats simultaneously</small></div><div class="chat battle-history"><strong>Nyhetsmorgon's team:</strong> <em style="color:#445566;display:block;">Qwilfish / Delphox / Absol / Flygon / Granbull / Rotom-Mow</em></div><div class="chat battle-history"><strong>Grumeaux's team:</strong> <em style="color:#445566;display:block;">Virizion / Slowking / Camerupt / Diancie / Sigilyph / Granbull</em></div><div class="chat chatmessage-nyhetsmorgon"><strong style="color:hsl(359,72%,48%)"><small>★</small><span class="username" data-name="Nyhetsmorgon">Nyhetsmorgon</span>:</strong> <em>gl</em></div><div class="chat chatmessage-grumeaux"><strong style="color:hsl(356,45%,51.19558952319999%)"><small>★</small><span class="username" data-name="Grumeaux">Grumeaux</span>:</strong> <em>gl hf</em></div><div class="chat chatmessage-nyhetsmorgon"><strong style="color:hsl(359,72%,48%)"><small>★</small><span class="username" data-name="Nyhetsmorgon">Nyhetsmorgon</span>:</strong> <em>ça fait super longtemps</em></div><div class="chat chatmessage-nyhetsmorgon"><strong style="color:hsl(359,72%,48%)"><small>★</small><span class="username" data-name="Nyhetsmorgon">Nyhetsmorgon</span>:</strong> <em>que j'ai pas fait un pks</em></div><div class="chat chatmessage-grumeaux"><strong style="color:hsl(356,45%,51.19558952319999%)"><small>★</small><span class="username" data-name="Grumeaux">Grumeaux</span>:</strong> <em>cb de temps?</em></div><div class="spacer battle-history"><br></div><div class="battle-history">Battle started between Nyhetsmorgon and Grumeaux!<br></div><div class="spacer battle-history"><br></div><div class="battle-history">Go! <strong>Qwilfish</strong>!<br></div><div class="spacer battle-history"><br></div><div class="battle-history">Grumeaux sent out <strong>Slowking</strong>!<br></div><div class="battle-history"><small>[Qwilfish's Intimidate]</small><br></div><div class="battle-history"><small>The opposing Slowking's Attack fell!</small><br></div><div class="spacer battle-history"><br></div><h2 class="battle-history">Turn 1</h2><div class="chat chatmessage-nyhetsmorgon"><strong style="color:hsl(359,72%,48%)"><small>★</small><span class="username" data-name="Nyhetsmorgon">Nyhetsmorgon</span>:</strong> <em>quelques mois</em></div><div class="chat chatmessage-nyhetsmorgon"><strong style="color:hsl(359,72%,48%)"><small>★</small><span class="username" data-name="Nyhetsmorgon">Nyhetsmorgon</span>:</strong> <em>mdr mon elo</em></div><div class="chat chatmessage-nyhetsmorgon"><strong style="color:hsl(359,72%,48%)"><small>★</small><span class="username" data-name="Nyhetsmorgon">Nyhetsmorgon</span>:</strong> <em>990</em></div><div class="chat chatmessage-grumeaux"><strong style="color:hsl(356,45%,51.19558952319999%)"><small>★</small><span class="username" data-name="Grumeaux">Grumeaux</span>:</strong> <em>ah ouais quand même</em></div><div class="chat chatmessage-nyhetsmorgon"><strong style="color:hsl(359,72%,48%)"><small>★</small><span class="username" data-name="Nyhetsmorgon">Nyhetsmorgon</span>:</strong> <em>loool</em></div><div class="spacer battle-history"><br></div><div class="battle-history">Qwilfish, come back!<br></div><div class="battle-history">Go! <strong>Absol</strong>!<br></div><div class="spacer battle-history"><br></div><div class="battle-history">The opposing Slowking used <strong>Calm Mind</strong>!<br></div><div class="battle-history"><small>The opposing Slowking's Special Attack rose!</small><br></div><div class="battle-history"><small>The opposing Slowking's Special Defense rose!</small><br></div><div class="spacer battle-history"><br></div><h2 class="battle-history">Turn 2</h2><div class="spacer battle-history"><br></div><div class="battle-history">Grumeaux withdrew Slowking!<br></div><div class="battle-history">Grumeaux sent out <strong>Diancie</strong>!<br></div><div class="spacer battle-history"><br></div><div class="battle-history">Absol used <strong>Knock Off</strong>!<br></div><div class="battle-history"><small>It's not very effective...</small><br></div><div class="battle-history"><small>(The opposing Diancie lost <abbr title="−94/304">30.9%</abbr> of its health!)</small><br></div><div class="battle-history"><small>Absol knocked off the opposing Diancie's Leftovers!</small><br></div><div class="battle-history"><small>Absol lost some of its HP!</small><br></div><div class="spacer battle-history"><br></div><h2 class="battle-history">Turn 3</h2><div class="spacer battle-history"><br></div><div class="battle-history">Absol, come back!<br></div><div class="battle-history">Go! <strong>Qwilfish</strong>!<br></div><div class="battle-history"><small>[Qwilfish's Intimidate]</small><br></div><div class="battle-history"><small>[The opposing Diancie's Clear Body]</small><br><small>The opposing Diancie's stats were not lowered!</small><br></div><div class="spacer battle-history"><br></div><div class="battle-history">The opposing Diancie used <strong>Stealth Rock</strong>!<br></div><div class="battle-history"><small>Pointed stones float in the air around your team!</small><br></div><div class="spacer battle-history"><br></div><h2 class="battle-history">Turn 4</h2><div class="spacer battle-history"><br></div><div class="battle-history">Grumeaux withdrew Diancie!<br></div><div class="battle-history">Grumeaux sent out <strong>Sigilyph</strong>!<br></div><div class="spacer battle-history"><br></div><div class="battle-history">Qwilfish used <strong>Thunder Wave</strong>!<br></div><div class="battle-history"><small>The opposing Sigilyph is paralyzed! It may be unable to move!</small><br></div><div class="spacer battle-history"><br></div><h2 class="battle-history">Turn 5</h2><div class="spacer battle-history"><br></div><div class="battle-history">Qwilfish used <strong>Taunt</strong>!<br></div><div class="battle-history"><small>The opposing Sigilyph fell for the taunt!</small><br></div><div class="spacer battle-history"><br></div><div class="battle-history">The opposing Sigilyph can't use Psycho Shift after the taunt!<br></div><div class="spacer battle-history"><br></div><h2 class="battle-history">Turn 6</h2><div class="spacer battle-history"><br></div><div class="battle-history">Qwilfish, come back!<br></div><div class="battle-history">Go! <strong>Flygon</strong>!<br></div><div class="battle-history"><small>Pointed stones dug into Flygon!</small><br></div><div class="spacer battle-history"><br></div><div class="battle-history">Grumeaux withdrew Sigilyph!<br></div><div class="battle-history">Grumeaux sent out <strong>Granbull</strong>!<br></div><div class="battle-history"><small>[The opposing Granbull's Intimidate]</small><br></div><div class="battle-history"><small>Flygon's Attack fell!</small><br></div><div class="spacer battle-history"><br></div><h2 class="battle-history">Turn 7</h2><div class="spacer battle-history"><br></div><div class="battle-history">Flygon, come back!<br></div><div class="battle-history">Go! <strong>Granbull</strong>!<br></div><div class="battle-history"><small>Pointed stones dug into Granbull!</small><br></div><div class="battle-history"><small>[Granbull's Intimidate]</small><br></div><div class="battle-history"><small>The opposing Granbull's Attack fell!</small><br></div><div class="spacer battle-history"><br></div><div class="battle-history">The opposing Granbull used <strong>Earthquake</strong>!<br></div><div class="battle-history"><small>A critical hit!</small><br></div><div class="battle-history"><small>(Granbull lost <abbr title="−230/383">60.1%</abbr> of its health!)</small><br></div><div class="spacer battle-history"><br></div><div class="battle-history"><small>Granbull restored a little HP using its Leftovers!</small><br></div><div class="spacer battle-history"><br></div><h2 class="battle-history">Turn 8</h2><div class="chat chatmessage-grumeaux"><strong style="color:hsl(356,45%,51.19558952319999%)"><small>★</small><span class="username" data-name="Grumeaux">Grumeaux</span>:</strong> <em>dsl du crit</em></div><div class="spacer battle-history"><br></div><div class="battle-history">Grumeaux withdrew Granbull!<br></div><div class="battle-history">Grumeaux sent out <strong>Slowking</strong>!<br></div><div class="spacer battle-history"><br></div><div class="battle-history">Granbull used <strong>Thunder Wave</strong>!<br></div><div class="battle-history"><small>The opposing Slowking is paralyzed! It may be unable to move!</small><br></div><div class="spacer battle-history"><br></div><div class="battle-history"><small>Granbull restored a little HP using its Leftovers!</small><br></div><div class="spacer battle-history"><br></div><h2 class="battle-history">Turn 9</h2><div class="spacer battle-history"><br></div><div class="battle-history">Granbull, come back!<br></div><div class="battle-history">Go! Rotom (<strong>Rotom-Mow</strong>)!<br></div><div class="battle-history"><small>Pointed stones dug into Rotom!</small><br></div><div class="spacer battle-history"><br></div><div class="battle-history">The opposing Slowking used <strong>Scald</strong>!<br></div><div class="battle-history"><small>It's not very effective...</small><br></div><div class="battle-history"><small>(Rotom lost <abbr title="−45/241">18.7%</abbr> of its health!)</small><br></div><div class="spacer battle-history"><br></div><h2 class="battle-history">Turn 10</h2><div class="spacer battle-history"><br></div><div class="battle-history">Grumeaux withdrew Slowking!<br></div><div class="battle-history">Grumeaux sent out <strong>Sigilyph</strong>!<br></div><div class="spacer battle-history"><br></div><div class="battle-history">Rotom used <strong>Leaf Storm</strong>!<br></div><div class="battle-history"><small>It's not very effective...</small><br></div><div class="battle-history"><small>(The opposing Sigilyph lost <abbr title="−78/348">22.4%</abbr> of its health!)</small><br></div><div class="battle-history"><small>Rotom's Special Attack fell harshly!</small><br></div><div class="spacer battle-history"><br></div><h2 class="battle-history">Turn 11</h2><div class="spacer battle-history"><br></div><div class="battle-history">Rotom, come back!<br></div><div class="battle-history">Go! <strong>Flygon</strong>!<br></div><div class="battle-history"><small>Pointed stones dug into Flygon!</small><br></div><div class="spacer battle-history"><br></div><div class="battle-history">The opposing Sigilyph is paralyzed! It can't move!<br></div><div class="spacer battle-history"><br></div><h2 class="battle-history">Turn 12</h2><div class="spacer battle-history"><br></div><div class="battle-history">Grumeaux withdrew Sigilyph!<br></div><div class="battle-history">Grumeaux sent out <strong>Granbull</strong>!<br></div><div class="battle-history"><small>[The opposing Granbull's Intimidate]</small><br></div><div class="battle-history"><small>Flygon's Attack fell!</small><br></div><div class="spacer battle-history"><br></div><div class="battle-history">Flygon used <strong>Defog</strong>!<br></div><div class="battle-history"><small>The opposing Granbull's evasiveness fell!</small><br></div><div class="battle-history"><small>The pointed stones disappeared from around your team!</small><br></div><div class="spacer battle-history"><br></div><h2 class="battle-history">Turn 13</h2><div class="spacer battle-history"><br></div><div class="battle-history">Flygon used <strong>Earth Power</strong>!<br></div><div class="battle-history"><small>(The opposing Granbull lost <abbr title="−239/374">63.9%</abbr> of its health!)</small><br></div><div class="battle-history"><small>Flygon lost some of its HP!</small><br></div><div class="spacer battle-history"><br></div><div class="battle-history">The opposing Granbull used <strong>Play Rough</strong>!<br></div><div class="battle-history"><small>It's super effective!</small><br></div><div class="battle-history"><small>(Flygon lost <abbr title="−235/301">78.1%</abbr> of its health!)</small><br></div><div class="spacer battle-history"><br></div><div class="battle-history">Flygon fainted!<br></div><div class="spacer battle-history"><br></div><div class="battle-history">Go! <strong>Delphox</strong>!<br></div><div class="spacer battle-history"><br></div><h2 class="battle-history">Turn 14</h2><div class="spacer battle-history"><br></div><div class="battle-history">Grumeaux withdrew Granbull!<br></div><div class="battle-history">Grumeaux sent out <strong>Diancie</strong>!<br></div><div class="spacer battle-history"><br></div><div class="battle-history">Delphox used <strong>Psychic</strong>!<br></div><div class="battle-history"><small>(The opposing Diancie lost <abbr title="−101/304">33.2%</abbr> of its health!)</small><br></div><div class="battle-history"><small>Delphox lost some of its HP!</small><br></div><div class="spacer battle-history"><br></div><h2 class="battle-history">Turn 15</h2><div class="spacer battle-history"><br></div><div class="battle-history">Delphox, come back!<br></div><div class="battle-history">Go! <strong>Qwilfish</strong>!<br></div><div class="battle-history"><small>[Qwilfish's Intimidate]</small><br></div><div class="battle-history"><small>[The opposing Diancie's Clear Body]</small><br><small>The opposing Diancie's stats were not lowered!</small><br></div><div class="spacer battle-history"><br></div><div class="battle-history">The opposing Diancie used <strong>Stealth Rock</strong>!<br></div><div class="battle-history"><small>Pointed stones float in the air around your team!</small><br></div><div class="spacer battle-history"><br></div><h2 class="battle-history">Turn 16</h2><div class="spacer battle-history"><br></div><div class="battle-history">Grumeaux withdrew Diancie!<br></div><div class="battle-history">Grumeaux sent out <strong>Sigilyph</strong>!<br></div><div class="spacer battle-history"><br></div><div class="battle-history">Qwilfish used <strong>Spikes</strong>!<br></div><div class="battle-history"><small>Spikes were scattered on the ground all around the opposing team!</small><br></div><div class="spacer battle-history"><br></div><h2 class="battle-history">Turn 17</h2><div class="spacer battle-history"><br></div><div class="battle-history">Qwilfish used <strong>Spikes</strong>!<br></div><div class="battle-history"><small>Spikes were scattered on the ground all around the opposing team!</small><br></div><div class="spacer battle-history"><br></div><div class="battle-history">The opposing Sigilyph used <strong>Stored Power</strong>!<br></div><div class="battle-history"><small>It's super effective!</small><br></div><div class="battle-history"><small>A critical hit!</small><br></div><div class="battle-history"><small>(Qwilfish lost <abbr title="−110/333">33.0%</abbr> of its health!)</small><br></div><div class="spacer battle-history"><br></div><div class="battle-history"><small>Qwilfish restored a little HP using its Black Sludge!</small><br></div><div class="spacer battle-history"><br></div><h2 class="battle-history">Turn 18</h2><div class="spacer battle-history"><br></div><div class="battle-history">Qwilfish used <strong>Taunt</strong>!<br></div><div class="battle-history"><small>The opposing Sigilyph fell for the taunt!</small><br></div><div class="spacer battle-history"><br></div><div class="battle-history">The opposing Sigilyph can't use Psycho Shift after the taunt!<br></div><div class="spacer battle-history"><br></div><div class="battle-history"><small>Qwilfish restored a little HP using its Black Sludge!</small><br></div><div class="spacer battle-history"><br></div><h2 class="battle-history">Turn 19</h2><div class="spacer battle-history"><br></div><div class="battle-history">Qwilfish, come back!<br></div><div class="battle-history">Go! <strong>Absol</strong>!<br></div><div class="battle-history"><small>Pointed stones dug into Absol!</small><br></div><div class="spacer battle-history"><br></div><div class="battle-history">The opposing Sigilyph is paralyzed! It can't move!<br></div><div class="spacer battle-history"><br></div><h2 class="battle-history">Turn 20</h2><div class="spacer battle-history"><br></div><div class="battle-history">Grumeaux withdrew Sigilyph!<br></div><div class="battle-history">Grumeaux sent out <strong>Granbull</strong>!<br></div><div class="battle-history"><small>The opposing Granbull is hurt by the spikes!</small><br></div><div class="battle-history"><small>[The opposing Granbull's Intimidate]</small><br></div><div class="battle-history"><small>Absol's Attack fell!</small><br></div><div class="spacer battle-history"><br></div><div class="battle-history">Absol used <strong>Swords Dance</strong>!<br></div><div class="battle-history"><small>Absol's Attack rose sharply!</small><br></div><div class="spacer battle-history"><br></div><h2 class="battle-history">Turn 21</h2><div class="chat"><small>dracaufeu75⚡ joined.</small></div><div class="spacer battle-history"><br></div><div class="battle-history">Absol used <strong>Knock Off</strong>!<br></div><div class="battle-history"><small>It's not very effective...</small><br></div><div class="battle-history"><small>(The opposing Granbull lost <abbr title="−73/374">19.5%</abbr> of its health!)</small><br></div><div class="battle-history"><small>Absol knocked off the opposing Granbull's Choice Band!</small><br></div><div class="battle-history"><small>Absol lost some of its HP!</small><br></div><div class="spacer battle-history"><br></div><div class="battle-history">The opposing Granbull fainted!<br></div><div class="chat chatmessage-nyhetsmorgon"><strong style="color:hsl(359,72%,48%)"><small>★</small><span class="username" data-name="Nyhetsmorgon">Nyhetsmorgon</span>:</strong> <em>band</em></div><div class="chat"><small>dracaufeu75⚡ left.</small></div><div class="spacer battle-history"><br></div><div class="battle-history">Grumeaux sent out <strong>Virizion</strong>!<br></div><div class="battle-history"><small>The opposing Virizion is hurt by the spikes!</small><br></div><div class="spacer battle-history"><br></div><h2 class="battle-history">Turn 22</h2><div class="chat chatmessage-nyhetsmorgon"><strong style="color:hsl(359,72%,48%)"><small>★</small><span class="username" data-name="Nyhetsmorgon">Nyhetsmorgon</span>:</strong> <em>original</em></div><div class="chat chatmessage-grumeaux"><strong style="color:hsl(356,45%,51.19558952319999%)"><small>★</small><span class="username" data-name="Grumeaux">Grumeaux</span>:</strong> <em>^^</em></div><div class="spacer battle-history"><br></div><div class="battle-history">Absol used <strong>Sucker Punch</strong>!<br></div><div class="battle-history"><small>It's not very effective...</small><br></div><div class="battle-history"><small>(The opposing Virizion lost <abbr title="−209/323">64.7%</abbr> of its health!)</small><br></div><div class="battle-history"><small>[The opposing Virizion's Justified]</small><br></div><div class="battle-history"><small>The opposing Virizion's Attack rose!</small><br></div><div class="battle-history"><small>Absol lost some of its HP!</small><br></div><div class="spacer battle-history"><br></div><div class="battle-history">The opposing Virizion used <strong>Leaf Blade</strong>!<br></div><div class="battle-history"><small>(Absol lost <abbr title="−157/271">57.9%</abbr> of its health!)</small><br></div><div class="spacer battle-history"><br></div><div class="battle-history">Absol fainted!<br></div><div class="spacer battle-history"><br></div><div class="battle-history">Go! <strong>Qwilfish</strong>!<br></div><div class="battle-history"><small>Pointed stones dug into Qwilfish!</small><br></div><div class="battle-history"><small>[Qwilfish's Intimidate]</small><br></div><div class="battle-history"><small>The opposing Virizion's Attack fell!</small><br></div><div class="spacer battle-history"><br></div><h2 class="battle-history">Turn 23</h2><div class="spacer battle-history"><br></div><div class="battle-history">The opposing Virizion used <strong>Swords Dance</strong>!<br></div><div class="battle-history"><small>The opposing Virizion's Attack rose sharply!</small><br></div><div class="spacer battle-history"><br></div><div class="battle-history">Qwilfish used <strong>Thunder Wave</strong>!<br></div><div class="battle-history"><small>The opposing Virizion is paralyzed! It may be unable to move!</small><br></div><div class="battle-history"><small>The opposing Virizion ate its Lum Berry!</small><br></div><div class="battle-history"><small>The opposing Virizion was cured of paralysis.</small><br></div><div class="spacer battle-history"><br></div><div class="battle-history"><small>Qwilfish restored a little HP using its Black Sludge!</small><br></div><div class="spacer battle-history"><br></div><h2 class="battle-history">Turn 24</h2><div class="spacer battle-history"><br></div><div class="battle-history">The opposing Virizion used <strong>Leaf Blade</strong>!<br></div><div class="battle-history"><small>A critical hit!</small><br></div><div class="battle-history"><small>(Qwilfish lost <abbr title="−242/333">72.7%</abbr> of its health!)</small><br></div><div class="spacer battle-history"><br></div><div class="battle-history">Qwilfish fainted!<br></div><div class="chat chatmessage-grumeaux"><strong style="color:hsl(356,45%,51.19558952319999%)"><small>★</small><span class="username" data-name="Grumeaux">Grumeaux</span>:</strong> <em>rofl</em></div><div class="chat chatmessage-grumeaux"><strong style="color:hsl(356,45%,51.19558952319999%)"><small>★</small><span class="username" data-name="Grumeaux">Grumeaux</span>:</strong> <em>le crit</em></div><div class="spacer battle-history"><br></div><div class="battle-history">Go! <strong>Granbull</strong>!<br></div><div class="battle-history"><small>Pointed stones dug into Granbull!</small><br></div><div class="battle-history"><small>[Granbull's Intimidate]</small><br></div><div class="battle-history"><small>The opposing Virizion's Attack fell!</small><br></div><div class="spacer battle-history"><br></div><h2 class="battle-history">Turn 25</h2><div class="chat chatmessage-grumeaux"><strong style="color:hsl(356,45%,51.19558952319999%)"><small>★</small><span class="username" data-name="Grumeaux">Grumeaux</span>:</strong> <em>qui change enormement de chose</em></div><div class="spacer battle-history"><br></div><div class="battle-history">The opposing Virizion used <strong>Leaf Blade</strong>!<br></div><div class="battle-history"><small>(Granbull lost <abbr title="−105/383">27.4%</abbr> of its health!)</small><br></div><div class="spacer battle-history"><br></div><div class="battle-history">Granbull fainted!<br></div><div class="spacer battle-history"><br></div><div class="battle-history">Go! Rotom (<strong>Rotom-Mow</strong>)!<br></div><div class="battle-history"><small>Pointed stones dug into Rotom!</small><br></div><div class="spacer battle-history"><br></div><h2 class="battle-history">Turn 26</h2><div class="spacer battle-history"><br></div><div class="battle-history">Rotom used <strong>Thunderbolt</strong>!<br></div><div class="battle-history"><small>It's not very effective...</small><br></div><div class="battle-history"><small>(The opposing Virizion lost <abbr title="−58/323">18.0%</abbr> of its health!)</small><br></div><div class="battle-history"><small>The opposing Virizion is paralyzed! It may be unable to move!</small><br></div><div class="spacer battle-history"><br></div><div class="battle-history">The opposing Virizion used <strong>Close Combat</strong>!<br></div><div class="battle-history"><small>(Rotom lost <abbr title="−136/241">56.4%</abbr> of its health!)</small><br></div><div class="battle-history"><small>The opposing Virizion's Defense fell!</small><br></div><div class="battle-history"><small>The opposing Virizion's Special Defense fell!</small><br></div><div class="spacer battle-history"><br></div><div class="battle-history">Rotom fainted!<br></div><div class="spacer battle-history"><br></div><div class="battle-history">Go! <strong>Delphox</strong>!<br></div><div class="battle-history"><small>Pointed stones dug into Delphox!</small><br></div><div class="spacer battle-history"><br></div><h2 class="battle-history">Turn 27</h2><div class="spacer battle-history"><br></div><div class="battle-history">Delphox used <strong>Psychic</strong>!<br></div><div class="battle-history"><small>It's super effective!</small><br></div><div class="battle-history"><small>(The opposing Virizion lost <abbr title="−3/323">0.9%</abbr> of its health!)</small><br></div><div class="battle-history"><small>Delphox lost some of its HP!</small><br></div><div class="spacer battle-history"><br></div><div class="battle-history">The opposing Virizion fainted!<br></div><div class="spacer battle-history"><br></div><div class="battle-history">Grumeaux sent out <strong>Sigilyph</strong>!<br></div><div class="spacer battle-history"><br></div><h2 class="battle-history">Turn 28</h2><div class="spacer battle-history"><br></div><div class="battle-history">Delphox used <strong>Calm Mind</strong>!<br></div><div class="battle-history"><small>Delphox's Special Attack rose!</small><br></div><div class="battle-history"><small>Delphox's Special Defense rose!</small><br></div><div class="spacer battle-history"><br></div><div class="battle-history">The opposing Sigilyph used <strong>Psycho Shift</strong>!<br></div><div class="battle-history"><small>Delphox is paralyzed! It may be unable to move!</small><br></div><div class="battle-history"><small>The opposing Sigilyph was cured of paralysis.</small><br></div><div class="spacer battle-history"><br></div><div class="battle-history"><small>The opposing Sigilyph was burned!</small><br></div><div class="spacer battle-history"><br></div><h2 class="battle-history">Turn 29</h2><div class="spacer battle-history"><br></div><div class="battle-history">Grumeaux withdrew Sigilyph!<br></div><div class="battle-history">Grumeaux sent out <strong>Diancie</strong>!<br></div><div class="battle-history"><small>The opposing Diancie is hurt by the spikes!</small><br></div><div class="spacer battle-history"><br></div><div class="battle-history">Delphox used <strong>Fire Blast</strong>!<br></div><div class="battle-history"><small>It's not very effective...</small><br></div><div class="battle-history"><small>(The opposing Diancie lost <abbr title="−59/304">19.4%</abbr> of its health!)</small><br></div><div class="battle-history"><small>Delphox lost some of its HP!</small><br></div><div class="spacer battle-history"><br></div><div class="battle-history">The opposing Diancie fainted!<br></div><div class="spacer battle-history"><br></div><div class="battle-history">Grumeaux sent out <strong>Slowking</strong>!<br></div><div class="battle-history"><small>The opposing Slowking is hurt by the spikes!</small><br></div><div class="spacer battle-history"><br></div><h2 class="battle-history">Turn 30</h2><div class="spacer battle-history"><br></div><div class="battle-history">Delphox is paralyzed! It can't move!<br></div><div class="spacer battle-history"><br></div><div class="battle-history">The opposing Slowking used <strong>Scald</strong>!<br></div><div class="battle-history"><small>It's super effective!</small><br></div><div class="battle-history"><small>(Delphox lost <abbr title="−126/291">43.3%</abbr> of its health!)</small><br></div><div class="spacer battle-history"><br></div><div class="battle-history"><small>The opposing Slowking restored a little HP using its Leftovers!</small><br></div><div class="spacer battle-history"><br></div><h2 class="battle-history">Turn 31</h2><div class="chat chatmessage-nyhetsmorgon"><strong style="color:hsl(359,72%,48%)"><small>★</small><span class="username" data-name="Nyhetsmorgon">Nyhetsmorgon</span>:</strong> <em>gg</em></div><div class="chat chatmessage-grumeaux"><strong style="color:hsl(356,45%,51.19558952319999%)"><small>★</small><span class="username" data-name="Grumeaux">Grumeaux</span>:</strong> <em>gg et dsl du haxx</em></div><div class="spacer battle-history"><br></div><div class="battle-history">Delphox used <strong>Dazzling Gleam</strong>!<br></div><div class="battle-history"><small>(The opposing Slowking lost <abbr title="−165/394">41.9%</abbr> of its health!)</small><br></div><div class="battle-history"><small>Delphox lost some of its HP!</small><br></div><div class="spacer battle-history"><br></div><div class="battle-history">Delphox fainted!<br></div><div class="spacer battle-history"><br></div><div class="battle-history"><strong>Grumeaux</strong> won the battle!<br></div></div><div class="inner-preempt"></div></div></div>
</div>
<script>
let daily = Math.floor(Date.now()/1000/60/60/24);document.write('<script src="https://play.pokemonshowdown.com/js/replay-embed.js?version'+daily+'"></'+'script>');
</script>
