<!DOCTYPE html>
<meta charset="utf-8" />
<!-- version 1 -->
<title>RU replay: Xidias vs. Nerdymincino</title>
<style>
html,body {font-family:Verdana, sans-serif;font-size:10pt;margin:0;padding:0;}body{padding:12px 0;} .battle-log {font-family:Verdana, sans-serif;font-size:10pt;} .battle-log-inline {border:1px solid #AAAAAA;background:#EEF2F5;color:black;max-width:640px;margin:0 auto 80px;padding-bottom:5px;} .battle-log .inner {padding:4px 8px 0px 8px;} .battle-log .inner-preempt {padding:0 8px 4px 8px;} .battle-log .inner-after {margin-top:0.5em;} .battle-log h2 {margin:0.5em -8px;padding:4px 8px;border:1px solid #AAAAAA;background:#E0E7EA;border-left:0;border-right:0;font-family:Verdana, sans-serif;font-size:13pt;} .battle-log .chat {vertical-align:middle;padding:3px 0 3px 0;font-size:8pt;} .battle-log .chat strong {color:#40576A;} .battle-log .chat em {padding:1px 4px 1px 3px;color:#000000;font-style:normal;} .chat.mine {background:rgba(0,0,0,0.05);margin-left:-8px;margin-right:-8px;padding-left:8px;padding-right:8px;} .spoiler {color:#BBBBBB;background:#BBBBBB;padding:0px 3px;} .spoiler:hover, .spoiler:active, .spoiler-shown {color:#000000;background:#E2E2E2;padding:0px 3px;} .spoiler a {color:#BBBBBB;} .spoiler:hover a, .spoiler:active a, .spoiler-shown a {color:#2288CC;} .chat code, .chat .spoiler:hover code, .chat .spoiler:active code, .chat .spoiler-shown code {border:1px solid #C0C0C0;background:#EEEEEE;color:black;padding:0 2px;} .chat .spoiler code {border:1px solid #CCCCCC;background:#CCCCCC;color:#CCCCCC;} .battle-log .rated {padding:3px 4px;} .battle-log .rated strong {color:white;background:#89A;padding:1px 4px;border-radius:4px;} .spacer {margin-top:0.5em;} .message-announce {background:#6688AA;color:white;padding:1px 4px 2px;} .message-announce a, .broadcast-green a, .broadcast-blue a, .broadcast-red a {color:#DDEEFF;} .broadcast-green {background-color:#559955;color:white;padding:2px 4px;} .broadcast-blue {background-color:#6688AA;color:white;padding:2px 4px;} .infobox {border:1px solid #6688AA;padding:2px 4px;} .infobox-limited {max-height:200px;overflow:auto;overflow-x:hidden;} .broadcast-red {background-color:#AA5544;color:white;padding:2px 4px;} .message-learn-canlearn {font-weight:bold;color:#228822;text-decoration:underline;} .message-learn-cannotlearn {font-weight:bold;color:#CC2222;text-decoration:underline;} .message-effect-weak {font-weight:bold;color:#CC2222;} .message-effect-resist {font-weight:bold;color:#6688AA;} .message-effect-immune {font-weight:bold;color:#666666;} .message-learn-list {margin-top:0;margin-bottom:0;} .message-throttle-notice, .message-error {color:#992222;} .message-overflow, .chat small.message-overflow {font-size:0pt;} .message-overflow::before {font-size:9pt;content:'...';} .subtle {color:#3A4A66;}
</style>
<div class="wrapper replay-wrapper" style="max-width:1180px;margin:0 auto">
<input type="hidden" name="replayid" value="ru-493652903" />
<div class="battle"></div><div class="battle-log"></div><div class="replay-controls"></div><div class="replay-controls-2"></div>
<h1 style="font-weight:normal;text-align:center"><strong>RU</strong><br /><a href="http://pokemonshowdown.com/users/xidias" class="subtle" target="_blank">Xidias</a> vs. <a href="http://pokemonshowdown.com/users/nerdymincino" class="subtle" target="_blank">Nerdymincino</a></h1>
<script type="text/plain" class="battle-log-data">|j|Xidias
|j|Nerdymincino
|player|p1|Xidias|290
|player|p2|Nerdymincino|1
|gametype|singles
|gen|6
|tier|RU
|rated
|seed|60207,49879,35534,60061
|rule|Sleep Clause Mod: Limit one foe put to sleep
|rule|Species Clause: Limit one of each Pokémon
|rule|OHKO Clause: OHKO moves are banned
|rule|Moody Clause: Moody is banned
|rule|Evasion Moves Clause: Evasion moves are banned
|rule|Endless Battle Clause: Forcing endless battles is banned
|rule|HP Percentage Mod: HP is shown in percentages
|clearpoke
|poke|p1|Typhlosion, F, shiny|item
|poke|p1|Flygon, F, shiny|item
|poke|p1|Rotom-Mow, shiny|item
|poke|p1|Accelgor, M, shiny|item
|poke|p1|Jellicent, M, shiny|item
|poke|p1|Audino, F|item
|poke|p2|Cinccino, F, shiny|item
|poke|p2|Accelgor, F, shiny|item
|poke|p2|Ambipom, F|item
|poke|p2|Aerodactyl, F|item
|poke|p2|Leafeon, F|item
|poke|p2|Flygon, F, shiny|item
|rule|Swagger Clause: Swagger is banned
|rule|Baton Pass Clause: Limit one Baton Passer, can't pass Spe and other stats simultaneously
|teampreview
|choice|team 1, team 2, team 3, team 4, team 5, team 6|team 3, team 2, team 1, team 4, team 5, team 6
|
|start
|switch|p1a: Typhlosion|Typhlosion, F, shiny|297\/297
|switch|p2a: I got two tails|Ambipom, F|292\/292
|turn|1
|choice|move eruption|move fakeout
|
|move|p2a: I got two tails|Fake Out|p1a: Typhlosion
|-enditem|p2a: I got two tails|Normal Gem|[from] gem|[move] Fake Out
|-damage|p1a: Typhlosion|155\/297
|cant|p1a: Typhlosion|flinch
|
|upkeep
|turn|2
|choice|move eruption|move lastresort
|
|move|p2a: I got two tails|Last Resort|p1a: Typhlosion
|-damage|p1a: Typhlosion|0 fnt
|faint|p1a: Typhlosion
|
|upkeep
|choice|switch 4|
|
|switch|p1a: Accelgor|Accelgor, M, shiny|364\/364
|turn|3
|choice|move spikes|move lastresort
|
|move|p1a: Accelgor|Spikes|p2a: I got two tails
|-sidestart|p2: Nerdymincino|Spikes
|move|p2a: I got two tails|Last Resort|p1a: Accelgor
|-enditem|p1a: Accelgor|Focus Sash
|-damage|p1a: Accelgor|1\/364
|
|upkeep
|turn|4
|choice|move finalgambit|move lastresort
|
|move|p1a: Accelgor|Final Gambit|p2a: I got two tails
|-damage|p2a: I got two tails|291\/292
|faint|p1a: Accelgor
|move|p2a: I got two tails|Last Resort|p1: Accelgor|[notarget]
|-notarget
|
|upkeep
|choice|switch 3|
|
|switch|p1a: Rotom|Rotom-Mow, shiny|241\/241
|turn|5
|choice|move voltswitch|move lastresort
|
|move|p1a: Rotom|Volt Switch|p2a: I got two tails
|-damage|p2a: I got two tails|125\/292
|choice|switch 5|
|
|switch|p1a: Jellicent|Jellicent, M, shiny|403\/403
|move|p2a: I got two tails|Last Resort|p1a: Jellicent
|-immune|p1a: Jellicent|[msg]
|
|upkeep
|turn|6
|choice|move willowisp|switch 3
|
|switch|p2a: Carlos|Cinccino, F, shiny|292\/292
|-damage|p2a: Carlos|256\/292|[from] Spikes
|move|p1a: Jellicent|Will-O-Wisp|p2a: Carlos
|-status|p2a: Carlos|brn
|
|-damage|p2a: Carlos|220\/292 brn|[from] brn
|upkeep
|turn|7
|choice|move taunt|move bulletseed
|
|move|p2a: Carlos|Bullet Seed|p1a: Jellicent
|-supereffective|p1a: Jellicent
|-damage|p1a: Jellicent|378\/403
|-supereffective|p1a: Jellicent
|-damage|p1a: Jellicent|351\/403
|-supereffective|p1a: Jellicent
|-damage|p1a: Jellicent|326\/403
|-supereffective|p1a: Jellicent
|-damage|p1a: Jellicent|301\/403
|-supereffective|p1a: Jellicent
|-damage|p1a: Jellicent|277\/403
|-hitcount|p1a: Jellicent|5
|move|p1a: Jellicent|Taunt|p2a: Carlos
|-start|p2a: Carlos|move: Taunt
|
|-heal|p1a: Jellicent|302\/403|[from] item: Leftovers
|-damage|p2a: Carlos|184\/292 brn|[from] brn
|upkeep
|turn|8
|choice|move recover|move bulletseed
|
|move|p2a: Carlos|Bullet Seed|p1a: Jellicent
|-supereffective|p1a: Jellicent
|-damage|p1a: Jellicent|276\/403
|-supereffective|p1a: Jellicent
|-damage|p1a: Jellicent|249\/403
|-supereffective|p1a: Jellicent
|-damage|p1a: Jellicent|223\/403
|-supereffective|p1a: Jellicent
|-damage|p1a: Jellicent|199\/403
|-supereffective|p1a: Jellicent
|-damage|p1a: Jellicent|172\/403
|-hitcount|p1a: Jellicent|5
|move|p1a: Jellicent|Recover|p1a: Jellicent
|-heal|p1a: Jellicent|374\/403
|
|-heal|p1a: Jellicent|399\/403|[from] item: Leftovers
|-damage|p2a: Carlos|148\/292 brn|[from] brn
|upkeep
|turn|9
|choice|switch 5|move bulletseed
|
|switch|p1a: Rotom|Rotom-Mow, shiny|241\/241
|move|p2a: Carlos|Bullet Seed|p1a: Rotom
|-resisted|p1a: Rotom
|-damage|p1a: Rotom|235\/241
|-resisted|p1a: Rotom
|-damage|p1a: Rotom|229\/241
|-resisted|p1a: Rotom
|-damage|p1a: Rotom|223\/241
|-resisted|p1a: Rotom
|-damage|p1a: Rotom|217\/241
|-resisted|p1a: Rotom
|-crit|p1a: Rotom
|-damage|p1a: Rotom|208\/241
|-hitcount|p1a: Rotom|5
|
|-damage|p2a: Carlos|112\/292 brn|[from] brn
|upkeep
|turn|10
|choice|move leafstorm|move knockoff
|
|move|p1a: Rotom|Leaf Storm|p2a: Carlos|[miss]
|-miss|p1a: Rotom|p2a: Carlos
|move|p2a: Carlos|Knock Off|p1a: Rotom
|-damage|p1a: Rotom|160\/241
|-enditem|p1a: Rotom|Choice Scarf|[from] move: Knock Off|[of] p2a: Carlos
|
|-damage|p2a: Carlos|76\/292 brn|[from] brn
|-end|p2a: Carlos|move: Taunt
|upkeep
|turn|11
|choice|move leafstorm|move tailslap
|
|move|p2a: Carlos|Tail Slap|p1a: Rotom
|-damage|p1a: Rotom|136\/241
|-damage|p1a: Rotom|115\/241
|-damage|p1a: Rotom|91\/241
|-damage|p1a: Rotom|67\/241
|-damage|p1a: Rotom|46\/241
|-hitcount|p1a: Rotom|5
|move|p1a: Rotom|Leaf Storm|p2a: Carlos
|-damage|p2a: Carlos|0 fnt
|-unboost|p1a: Rotom|spa|2
|faint|p2a: Carlos
|
|upkeep
|choice||switch 4
|
|switch|p2a: Dead|Aerodactyl, F|302\/302
|turn|12
|choice|move voltswitch|move crunch
|
|move|p2a: Dead|Crunch|p1a: Rotom
|-damage|p1a: Rotom|0 fnt
|faint|p1a: Rotom
|
|upkeep
|choice|switch 2|
|
|switch|p1a: Flygon|Flygon, F, shiny|329\/329
|turn|13
|choice|move uturn|move rockslide
|
|move|p2a: Dead|Rock Slide|p1a: Flygon
|-resisted|p1a: Flygon
|-crit|p1a: Flygon
|-damage|p1a: Flygon|226\/329
|move|p1a: Flygon|U-turn|p2a: Dead
|-resisted|p2a: Dead
|-damage|p2a: Dead|254\/302
|-damage|p1a: Flygon|172\/329|[from] item: Rocky Helmet|[of] p2a: Dead
|choice|switch 5|
|
|switch|p1a: Jellicent|Jellicent, M, shiny|399\/403
|
|-heal|p1a: Jellicent|403\/403|[from] item: Leftovers
|upkeep
|turn|14
|choice|move scald|move crunch
|
|move|p2a: Dead|Crunch|p1a: Jellicent
|-supereffective|p1a: Jellicent
|-damage|p1a: Jellicent|247\/403
|-unboost|p1a: Jellicent|def|1
|move|p1a: Jellicent|Scald|p2a: Dead
|-supereffective|p2a: Dead
|-damage|p2a: Dead|42\/302
|
|-heal|p1a: Jellicent|272\/403|[from] item: Leftovers
|upkeep
|turn|15
|choice|switch 6|move crunch
|
|switch|p1a: Audino|Audino, F|410\/410
|move|p2a: Dead|Crunch|p1a: Audino
|-damage|p1a: Audino|315\/410
|
|-heal|p1a: Audino|340\/410|[from] item: Leftovers
|upkeep
|turn|16
|choice|move wish|move crunch
|
|move|p2a: Dead|Crunch|p1a: Audino
|-damage|p1a: Audino|247\/410
|move|p1a: Audino|Wish|p1a: Audino
|
|-heal|p1a: Audino|272\/410|[from] item: Leftovers
|upkeep
|turn|17
|choice|switch 6|move crunch
|
|switch|p1a: Jellicent|Jellicent, M, shiny|272\/403
|move|p2a: Dead|Crunch|p1a: Jellicent
|-supereffective|p1a: Jellicent
|-damage|p1a: Jellicent|126\/403
|
|-heal|p1a: Jellicent|331\/403|[from] move: Wish|[wisher] Audino
|-heal|p1a: Jellicent|356\/403|[from] item: Leftovers
|upkeep
|turn|18
|choice|move scald|move crunch
|
|move|p2a: Dead|Crunch|p1a: Jellicent
|-supereffective|p1a: Jellicent
|-damage|p1a: Jellicent|196\/403
|-unboost|p1a: Jellicent|def|1
|move|p1a: Jellicent|Scald|p2a: Dead
|-supereffective|p2a: Dead
|-damage|p2a: Dead|0 fnt
|faint|p2a: Dead
|
|-heal|p1a: Jellicent|221\/403|[from] item: Leftovers
|upkeep
|choice||switch 5
|
|switch|p2a: Jack|Leafeon, F|271\/271
|-damage|p2a: Jack|238\/271|[from] Spikes
|turn|19
|choice|switch 6|move razorleaf
|
|switch|p1a: Audino|Audino, F|408\/410
|move|p2a: Jack|Razor Leaf|p1a: Audino
|-damage|p1a: Audino|335\/410
|
|-heal|p2a: Jack|254\/271|[from] item: Leftovers
|-heal|p1a: Audino|360\/410|[from] item: Leftovers
|upkeep
|turn|20
|choice|move wish|move razorleaf
|
|move|p2a: Jack|Razor Leaf|p1a: Audino
|-damage|p1a: Audino|275\/410
|move|p1a: Audino|Wish|p1a: Audino
|
|-heal|p2a: Jack|270\/271|[from] item: Leftovers
|-heal|p1a: Audino|300\/410|[from] item: Leftovers
|upkeep
|turn|21
|choice|switch 5|move razorleaf
|
|switch|p1a: Flygon|Flygon, F, shiny|172\/329
|move|p2a: Jack|Razor Leaf|p1a: Flygon
|-damage|p1a: Flygon|94\/329
|
|-heal|p1a: Flygon|299\/329|[from] move: Wish|[wisher] Audino
|-heal|p1a: Flygon|319\/329|[from] item: Leftovers
|-heal|p2a: Jack|271\/271|[from] item: Leftovers
|upkeep
|turn|22
|choice|move uturn|move leafblade
|
|move|p1a: Flygon|U-turn|p2a: Jack
|-supereffective|p2a: Jack
|-damage|p2a: Jack|193\/271
|choice|switch 5|
|
|switch|p1a: Audino|Audino, F|410\/410
|move|p2a: Jack|Leaf Blade|p1a: Audino
|-damage|p1a: Audino|284\/410
|
|-heal|p2a: Jack|209\/271|[from] item: Leftovers
|-heal|p1a: Audino|309\/410|[from] item: Leftovers
|upkeep
|turn|23
|choice|move knockoff|move leafblade
|
|move|p2a: Jack|Leaf Blade|p1a: Audino
|-damage|p1a: Audino|188\/410
|move|p1a: Audino|Knock Off|p2a: Jack
|-damage|p2a: Jack|177\/271
|-enditem|p2a: Jack|Leftovers|[from] move: Knock Off|[of] p1a: Audino
|
|-heal|p1a: Audino|213\/410|[from] item: Leftovers
|upkeep
|turn|24
|choice|move protect|move leafblade
|
|move|p1a: Audino|Protect|p1a: Audino
|-singleturn|p1a: Audino|Protect
|move|p2a: Jack|Leaf Blade|p1a: Audino
|-activate|p1a: Audino|move: Protect
|
|-heal|p1a: Audino|238\/410|[from] item: Leftovers
|upkeep
|turn|25
|choice|move wish|move leafblade
|
|move|p2a: Jack|Leaf Blade|p1a: Audino
|-crit|p1a: Audino
|-damage|p1a: Audino|49\/410
|move|p1a: Audino|Wish|p1a: Audino
|
|-heal|p1a: Audino|74\/410|[from] item: Leftovers
|upkeep
|turn|26
|choice|switch 5|move leafblade
|
|switch|p1a: Flygon|Flygon, F, shiny|319\/329
|move|p2a: Jack|Leaf Blade|p1a: Flygon
|-damage|p1a: Flygon|183\/329
|
|-heal|p1a: Flygon|329\/329|[from] move: Wish|[wisher] Audino
|upkeep
|turn|27
|choice|move earthquake|move leafblade
|
|move|p1a: Flygon|Earthquake|p2a: Jack
|-resisted|p2a: Jack
|-damage|p2a: Jack|129\/271
|move|p2a: Jack|Leaf Blade|p1a: Flygon
|-damage|p1a: Flygon|188\/329
|
|-heal|p1a: Flygon|208\/329|[from] item: Leftovers
|upkeep
|turn|28
|choice|move roost|move leafblade
|
|move|p1a: Flygon|Roost|p1a: Flygon
|-heal|p1a: Flygon|329\/329
|move|p2a: Jack|Leaf Blade|p1a: Flygon
|-crit|p1a: Flygon
|-damage|p1a: Flygon|131\/329
|
|-heal|p1a: Flygon|151\/329|[from] item: Leftovers
|upkeep
|turn|29
|choice|move uturn|move leafblade
|
|move|p1a: Flygon|U-turn|p2a: Jack
|-supereffective|p2a: Jack
|-damage|p2a: Jack|41\/271
|choice|switch 5|
|
|switch|p1a: Audino|Audino, F|210\/410
|move|p2a: Jack|Leaf Blade|p1a: Audino
|-damage|p1a: Audino|89\/410
|
|-heal|p1a: Audino|114\/410|[from] item: Leftovers
|upkeep
|turn|30
|choice|move protect|move leafblade
|
|move|p1a: Audino|Protect|p1a: Audino
|-singleturn|p1a: Audino|Protect
|move|p2a: Jack|Leaf Blade|p1a: Audino
|-activate|p1a: Audino|move: Protect
|
|-heal|p1a: Audino|139\/410|[from] item: Leftovers
|upkeep
|turn|31
|choice|move protect|move leafblade
|
|move|p1a: Audino|Protect|p1a: Audino
|-fail|p1a: Audino
|move|p2a: Jack|Leaf Blade|p1a: Audino
|-damage|p1a: Audino|3\/410
|
|-heal|p1a: Audino|28\/410|[from] item: Leftovers
|upkeep
|turn|32
|choice|move wish|move leafblade
|
|move|p2a: Jack|Leaf Blade|p1a: Audino
|-damage|p1a: Audino|0 fnt
|faint|p1a: Audino
|
|upkeep
|choice|switch 5|
|
|switch|p1a: Flygon|Flygon, F, shiny|151\/329
|turn|33
|choice|move uturn|move leafblade
|
|move|p1a: Flygon|U-turn|p2a: Jack
|-supereffective|p2a: Jack
|-damage|p2a: Jack|0 fnt
|faint|p2a: Jack
|choice|switch 6|
|
|switch|p1a: Jellicent|Jellicent, M, shiny|221\/403
|
|-heal|p1a: Jellicent|246\/403|[from] item: Leftovers
|upkeep
|choice||switch 6
|
|switch|p2a: Four Eyes|Flygon, F, shiny|302\/302
|turn|34
|choice|move willowisp|switch 2
|
|switch|p2a: Knight|Accelgor, F, shiny|364\/364
|-damage|p2a: Knight|319\/364|[from] Spikes
|move|p1a: Jellicent|Will-O-Wisp|p2a: Knight
|-status|p2a: Knight|brn
|-enditem|p2a: Knight|Lum Berry|[eat]
|-curestatus|p2a: Knight|brn|[msg]
|
|-heal|p1a: Jellicent|271\/403|[from] item: Leftovers
|upkeep
|turn|35
|choice|move taunt|move protect
|
|move|p2a: Knight|Protect|p2a: Knight
|-singleturn|p2a: Knight|Protect
|move|p1a: Jellicent|Taunt|p2a: Knight
|-activate|p2a: Knight|move: Protect
|
|-heal|p1a: Jellicent|296\/403|[from] item: Leftovers
|upkeep
|turn|36
|choice|move taunt|move finalgambit
|
|move|p2a: Knight|Final Gambit|p1a: Jellicent
|-immune|p1a: Jellicent|[msg]
|move|p1a: Jellicent|Taunt|p2a: Knight
|-start|p2a: Knight|move: Taunt
|
|-heal|p1a: Jellicent|321\/403|[from] item: Leftovers
|upkeep
|turn|37
|choice|move scald|move gigadrain
|
|move|p2a: Knight|Giga Drain|p1a: Jellicent
|-supereffective|p1a: Jellicent
|-damage|p1a: Jellicent|211\/403
|-heal|p2a: Knight|364\/364|[from] drain|[of] p1a: Jellicent
|move|p1a: Jellicent|Scald|p2a: Knight
|-damage|p2a: Knight|246\/364
|
|-heal|p1a: Jellicent|236\/403|[from] item: Leftovers
|upkeep
|turn|38
|choice|switch 6|move gigadrain
|
|switch|p1a: Flygon|Flygon, F, shiny|151\/329
|move|p2a: Knight|Giga Drain|p1a: Flygon
|-damage|p1a: Flygon|74\/329
|-heal|p2a: Knight|285\/364|[from] drain|[of] p1a: Flygon
|
|-heal|p1a: Flygon|94\/329|[from] item: Leftovers
|upkeep
|turn|39
|choice|switch 6|move gigadrain
|
|switch|p1a: Jellicent|Jellicent, M, shiny|236\/403
|move|p2a: Knight|Giga Drain|p1a: Jellicent
|-supereffective|p1a: Jellicent
|-damage|p1a: Jellicent|130\/403
|-heal|p2a: Knight|338\/364|[from] drain|[of] p1a: Jellicent
|
|-heal|p1a: Jellicent|155\/403|[from] item: Leftovers
|-end|p2a: Knight|move: Taunt
|upkeep
|turn|40
|choice|move recover|move gigadrain
|
|move|p2a: Knight|Giga Drain|p1a: Jellicent
|-supereffective|p1a: Jellicent
|-damage|p1a: Jellicent|35\/403
|-heal|p2a: Knight|364\/364|[from] drain|[of] p1a: Jellicent
|move|p1a: Jellicent|Recover|p1a: Jellicent
|-heal|p1a: Jellicent|237\/403
|
|-heal|p1a: Jellicent|262\/403|[from] item: Leftovers
|upkeep
|turn|41
|choice|move recover|move gigadrain
|
|move|p2a: Knight|Giga Drain|p1a: Jellicent
|-supereffective|p1a: Jellicent
|-damage|p1a: Jellicent|152\/403
|move|p1a: Jellicent|Recover|p1a: Jellicent
|-heal|p1a: Jellicent|354\/403
|
|-heal|p1a: Jellicent|379\/403|[from] item: Leftovers
|upkeep
|turn|42
|choice|move scald|move gigadrain
|
|move|p2a: Knight|Giga Drain|p1a: Jellicent
|-supereffective|p1a: Jellicent
|-damage|p1a: Jellicent|269\/403
|move|p1a: Jellicent|Scald|p2a: Knight
|-damage|p2a: Knight|231\/364
|
|-heal|p1a: Jellicent|294\/403|[from] item: Leftovers
|upkeep
|turn|43
|choice|move scald|move gigadrain
|
|move|p2a: Knight|Giga Drain|p1a: Jellicent
|-supereffective|p1a: Jellicent
|-damage|p1a: Jellicent|178\/403
|-heal|p2a: Knight|289\/364|[from] drain|[of] p1a: Jellicent
|move|p1a: Jellicent|Scald|p2a: Knight
|-damage|p2a: Knight|168\/364
|
|-heal|p1a: Jellicent|203\/403|[from] item: Leftovers
|upkeep
|turn|44
|choice|move recover|move gigadrain
|
|move|p2a: Knight|Giga Drain|p1a: Jellicent
|-supereffective|p1a: Jellicent
|-damage|p1a: Jellicent|89\/403
|-heal|p2a: Knight|225\/364|[from] drain|[of] p1a: Jellicent
|move|p1a: Jellicent|Recover|p1a: Jellicent
|-heal|p1a: Jellicent|291\/403
|
|-heal|p1a: Jellicent|316\/403|[from] item: Leftovers
|upkeep
|turn|45
|choice|move scald|move gigadrain
|
|move|p2a: Knight|Giga Drain|p1a: Jellicent
|-supereffective|p1a: Jellicent
|-damage|p1a: Jellicent|206\/403
|-heal|p2a: Knight|280\/364|[from] drain|[of] p1a: Jellicent
|move|p1a: Jellicent|Scald|p2a: Knight
|-damage|p2a: Knight|159\/364
|
|-heal|p1a: Jellicent|231\/403|[from] item: Leftovers
|upkeep
|turn|46
|choice|move scald|move gigadrain
|
|move|p2a: Knight|Giga Drain|p1a: Jellicent
|-supereffective|p1a: Jellicent
|-damage|p1a: Jellicent|113\/403
|-heal|p2a: Knight|218\/364|[from] drain|[of] p1a: Jellicent
|move|p1a: Jellicent|Scald|p2a: Knight
|-damage|p2a: Knight|95\/364
|
|-heal|p1a: Jellicent|138\/403|[from] item: Leftovers
|upkeep
|turn|47
|choice|move recover|move gigadrain
|
|move|p2a: Knight|Giga Drain|p1a: Jellicent
|-supereffective|p1a: Jellicent
|-damage|p1a: Jellicent|36\/403
|-heal|p2a: Knight|146\/364|[from] drain|[of] p1a: Jellicent
|move|p1a: Jellicent|Recover|p1a: Jellicent
|-heal|p1a: Jellicent|238\/403
|
|-heal|p1a: Jellicent|263\/403|[from] item: Leftovers
|upkeep
|turn|48
|choice|move scald|move gigadrain
|
|move|p2a: Knight|Giga Drain|p1a: Jellicent
|-supereffective|p1a: Jellicent
|-damage|p1a: Jellicent|153\/403
|-heal|p2a: Knight|201\/364|[from] drain|[of] p1a: Jellicent
|move|p1a: Jellicent|Scald|p2a: Knight
|-damage|p2a: Knight|69\/364
|
|-heal|p1a: Jellicent|178\/403|[from] item: Leftovers
|upkeep
|turn|49
|choice|move recover|move gigadrain
|
|move|p2a: Knight|Giga Drain|p1a: Jellicent
|-supereffective|p1a: Jellicent
|-damage|p1a: Jellicent|62\/403
|-heal|p2a: Knight|127\/364|[from] drain|[of] p1a: Jellicent
|move|p1a: Jellicent|Recover|p1a: Jellicent
|-heal|p1a: Jellicent|264\/403
|
|-heal|p1a: Jellicent|289\/403|[from] item: Leftovers
|upkeep
|turn|50
|choice|move scald|move gigadrain
|
|move|p2a: Knight|Giga Drain|p1a: Jellicent
|-supereffective|p1a: Jellicent
|-damage|p1a: Jellicent|185\/403
|-heal|p2a: Knight|179\/364|[from] drain|[of] p1a: Jellicent
|move|p1a: Jellicent|Scald|p2a: Knight
|-damage|p2a: Knight|61\/364
|-status|p2a: Knight|brn
|
|-heal|p1a: Jellicent|210\/403|[from] item: Leftovers
|-damage|p2a: Knight|16\/364 brn|[from] brn
|upkeep
|turn|51
|choice|move recover|move gigadrain
|
|move|p2a: Knight|Giga Drain|p1a: Jellicent
|-supereffective|p1a: Jellicent
|-damage|p1a: Jellicent|108\/403
|-heal|p2a: Knight|67\/364 brn|[from] drain|[of] p1a: Jellicent
|move|p1a: Jellicent|Recover|p1a: Jellicent
|-heal|p1a: Jellicent|310\/403
|
|-heal|p1a: Jellicent|335\/403|[from] item: Leftovers
|-damage|p2a: Knight|22\/364 brn|[from] brn
|upkeep
|turn|52
|choice|move scald|move gigadrain
|
|move|p2a: Knight|Giga Drain|p1a: Jellicent
|-supereffective|p1a: Jellicent
|-damage|p1a: Jellicent|233\/403
|-heal|p2a: Knight|73\/364 brn|[from] drain|[of] p1a: Jellicent
|move|p1a: Jellicent|Scald|p2a: Knight
|-damage|p2a: Knight|0 fnt
|faint|p2a: Knight
|
|-heal|p1a: Jellicent|258\/403|[from] item: Leftovers
|upkeep
|choice||switch 3
|
|switch|p2a: I got two tails|Ambipom, F|125\/292
|-damage|p2a: I got two tails|89\/292|[from] Spikes
|turn|53
|choice|move recover|switch 2
|
|switch|p2a: Four Eyes|Flygon, F, shiny|302\/302
|move|p1a: Jellicent|Recover|p1a: Jellicent
|-heal|p1a: Jellicent|403\/403
|
|upkeep
|turn|54
|choice|move willowisp|move dragonrush
|
|move|p2a: Four Eyes|Dragon Rush|p1a: Jellicent|[miss]
|-miss|p2a: Four Eyes|p1a: Jellicent
|move|p1a: Jellicent|Will-O-Wisp|p2a: Four Eyes
|-status|p2a: Four Eyes|brn
|
|-damage|p2a: Four Eyes|265\/302 brn|[from] brn
|upkeep
|turn|55
|choice|move scald|move dragonrush
|
|move|p2a: Four Eyes|Dragon Rush|p1a: Jellicent
|-damage|p1a: Jellicent|329\/403
|move|p1a: Jellicent|Scald|p2a: Four Eyes
|-damage|p2a: Four Eyes|157\/302 brn
|
|-heal|p1a: Jellicent|354\/403|[from] item: Leftovers
|-damage|p2a: Four Eyes|120\/302 brn|[from] brn
|upkeep
|-enditem|p2a: Four Eyes|Sitrus Berry|[eat]
|-heal|p2a: Four Eyes|195\/302 brn|[from] item: Sitrus Berry
|turn|56
|-message|Nerdymincino forfeited.
|
|win|Xidias
|player|p1
|player|p2
|l|Nerdymincino</script>
</div>
<div class="battle-log battle-log-inline"><div class="inner"><div class="battle-options"></div><div class="inner"><div class="chat"><small>Xidias joined.</small></div><div class="chat"><small>Nerdymincino joined.</small></div><div class=""><small>Format:</small> <br><strong>RU</strong></div><div class="rated"><strong>Rated battle</strong></div><div class=""><small><em>Sleep Clause Mod:</em> Limit one foe put to sleep</small></div><div class=""><small><em>Species Clause:</em> Limit one of each Pokémon</small></div><div class=""><small><em>OHKO Clause:</em> OHKO moves are banned</small></div><div class=""><small><em>Moody Clause:</em> Moody is banned</small></div><div class=""><small><em>Evasion Moves Clause:</em> Evasion moves are banned</small></div><div class=""><small><em>Endless Battle Clause:</em> Forcing endless battles is banned</small></div><div class=""><small><em>HP Percentage Mod:</em> HP is shown in percentages</small></div><div class=""><small><em>Swagger Clause:</em> Swagger is banned</small></div><div class=""><small><em>Baton Pass Clause:</em> Limit one Baton Passer, can't pass Spe and other stats simultaneously</small></div><div class="chat battle-history"><strong>Xidias's team:</strong> <em style="color:#445566;display:block;">Typhlosion / Flygon / Rotom-Mow / Accelgor / Jellicent / Audino</em></div><div class="chat battle-history"><strong>Nerdymincino's team:</strong> <em style="color:#445566;display:block;">Cinccino / Accelgor / Ambipom / Aerodactyl / Leafeon / Flygon</em></div><div class="spacer battle-history"><br></div><div class="battle-history">Battle started between Xidias and Nerdymincino!<br></div><div class="spacer battle-history"><br></div><div class="battle-history">Go! <strong>Typhlosion</strong>!<br></div><div class="spacer battle-history"><br></div><div class="battle-history">Nerdymincino sent out I got two tails (<strong>Ambipom</strong>)!<br></div><div class="spacer battle-history"><br></div><h2 class="battle-history">Turn 1</h2><div class="spacer battle-history"><br></div><div class="battle-history">The opposing I got two tails used <strong>Fake Out</strong>!<br></div><div class="battle-history"><small>The Normal Gem strengthened the opposing I got two tails's power!</small><br></div><div class="battle-history"><small>(Typhlosion lost <abbr title="−142/297">47.8%</abbr> of its health!)</small><br></div><div class="spacer battle-history"><br></div><div class="battle-history">Typhlosion flinched and couldn't move!<br></div><div class="spacer battle-history"><br></div><h2 class="battle-history">Turn 2</h2><div class="spacer battle-history"><br></div><div class="battle-history">The opposing I got two tails used <strong>Last Resort</strong>!<br></div><div class="battle-history"><small>(Typhlosion lost <abbr title="−155/297">52.2%</abbr> of its health!)</small><br></div><div class="spacer battle-history"><br></div><div class="battle-history">Typhlosion fainted!<br></div><div class="spacer battle-history"><br></div><div class="battle-history">Go! <strong>Accelgor</strong>!<br></div><div class="spacer battle-history"><br></div><h2 class="battle-history">Turn 3</h2><div class="spacer battle-history"><br></div><div class="battle-history">Accelgor used <strong>Spikes</strong>!<br></div><div class="battle-history"><small>Spikes were scattered on the ground all around the opposing team!</small><br></div><div class="spacer battle-history"><br></div><div class="battle-history">The opposing I got two tails used <strong>Last Resort</strong>!<br></div><div class="battle-history"><small>Accelgor hung on using its Focus Sash!</small><br></div><div class="battle-history"><small>(Accelgor lost <abbr title="−363/364">99.7%</abbr> of its health!)</small><br></div><div class="spacer battle-history"><br></div><h2 class="battle-history">Turn 4</h2><div class="spacer battle-history"><br></div><div class="battle-history">Accelgor used <strong>Final Gambit</strong>!<br></div><div class="battle-history"><small>(The opposing I got two tails lost <abbr title="−1/292">0.3%</abbr> of its health!)</small><br></div><div class="spacer battle-history"><br></div><div class="battle-history">Accelgor fainted!<br></div><div class="battle-history">The opposing I got two tails used <strong>Last Resort</strong>!<br></div><div class="battle-history"><small>But there was no target...</small><br></div><div class="spacer battle-history"><br></div><div class="battle-history">Go! Rotom (<strong>Rotom-Mow</strong>)!<br></div><div class="spacer battle-history"><br></div><h2 class="battle-history">Turn 5</h2><div class="spacer battle-history"><br></div><div class="battle-history">Rotom used <strong>Volt Switch</strong>!<br></div><div class="battle-history"><small>(The opposing I got two tails lost <abbr title="−166/292">56.8%</abbr> of its health!)</small><br></div><div class="spacer battle-history"><br></div><div class="battle-history">Rotom went back to Xidias!<br></div><div class="battle-history">Go! <strong>Jellicent</strong>!<br></div><div class="spacer battle-history"><br></div><div class="battle-history">The opposing I got two tails used <strong>Last Resort</strong>!<br></div><div class="battle-history"><small>It doesn't affect Jellicent...</small><br></div><div class="spacer battle-history"><br></div><h2 class="battle-history">Turn 6</h2><div class="spacer battle-history"><br></div><div class="battle-history">Nerdymincino withdrew I got two tails!<br></div><div class="battle-history">Nerdymincino sent out Carlos (<strong>Cinccino</strong>)!<br></div><div class="battle-history"><small>The opposing Carlos is hurt by the spikes!</small><br></div><div class="spacer battle-history"><br></div><div class="battle-history">Jellicent used <strong>Will-O-Wisp</strong>!<br></div><div class="battle-history"><small>The opposing Carlos was burned!</small><br></div><div class="spacer battle-history"><br></div><div class="battle-history"><small>The opposing Carlos was hurt by its burn!</small><br></div><div class="spacer battle-history"><br></div><h2 class="battle-history">Turn 7</h2><div class="spacer battle-history"><br></div><div class="battle-history">The opposing Carlos used <strong>Bullet Seed</strong>!<br></div><div class="battle-history"><small>It's super effective!</small><br></div><div class="battle-history"><small>(Jellicent lost <abbr title="−25/403">6.2%</abbr> of its health!)</small><br></div><div class="battle-history"><small>It's super effective!</small><br></div><div class="battle-history"><small>(Jellicent lost <abbr title="−27/403">6.7%</abbr> of its health!)</small><br></div><div class="battle-history"><small>It's super effective!</small><br></div><div class="battle-history"><small>(Jellicent lost <abbr title="−25/403">6.2%</abbr> of its health!)</small><br></div><div class="battle-history"><small>It's super effective!</small><br></div><div class="battle-history"><small>(Jellicent lost <abbr title="−25/403">6.2%</abbr> of its health!)</small><br></div><div class="battle-history"><small>It's super effective!</small><br></div><div class="battle-history"><small>(Jellicent lost <abbr title="−24/403">6.0%</abbr> of its health!)</small><br></div><div class="battle-history"><small>Hit 5 times!</small><br></div><div class="spacer battle-history"><br></div><div class="battle-history">Jellicent used <strong>Taunt</strong>!<br></div><div class="battle-history"><small>The opposing Carlos fell for the taunt!</small><br></div><div class="spacer battle-history"><br></div><div class="battle-history"><small>Jellicent restored a little HP using its Leftovers!</small><br></div><div class="battle-history"><small>The opposing Carlos was hurt by its burn!</small><br></div><div class="spacer battle-history"><br></div><h2 class="battle-history">Turn 8</h2><div class="spacer battle-history"><br></div><div class="battle-history">The opposing Carlos used <strong>Bullet Seed</strong>!<br></div><div class="battle-history"><small>It's super effective!</small><br></div><div class="battle-history"><small>(Jellicent lost <abbr title="−26/403">6.5%</abbr> of its health!)</small><br></div><div class="battle-history"><small>It's super effective!</small><br></div><div class="battle-history"><small>(Jellicent lost <abbr title="−27/403">6.7%</abbr> of its health!)</small><br></div><div class="battle-history"><small>It's super effective!</small><br></div><div class="battle-history"><small>(Jellicent lost <abbr title="−26/403">6.5%</abbr> of its health!)</small><br></div><div class="battle-history"><small>It's super effective!</small><br></div><div class="battle-history"><small>(Jellicent lost <abbr title="−24/403">6.0%</abbr> of its health!)</small><br></div><div class="battle-history"><small>It's super effective!</small><br></div><div class="battle-history"><small>(Jellicent lost <abbr title="−27/403">6.7%</abbr> of its health!)</small><br></div><div class="battle-history"><small>Hit 5 times!</small><br></div><div class="spacer battle-history"><br></div><div class="battle-history">Jellicent used <strong>Recover</strong>!<br></div><div class="battle-history"><small>Jellicent restored its HP.</small><br></div><div class="spacer battle-history"><br></div><div class="battle-history"><small>Jellicent restored a little HP using its Leftovers!</small><br></div><div class="battle-history"><small>The opposing Carlos was hurt by its burn!</small><br></div><div class="spacer battle-history"><br></div><h2 class="battle-history">Turn 9</h2><div class="spacer battle-history"><br></div><div class="battle-history">Jellicent, come back!<br></div><div class="battle-history">Go! Rotom (<strong>Rotom-Mow</strong>)!<br></div><div class="spacer battle-history"><br></div><div class="battle-history">The opposing Carlos used <strong>Bullet Seed</strong>!<br></div><div class="battle-history"><small>It's not very effective...</small><br></div><div class="battle-history"><small>(Rotom lost <abbr title="−6/241">2.5%</abbr> of its health!)</small><br></div><div class="battle-history"><small>It's not very effective...</small><br></div><div class="battle-history"><small>(Rotom lost <abbr title="−6/241">2.5%</abbr> of its health!)</small><br></div><div class="battle-history"><small>It's not very effective...</small><br></div><div class="battle-history"><small>(Rotom lost <abbr title="−6/241">2.5%</abbr> of its health!)</small><br></div><div class="battle-history"><small>It's not very effective...</small><br></div><div class="battle-history"><small>(Rotom lost <abbr title="−6/241">2.5%</abbr> of its health!)</small><br></div><div class="battle-history"><small>It's not very effective...</small><br></div><div class="battle-history"><small>A critical hit!</small><br></div><div class="battle-history"><small>(Rotom lost <abbr title="−9/241">3.7%</abbr> of its health!)</small><br></div><div class="battle-history"><small>Hit 5 times!</small><br></div><div class="spacer battle-history"><br></div><div class="battle-history"><small>The opposing Carlos was hurt by its burn!</small><br></div><div class="spacer battle-history"><br></div><h2 class="battle-history">Turn 10</h2><div class="spacer battle-history"><br></div><div class="battle-history">Rotom used <strong>Leaf Storm</strong>!<br></div><div class="battle-history"><small>The opposing Carlos avoided the attack!</small><br></div><div class="spacer battle-history"><br></div><div class="battle-history">The opposing Carlos used <strong>Knock Off</strong>!<br></div><div class="battle-history"><small>(Rotom lost <abbr title="−48/241">19.9%</abbr> of its health!)</small><br></div><div class="battle-history"><small>The opposing Carlos knocked off Rotom's Choice Scarf!</small><br></div><div class="spacer battle-history"><br></div><div class="battle-history"><small>The opposing Carlos was hurt by its burn!</small><br></div><div class="battle-history"><small>The opposing Carlos's taunt wore off!</small><br></div><div class="spacer battle-history"><br></div><h2 class="battle-history">Turn 11</h2><div class="spacer battle-history"><br></div><div class="battle-history">The opposing Carlos used <strong>Tail Slap</strong>!<br></div><div class="battle-history"><small>(Rotom lost <abbr title="−24/241">10.0%</abbr> of its health!)</small><br></div><div class="battle-history"><small>(Rotom lost <abbr title="−21/241">8.7%</abbr> of its health!)</small><br></div><div class="battle-history"><small>(Rotom lost <abbr title="−24/241">10.0%</abbr> of its health!)</small><br></div><div class="battle-history"><small>(Rotom lost <abbr title="−24/241">10.0%</abbr> of its health!)</small><br></div><div class="battle-history"><small>(Rotom lost <abbr title="−21/241">8.7%</abbr> of its health!)</small><br></div><div class="battle-history"><small>Hit 5 times!</small><br></div><div class="spacer battle-history"><br></div><div class="battle-history">Rotom used <strong>Leaf Storm</strong>!<br></div><div class="battle-history"><small>(The opposing Carlos lost <abbr title="−76/292">26.0%</abbr> of its health!)</small><br></div><div class="battle-history"><small>Rotom's Special Attack fell harshly!</small><br></div><div class="spacer battle-history"><br></div><div class="battle-history">The opposing Carlos fainted!<br></div><div class="spacer battle-history"><br></div><div class="battle-history">Nerdymincino sent out Dead (<strong>Aerodactyl</strong>)!<br></div><div class="spacer battle-history"><br></div><h2 class="battle-history">Turn 12</h2><div class="spacer battle-history"><br></div><div class="battle-history">The opposing Dead used <strong>Crunch</strong>!<br></div><div class="battle-history"><small>(Rotom lost <abbr title="−46/241">19.1%</abbr> of its health!)</small><br></div><div class="spacer battle-history"><br></div><div class="battle-history">Rotom fainted!<br></div><div class="spacer battle-history"><br></div><div class="battle-history">Go! <strong>Flygon</strong>!<br></div><div class="spacer battle-history"><br></div><h2 class="battle-history">Turn 13</h2><div class="spacer battle-history"><br></div><div class="battle-history">The opposing Dead used <strong>Rock Slide</strong>!<br></div><div class="battle-history"><small>It's not very effective...</small><br></div><div class="battle-history"><small>A critical hit!</small><br></div><div class="battle-history"><small>(Flygon lost <abbr title="−103/329">31.3%</abbr> of its health!)</small><br></div><div class="spacer battle-history"><br></div><div class="battle-history">Flygon used <strong>U-turn</strong>!<br></div><div class="battle-history"><small>It's not very effective...</small><br></div><div class="battle-history"><small>(The opposing Dead lost <abbr title="−48/302">15.9%</abbr> of its health!)</small><br></div><div class="battle-history"><small>Flygon was hurt by the Rocky Helmet!</small><br></div><div class="spacer battle-history"><br></div><div class="battle-history">Flygon went back to Xidias!<br></div><div class="battle-history">Go! <strong>Jellicent</strong>!<br></div><div class="spacer battle-history"><br></div><div class="battle-history"><small>Jellicent restored a little HP using its Leftovers!</small><br></div><div class="spacer battle-history"><br></div><h2 class="battle-history">Turn 14</h2><div class="spacer battle-history"><br></div><div class="battle-history">The opposing Dead used <strong>Crunch</strong>!<br></div><div class="battle-history"><small>It's super effective!</small><br></div><div class="battle-history"><small>(Jellicent lost <abbr title="−156/403">38.7%</abbr> of its health!)</small><br></div><div class="battle-history"><small>Jellicent's Defense fell!</small><br></div><div class="spacer battle-history"><br></div><div class="battle-history">Jellicent used <strong>Scald</strong>!<br></div><div class="battle-history"><small>It's super effective!</small><br></div><div class="battle-history"><small>(The opposing Dead lost <abbr title="−212/302">70.2%</abbr> of its health!)</small><br></div><div class="spacer battle-history"><br></div><div class="battle-history"><small>Jellicent restored a little HP using its Leftovers!</small><br></div><div class="spacer battle-history"><br></div><h2 class="battle-history">Turn 15</h2><div class="spacer battle-history"><br></div><div class="battle-history">Jellicent, come back!<br></div><div class="battle-history">Go! <strong>Audino</strong>!<br></div><div class="spacer battle-history"><br></div><div class="battle-history">The opposing Dead used <strong>Crunch</strong>!<br></div><div class="battle-history"><small>(Audino lost <abbr title="−95/410">23.2%</abbr> of its health!)</small><br></div><div class="spacer battle-history"><br></div><div class="battle-history"><small>Audino restored a little HP using its Leftovers!</small><br></div><div class="spacer battle-history"><br></div><h2 class="battle-history">Turn 16</h2><div class="spacer battle-history"><br></div><div class="battle-history">The opposing Dead used <strong>Crunch</strong>!<br></div><div class="battle-history"><small>(Audino lost <abbr title="−93/410">22.7%</abbr> of its health!)</small><br></div><div class="spacer battle-history"><br></div><div class="battle-history">Audino used <strong>Wish</strong>!<br></div><div class="spacer battle-history"><br></div><div class="battle-history"><small>Audino restored a little HP using its Leftovers!</small><br></div><div class="spacer battle-history"><br></div><h2 class="battle-history">Turn 17</h2><div class="spacer battle-history"><br></div><div class="battle-history">Audino, come back!<br></div><div class="battle-history">Go! <strong>Jellicent</strong>!<br></div><div class="spacer battle-history"><br></div><div class="battle-history">The opposing Dead used <strong>Crunch</strong>!<br></div><div class="battle-history"><small>It's super effective!</small><br></div><div class="battle-history"><small>(Jellicent lost <abbr title="−146/403">36.2%</abbr> of its health!)</small><br></div><div class="spacer battle-history"><br></div><div class="battle-history"><small>Audino's wish came true!</small><br></div><div class="battle-history"><small>Jellicent restored a little HP using its Leftovers!</small><br></div><div class="spacer battle-history"><br></div><h2 class="battle-history">Turn 18</h2><div class="spacer battle-history"><br></div><div class="battle-history">The opposing Dead used <strong>Crunch</strong>!<br></div><div class="battle-history"><small>It's super effective!</small><br></div><div class="battle-history"><small>(Jellicent lost <abbr title="−160/403">39.7%</abbr> of its health!)</small><br></div><div class="battle-history"><small>Jellicent's Defense fell!</small><br></div><div class="spacer battle-history"><br></div><div class="battle-history">Jellicent used <strong>Scald</strong>!<br></div><div class="battle-history"><small>It's super effective!</small><br></div><div class="battle-history"><small>(The opposing Dead lost <abbr title="−42/302">13.9%</abbr> of its health!)</small><br></div><div class="spacer battle-history"><br></div><div class="battle-history">The opposing Dead fainted!<br></div><div class="spacer battle-history"><br></div><div class="battle-history"><small>Jellicent restored a little HP using its Leftovers!</small><br></div><div class="spacer battle-history"><br></div><div class="battle-history">Nerdymincino sent out Jack (<strong>Leafeon</strong>)!<br></div><div class="battle-history"><small>The opposing Jack is hurt by the spikes!</small><br></div><div class="spacer battle-history"><br></div><h2 class="battle-history">Turn 19</h2><div class="spacer battle-history"><br></div><div class="battle-history">Jellicent, come back!<br></div><div class="battle-history">Go! <strong>Audino</strong>!<br></div><div class="spacer battle-history"><br></div><div class="battle-history">The opposing Jack used <strong>Razor Leaf</strong>!<br></div><div class="battle-history"><small>(Audino lost <abbr title="−73/410">17.8%</abbr> of its health!)</small><br></div><div class="spacer battle-history"><br></div><div class="battle-history"><small>The opposing Jack restored a little HP using its Leftovers!</small><br></div><div class="battle-history"><small>Audino restored a little HP using its Leftovers!</small><br></div><div class="spacer battle-history"><br></div><h2 class="battle-history">Turn 20</h2><div class="spacer battle-history"><br></div><div class="battle-history">The opposing Jack used <strong>Razor Leaf</strong>!<br></div><div class="battle-history"><small>(Audino lost <abbr title="−85/410">20.7%</abbr> of its health!)</small><br></div><div class="spacer battle-history"><br></div><div class="battle-history">Audino used <strong>Wish</strong>!<br></div><div class="spacer battle-history"><br></div><div class="battle-history"><small>The opposing Jack restored a little HP using its Leftovers!</small><br></div><div class="battle-history"><small>Audino restored a little HP using its Leftovers!</small><br></div><div class="spacer battle-history"><br></div><h2 class="battle-history">Turn 21</h2><div class="spacer battle-history"><br></div><div class="battle-history">Audino, come back!<br></div><div class="battle-history">Go! <strong>Flygon</strong>!<br></div><div class="spacer battle-history"><br></div><div class="battle-history">The opposing Jack used <strong>Razor Leaf</strong>!<br></div><div class="battle-history"><small>(Flygon lost <abbr title="−78/329">23.7%</abbr> of its health!)</small><br></div><div class="spacer battle-history"><br></div><div class="battle-history"><small>Audino's wish came true!</small><br></div><div class="battle-history"><small>Flygon restored a little HP using its Leftovers!</small><br></div><div class="battle-history"><small>The opposing Jack restored a little HP using its Leftovers!</small><br></div><div class="spacer battle-history"><br></div><h2 class="battle-history">Turn 22</h2><div class="spacer battle-history"><br></div><div class="battle-history">Flygon used <strong>U-turn</strong>!<br></div><div class="battle-history"><small>It's super effective!</small><br></div><div class="battle-history"><small>(The opposing Jack lost <abbr title="−78/271">28.8%</abbr> of its health!)</small><br></div><div class="spacer battle-history"><br></div><div class="battle-history">Flygon went back to Xidias!<br></div><div class="battle-history">Go! <strong>Audino</strong>!<br></div><div class="spacer battle-history"><br></div><div class="battle-history">The opposing Jack used <strong>Leaf Blade</strong>!<br></div><div class="battle-history"><small>(Audino lost <abbr title="−126/410">30.7%</abbr> of its health!)</small><br></div><div class="spacer battle-history"><br></div><div class="battle-history"><small>The opposing Jack restored a little HP using its Leftovers!</small><br></div><div class="battle-history"><small>Audino restored a little HP using its Leftovers!</small><br></div><div class="spacer battle-history"><br></div><h2 class="battle-history">Turn 23</h2><div class="spacer battle-history"><br></div><div class="battle-history">The opposing Jack used <strong>Leaf Blade</strong>!<br></div><div class="battle-history"><small>(Audino lost <abbr title="−121/410">29.5%</abbr> of its health!)</small><br></div><div class="spacer battle-history"><br></div><div class="battle-history">Audino used <strong>Knock Off</strong>!<br></div><div class="battle-history"><small>(The opposing Jack lost <abbr title="−32/271">11.8%</abbr> of its health!)</small><br></div><div class="battle-history"><small>Audino knocked off the opposing Jack's Leftovers!</small><br></div><div class="spacer battle-history"><br></div><div class="battle-history"><small>Audino restored a little HP using its Leftovers!</small><br></div><div class="spacer battle-history"><br></div><h2 class="battle-history">Turn 24</h2><div class="spacer battle-history"><br></div><div class="battle-history">Audino used <strong>Protect</strong>!<br></div><div class="battle-history"><small>Audino protected itself!</small><br></div><div class="spacer battle-history"><br></div><div class="battle-history">The opposing Jack used <strong>Leaf Blade</strong>!<br></div><div class="battle-history"><small>Audino protected itself!</small><br></div><div class="spacer battle-history"><br></div><div class="battle-history"><small>Audino restored a little HP using its Leftovers!</small><br></div><div class="spacer battle-history"><br></div><h2 class="battle-history">Turn 25</h2><div class="spacer battle-history"><br></div><div class="battle-history">The opposing Jack used <strong>Leaf Blade</strong>!<br></div><div class="battle-history"><small>A critical hit!</small><br></div><div class="battle-history"><small>(Audino lost <abbr title="−189/410">46.1%</abbr> of its health!)</small><br></div><div class="spacer battle-history"><br></div><div class="battle-history">Audino used <strong>Wish</strong>!<br></div><div class="spacer battle-history"><br></div><div class="battle-history"><small>Audino restored a little HP using its Leftovers!</small><br></div><div class="spacer battle-history"><br></div><h2 class="battle-history">Turn 26</h2><div class="spacer battle-history"><br></div><div class="battle-history">Audino, come back!<br></div><div class="battle-history">Go! <strong>Flygon</strong>!<br></div><div class="spacer battle-history"><br></div><div class="battle-history">The opposing Jack used <strong>Leaf Blade</strong>!<br></div><div class="battle-history"><small>(Flygon lost <abbr title="−136/329">41.3%</abbr> of its health!)</small><br></div><div class="spacer battle-history"><br></div><div class="battle-history"><small>Audino's wish came true!</small><br></div><div class="spacer battle-history"><br></div><h2 class="battle-history">Turn 27</h2><div class="spacer battle-history"><br></div><div class="battle-history">Flygon used <strong>Earthquake</strong>!<br></div><div class="battle-history"><small>It's not very effective...</small><br></div><div class="battle-history"><small>(The opposing Jack lost <abbr title="−48/271">17.7%</abbr> of its health!)</small><br></div><div class="spacer battle-history"><br></div><div class="battle-history">The opposing Jack used <strong>Leaf Blade</strong>!<br></div><div class="battle-history"><small>(Flygon lost <abbr title="−141/329">42.9%</abbr> of its health!)</small><br></div><div class="spacer battle-history"><br></div><div class="battle-history"><small>Flygon restored a little HP using its Leftovers!</small><br></div><div class="spacer battle-history"><br></div><h2 class="battle-history">Turn 28</h2><div class="spacer battle-history"><br></div><div class="battle-history">Flygon used <strong>Roost</strong>!<br></div><div class="battle-history"><small>Flygon restored its HP.</small><br></div><div class="spacer battle-history"><br></div><div class="battle-history">The opposing Jack used <strong>Leaf Blade</strong>!<br></div><div class="battle-history"><small>A critical hit!</small><br></div><div class="battle-history"><small>(Flygon lost <abbr title="−198/329">60.2%</abbr> of its health!)</small><br></div><div class="spacer battle-history"><br></div><div class="battle-history"><small>Flygon restored a little HP using its Leftovers!</small><br></div><div class="spacer battle-history"><br></div><h2 class="battle-history">Turn 29</h2><div class="spacer battle-history"><br></div><div class="battle-history">Flygon used <strong>U-turn</strong>!<br></div><div class="battle-history"><small>It's super effective!</small><br></div><div class="battle-history"><small>(The opposing Jack lost <abbr title="−88/271">32.5%</abbr> of its health!)</small><br></div><div class="spacer battle-history"><br></div><div class="battle-history">Flygon went back to Xidias!<br></div><div class="battle-history">Go! <strong>Audino</strong>!<br></div><div class="spacer battle-history"><br></div><div class="battle-history">The opposing Jack used <strong>Leaf Blade</strong>!<br></div><div class="battle-history"><small>(Audino lost <abbr title="−121/410">29.5%</abbr> of its health!)</small><br></div><div class="spacer battle-history"><br></div><div class="battle-history"><small>Audino restored a little HP using its Leftovers!</small><br></div><div class="spacer battle-history"><br></div><h2 class="battle-history">Turn 30</h2><div class="spacer battle-history"><br></div><div class="battle-history">Audino used <strong>Protect</strong>!<br></div><div class="battle-history"><small>Audino protected itself!</small><br></div><div class="spacer battle-history"><br></div><div class="battle-history">The opposing Jack used <strong>Leaf Blade</strong>!<br></div><div class="battle-history"><small>Audino protected itself!</small><br></div><div class="spacer battle-history"><br></div><div class="battle-history"><small>Audino restored a little HP using its Leftovers!</small><br></div><div class="spacer battle-history"><br></div><h2 class="battle-history">Turn 31</h2><div class="spacer battle-history"><br></div><div class="battle-history">Audino used <strong>Protect</strong>!<br></div><div class="battle-history"><small>But it failed!</small><br></div><div class="spacer battle-history"><br></div><div class="battle-history">The opposing Jack used <strong>Leaf Blade</strong>!<br></div><div class="battle-history"><small>(Audino lost <abbr title="−136/410">33.2%</abbr> of its health!)</small><br></div><div class="spacer battle-history"><br></div><div class="battle-history"><small>Audino restored a little HP using its Leftovers!</small><br></div><div class="spacer battle-history"><br></div><h2 class="battle-history">Turn 32</h2><div class="spacer battle-history"><br></div><div class="battle-history">The opposing Jack used <strong>Leaf Blade</strong>!<br></div><div class="battle-history"><small>(Audino lost <abbr title="−28/410">6.8%</abbr> of its health!)</small><br></div><div class="spacer battle-history"><br></div><div class="battle-history">Audino fainted!<br></div><div class="spacer battle-history"><br></div><div class="battle-history">Go! <strong>Flygon</strong>!<br></div><div class="spacer battle-history"><br></div><h2 class="battle-history">Turn 33</h2><div class="spacer battle-history"><br></div><div class="battle-history">Flygon used <strong>U-turn</strong>!<br></div><div class="battle-history"><small>It's super effective!</small><br></div><div class="battle-history"><small>(The opposing Jack lost <abbr title="−41/271">15.1%</abbr> of its health!)</small><br></div><div class="spacer battle-history"><br></div><div class="battle-history">The opposing Jack fainted!<br></div><div class="spacer battle-history"><br></div><div class="battle-history">Flygon went back to Xidias!<br></div><div class="battle-history">Go! <strong>Jellicent</strong>!<br></div><div class="spacer battle-history"><br></div><div class="battle-history"><small>Jellicent restored a little HP using its Leftovers!</small><br></div><div class="spacer battle-history"><br></div><div class="battle-history">Nerdymincino sent out Four Eyes (<strong>Flygon</strong>)!<br></div><div class="spacer battle-history"><br></div><h2 class="battle-history">Turn 34</h2><div class="spacer battle-history"><br></div><div class="battle-history">Nerdymincino withdrew Four Eyes!<br></div><div class="battle-history">Nerdymincino sent out Knight (<strong>Accelgor</strong>)!<br></div><div class="battle-history"><small>The opposing Knight is hurt by the spikes!</small><br></div><div class="spacer battle-history"><br></div><div class="battle-history">Jellicent used <strong>Will-O-Wisp</strong>!<br></div><div class="battle-history"><small>The opposing Knight was burned!</small><br></div><div class="battle-history"><small>The opposing Knight ate its Lum Berry!</small><br></div><div class="battle-history"><small>The opposing Knight's burn was healed.</small><br></div><div class="spacer battle-history"><br></div><div class="battle-history"><small>Jellicent restored a little HP using its Leftovers!</small><br></div><div class="spacer battle-history"><br></div><h2 class="battle-history">Turn 35</h2><div class="spacer battle-history"><br></div><div class="battle-history">The opposing Knight used <strong>Protect</strong>!<br></div><div class="battle-history"><small>The opposing Knight protected itself!</small><br></div><div class="spacer battle-history"><br></div><div class="battle-history">Jellicent used <strong>Taunt</strong>!<br></div><div class="battle-history"><small>The opposing Knight protected itself!</small><br></div><div class="spacer battle-history"><br></div><div class="battle-history"><small>Jellicent restored a little HP using its Leftovers!</small><br></div><div class="spacer battle-history"><br></div><h2 class="battle-history">Turn 36</h2><div class="spacer battle-history"><br></div><div class="battle-history">The opposing Knight used <strong>Final Gambit</strong>!<br></div><div class="battle-history"><small>It doesn't affect Jellicent...</small><br></div><div class="spacer battle-history"><br></div><div class="battle-history">Jellicent used <strong>Taunt</strong>!<br></div><div class="battle-history"><small>The opposing Knight fell for the taunt!</small><br></div><div class="spacer battle-history"><br></div><div class="battle-history"><small>Jellicent restored a little HP using its Leftovers!</small><br></div><div class="spacer battle-history"><br></div><h2 class="battle-history">Turn 37</h2><div class="spacer battle-history"><br></div><div class="battle-history">The opposing Knight used <strong>Giga Drain</strong>!<br></div><div class="battle-history"><small>It's super effective!</small><br></div><div class="battle-history"><small>(Jellicent lost <abbr title="−110/403">27.3%</abbr> of its health!)</small><br></div><div class="battle-history"><small>Jellicent had its energy drained!</small><br></div><div class="spacer battle-history"><br></div><div class="battle-history">Jellicent used <strong>Scald</strong>!<br></div><div class="battle-history"><small>(The opposing Knight lost <abbr title="−118/364">32.4%</abbr> of its health!)</small><br></div><div class="spacer battle-history"><br></div><div class="battle-history"><small>Jellicent restored a little HP using its Leftovers!</small><br></div><div class="spacer battle-history"><br></div><h2 class="battle-history">Turn 38</h2><div class="spacer battle-history"><br></div><div class="battle-history">Jellicent, come back!<br></div><div class="battle-history">Go! <strong>Flygon</strong>!<br></div><div class="spacer battle-history"><br></div><div class="battle-history">The opposing Knight used <strong>Giga Drain</strong>!<br></div><div class="battle-history"><small>(Flygon lost <abbr title="−77/329">23.4%</abbr> of its health!)</small><br></div><div class="battle-history"><small>Flygon had its energy drained!</small><br></div><div class="spacer battle-history"><br></div><div class="battle-history"><small>Flygon restored a little HP using its Leftovers!</small><br></div><div class="spacer battle-history"><br></div><h2 class="battle-history">Turn 39</h2><div class="spacer battle-history"><br></div><div class="battle-history">Flygon, come back!<br></div><div class="battle-history">Go! <strong>Jellicent</strong>!<br></div><div class="spacer battle-history"><br></div><div class="battle-history">The opposing Knight used <strong>Giga Drain</strong>!<br></div><div class="battle-history"><small>It's super effective!</small><br></div><div class="battle-history"><small>(Jellicent lost <abbr title="−106/403">26.3%</abbr> of its health!)</small><br></div><div class="battle-history"><small>Jellicent had its energy drained!</small><br></div><div class="spacer battle-history"><br></div><div class="battle-history"><small>Jellicent restored a little HP using its Leftovers!</small><br></div><div class="battle-history"><small>The opposing Knight's taunt wore off!</small><br></div><div class="spacer battle-history"><br></div><h2 class="battle-history">Turn 40</h2><div class="spacer battle-history"><br></div><div class="battle-history">The opposing Knight used <strong>Giga Drain</strong>!<br></div><div class="battle-history"><small>It's super effective!</small><br></div><div class="battle-history"><small>(Jellicent lost <abbr title="−120/403">29.8%</abbr> of its health!)</small><br></div><div class="battle-history"><small>Jellicent had its energy drained!</small><br></div><div class="spacer battle-history"><br></div><div class="battle-history">Jellicent used <strong>Recover</strong>!<br></div><div class="battle-history"><small>Jellicent restored its HP.</small><br></div><div class="spacer battle-history"><br></div><div class="battle-history"><small>Jellicent restored a little HP using its Leftovers!</small><br></div><div class="spacer battle-history"><br></div><h2 class="battle-history">Turn 41</h2><div class="spacer battle-history"><br></div><div class="battle-history">The opposing Knight used <strong>Giga Drain</strong>!<br></div><div class="battle-history"><small>It's super effective!</small><br></div><div class="battle-history"><small>(Jellicent lost <abbr title="−110/403">27.3%</abbr> of its health!)</small><br></div><div class="spacer battle-history"><br></div><div class="battle-history">Jellicent used <strong>Recover</strong>!<br></div><div class="battle-history"><small>Jellicent restored its HP.</small><br></div><div class="spacer battle-history"><br></div><div class="battle-history"><small>Jellicent restored a little HP using its Leftovers!</small><br></div><div class="spacer battle-history"><br></div><h2 class="battle-history">Turn 42</h2><div class="spacer battle-history"><br></div><div class="battle-history">The opposing Knight used <strong>Giga Drain</strong>!<br></div><div class="battle-history"><small>It's super effective!</small><br></div><div class="battle-history"><small>(Jellicent lost <abbr title="−110/403">27.3%</abbr> of its health!)</small><br></div><div class="spacer battle-history"><br></div><div class="battle-history">Jellicent used <strong>Scald</strong>!<br></div><div class="battle-history"><small>(The opposing Knight lost <abbr title="−133/364">36.5%</abbr> of its health!)</small><br></div><div class="spacer battle-history"><br></div><div class="battle-history"><small>Jellicent restored a little HP using its Leftovers!</small><br></div><div class="spacer battle-history"><br></div><h2 class="battle-history">Turn 43</h2><div class="spacer battle-history"><br></div><div class="battle-history">The opposing Knight used <strong>Giga Drain</strong>!<br></div><div class="battle-history"><small>It's super effective!</small><br></div><div class="battle-history"><small>(Jellicent lost <abbr title="−116/403">28.8%</abbr> of its health!)</small><br></div><div class="battle-history"><small>Jellicent had its energy drained!</small><br></div><div class="spacer battle-history"><br></div><div class="battle-history">Jellicent used <strong>Scald</strong>!<br></div><div class="battle-history"><small>(The opposing Knight lost <abbr title="−121/364">33.2%</abbr> of its health!)</small><br></div><div class="spacer battle-history"><br></div><div class="battle-history"><small>Jellicent restored a little HP using its Leftovers!</small><br></div><div class="spacer battle-history"><br></div><h2 class="battle-history">Turn 44</h2><div class="spacer battle-history"><br></div><div class="battle-history">The opposing Knight used <strong>Giga Drain</strong>!<br></div><div class="battle-history"><small>It's super effective!</small><br></div><div class="battle-history"><small>(Jellicent lost <abbr title="−114/403">28.3%</abbr> of its health!)</small><br></div><div class="battle-history"><small>Jellicent had its energy drained!</small><br></div><div class="spacer battle-history"><br></div><div class="battle-history">Jellicent used <strong>Recover</strong>!<br></div><div class="battle-history"><small>Jellicent restored its HP.</small><br></div><div class="spacer battle-history"><br></div><div class="battle-history"><small>Jellicent restored a little HP using its Leftovers!</small><br></div><div class="spacer battle-history"><br></div><h2 class="battle-history">Turn 45</h2><div class="spacer battle-history"><br></div><div class="battle-history">The opposing Knight used <strong>Giga Drain</strong>!<br></div><div class="battle-history"><small>It's super effective!</small><br></div><div class="battle-history"><small>(Jellicent lost <abbr title="−110/403">27.3%</abbr> of its health!)</small><br></div><div class="battle-history"><small>Jellicent had its energy drained!</small><br></div><div class="spacer battle-history"><br></div><div class="battle-history">Jellicent used <strong>Scald</strong>!<br></div><div class="battle-history"><small>(The opposing Knight lost <abbr title="−121/364">33.2%</abbr> of its health!)</small><br></div><div class="spacer battle-history"><br></div><div class="battle-history"><small>Jellicent restored a little HP using its Leftovers!</small><br></div><div class="spacer battle-history"><br></div><h2 class="battle-history">Turn 46</h2><div class="spacer battle-history"><br></div><div class="battle-history">The opposing Knight used <strong>Giga Drain</strong>!<br></div><div class="battle-history"><small>It's super effective!</small><br></div><div class="battle-history"><small>(Jellicent lost <abbr title="−118/403">29.3%</abbr> of its health!)</small><br></div><div class="battle-history"><small>Jellicent had its energy drained!</small><br></div><div class="spacer battle-history"><br></div><div class="battle-history">Jellicent used <strong>Scald</strong>!<br></div><div class="battle-history"><small>(The opposing Knight lost <abbr title="−123/364">33.8%</abbr> of its health!)</small><br></div><div class="spacer battle-history"><br></div><div class="battle-history"><small>Jellicent restored a little HP using its Leftovers!</small><br></div><div class="spacer battle-history"><br></div><h2 class="battle-history">Turn 47</h2><div class="spacer battle-history"><br></div><div class="battle-history">The opposing Knight used <strong>Giga Drain</strong>!<br></div><div class="battle-history"><small>It's super effective!</small><br></div><div class="battle-history"><small>(Jellicent lost <abbr title="−102/403">25.3%</abbr> of its health!)</small><br></div><div class="battle-history"><small>Jellicent had its energy drained!</small><br></div><div class="spacer battle-history"><br></div><div class="battle-history">Jellicent used <strong>Recover</strong>!<br></div><div class="battle-history"><small>Jellicent restored its HP.</small><br></div><div class="spacer battle-history"><br></div><div class="battle-history"><small>Jellicent restored a little HP using its Leftovers!</small><br></div><div class="spacer battle-history"><br></div><h2 class="battle-history">Turn 48</h2><div class="spacer battle-history"><br></div><div class="battle-history">The opposing Knight used <strong>Giga Drain</strong>!<br></div><div class="battle-history"><small>It's super effective!</small><br></div><div class="battle-history"><small>(Jellicent lost <abbr title="−110/403">27.3%</abbr> of its health!)</small><br></div><div class="battle-history"><small>Jellicent had its energy drained!</small><br></div><div class="spacer battle-history"><br></div><div class="battle-history">Jellicent used <strong>Scald</strong>!<br></div><div class="battle-history"><small>(The opposing Knight lost <abbr title="−132/364">36.3%</abbr> of its health!)</small><br></div><div class="spacer battle-history"><br></div><div class="battle-history"><small>Jellicent restored a little HP using its Leftovers!</small><br></div><div class="spacer battle-history"><br></div><h2 class="battle-history">Turn 49</h2><div class="spacer battle-history"><br></div><div class="battle-history">The opposing Knight used <strong>Giga Drain</strong>!<br></div><div class="battle-history"><small>It's super effective!</small><br></div><div class="battle-history"><small>(Jellicent lost <abbr title="−116/403">28.8%</abbr> of its health!)</small><br></div><div class="battle-history"><small>Jellicent had its energy drained!</small><br></div><div class="spacer battle-history"><br></div><div class="battle-history">Jellicent used <strong>Recover</strong>!<br></div><div class="battle-history"><small>Jellicent restored its HP.</small><br></div><div class="spacer battle-history"><br></div><div class="battle-history"><small>Jellicent restored a little HP using its Leftovers!</small><br></div><div class="spacer battle-history"><br></div><h2 class="battle-history">Turn 50</h2><div class="spacer battle-history"><br></div><div class="battle-history">The opposing Knight used <strong>Giga Drain</strong>!<br></div><div class="battle-history"><small>It's super effective!</small><br></div><div class="battle-history"><small>(Jellicent lost <abbr title="−104/403">25.8%</abbr> of its health!)</small><br></div><div class="battle-history"><small>Jellicent had its energy drained!</small><br></div><div class="spacer battle-history"><br></div><div class="battle-history">Jellicent used <strong>Scald</strong>!<br></div><div class="battle-history"><small>(The opposing Knight lost <abbr title="−118/364">32.4%</abbr> of its health!)</small><br></div><div class="battle-history"><small>The opposing Knight was burned!</small><br></div><div class="spacer battle-history"><br></div><div class="battle-history"><small>Jellicent restored a little HP using its Leftovers!</small><br></div><div class="battle-history"><small>The opposing Knight was hurt by its burn!</small><br></div><div class="spacer battle-history"><br></div><h2 class="battle-history">Turn 51</h2><div class="spacer battle-history"><br></div><div class="battle-history">The opposing Knight used <strong>Giga Drain</strong>!<br></div><div class="battle-history"><small>It's super effective!</small><br></div><div class="battle-history"><small>(Jellicent lost <abbr title="−102/403">25.3%</abbr> of its health!)</small><br></div><div class="battle-history"><small>Jellicent had its energy drained!</small><br></div><div class="spacer battle-history"><br></div><div class="battle-history">Jellicent used <strong>Recover</strong>!<br></div><div class="battle-history"><small>Jellicent restored its HP.</small><br></div><div class="spacer battle-history"><br></div><div class="battle-history"><small>Jellicent restored a little HP using its Leftovers!</small><br></div><div class="battle-history"><small>The opposing Knight was hurt by its burn!</small><br></div><div class="spacer battle-history"><br></div><h2 class="battle-history">Turn 52</h2><div class="spacer battle-history"><br></div><div class="battle-history">The opposing Knight used <strong>Giga Drain</strong>!<br></div><div class="battle-history"><small>It's super effective!</small><br></div><div class="battle-history"><small>(Jellicent lost <abbr title="−102/403">25.3%</abbr> of its health!)</small><br></div><div class="battle-history"><small>Jellicent had its energy drained!</small><br></div><div class="spacer battle-history"><br></div><div class="battle-history">Jellicent used <strong>Scald</strong>!<br></div><div class="battle-history"><small>(The opposing Knight lost <abbr title="−73/364">20.1%</abbr> of its health!)</small><br></div><div class="spacer battle-history"><br></div><div class="battle-history">The opposing Knight fainted!<br></div><div class="spacer battle-history"><br></div><div class="battle-history"><small>Jellicent restored a little HP using its Leftovers!</small><br></div><div class="spacer battle-history"><br></div><div class="battle-history">Nerdymincino sent out I got two tails (<strong>Ambipom</strong>)!<br></div><div class="battle-history"><small>The opposing I got two tails is hurt by the spikes!</small><br></div><div class="spacer battle-history"><br></div><h2 class="battle-history">Turn 53</h2><div class="spacer battle-history"><br></div><div class="battle-history">Nerdymincino withdrew I got two tails!<br></div><div class="battle-history">Nerdymincino sent out Four Eyes (<strong>Flygon</strong>)!<br></div><div class="spacer battle-history"><br></div><div class="battle-history">Jellicent used <strong>Recover</strong>!<br></div><div class="battle-history"><small>Jellicent restored its HP.</small><br></div><div class="spacer battle-history"><br></div><h2 class="battle-history">Turn 54</h2><div class="spacer battle-history"><br></div><div class="battle-history">The opposing Four Eyes used <strong>Dragon Rush</strong>!<br></div><div class="battle-history"><small>Jellicent avoided the attack!</small><br></div><div class="spacer battle-history"><br></div><div class="battle-history">Jellicent used <strong>Will-O-Wisp</strong>!<br></div><div class="battle-history"><small>The opposing Four Eyes was burned!</small><br></div><div class="spacer battle-history"><br></div><div class="battle-history"><small>The opposing Four Eyes was hurt by its burn!</small><br></div><div class="spacer battle-history"><br></div><h2 class="battle-history">Turn 55</h2><div class="spacer battle-history"><br></div><div class="battle-history">The opposing Four Eyes used <strong>Dragon Rush</strong>!<br></div><div class="battle-history"><small>(Jellicent lost <abbr title="−74/403">18.4%</abbr> of its health!)</small><br></div><div class="spacer battle-history"><br></div><div class="battle-history">Jellicent used <strong>Scald</strong>!<br></div><div class="battle-history"><small>(The opposing Four Eyes lost <abbr title="−108/302">35.8%</abbr> of its health!)</small><br></div><div class="spacer battle-history"><br></div><div class="battle-history"><small>Jellicent restored a little HP using its Leftovers!</small><br></div><div class="battle-history"><small>The opposing Four Eyes was hurt by its burn!</small><br></div><div class="spacer battle-history"><br></div><div class="battle-history"><small>The opposing Four Eyes ate its Sitrus Berry!</small><br></div><div class="battle-history"><small>The opposing Four Eyes restored HP using its Sitrus Berry!</small><br></div><div class="spacer battle-history"><br></div><h2 class="battle-history">Turn 56</h2><div class="spacer battle-history"><br></div><div class="battle-history"><small>Nerdymincino forfeited.</small><br></div><div class="spacer battle-history"><br></div><div class="battle-history"><strong>Xidias</strong> won the battle!<br></div><div class="chat"><small>Nerdymincino left.</small></div></div><div class="inner-preempt"></div></div></div>
</div>
<script>
let daily = Math.floor(Date.now()/1000/60/60/24);document.write('<script src="https://play.pokemonshowdown.com/js/replay-embed.js?version'+daily+'"></'+'script>');
</script>
