<!DOCTYPE html>
<meta charset="utf-8" />
<!-- version 1 -->
<title>RU replay: improbable vs. HOT SXY AVAILABLE</title>
<style>
html,body {font-family:Verdana, sans-serif;font-size:10pt;margin:0;padding:0;}body{padding:12px 0;} .battle-log {font-family:Verdana, sans-serif;font-size:10pt;} .battle-log-inline {border:1px solid #AAAAAA;background:#EEF2F5;color:black;max-width:640px;margin:0 auto 80px;padding-bottom:5px;} .battle-log .inner {padding:4px 8px 0px 8px;} .battle-log .inner-preempt {padding:0 8px 4px 8px;} .battle-log .inner-after {margin-top:0.5em;} .battle-log h2 {margin:0.5em -8px;padding:4px 8px;border:1px solid #AAAAAA;background:#E0E7EA;border-left:0;border-right:0;font-family:Verdana, sans-serif;font-size:13pt;} .battle-log .chat {vertical-align:middle;padding:3px 0 3px 0;font-size:8pt;} .battle-log .chat strong {color:#40576A;} .battle-log .chat em {padding:1px 4px 1px 3px;color:#000000;font-style:normal;} .chat.mine {background:rgba(0,0,0,0.05);margin-left:-8px;margin-right:-8px;padding-left:8px;padding-right:8px;} .spoiler {color:#BBBBBB;background:#BBBBBB;padding:0px 3px;} .spoiler:hover, .spoiler:active, .spoiler-shown {color:#000000;background:#E2E2E2;padding:0px 3px;} .spoiler a {color:#BBBBBB;} .spoiler:hover a, .spoiler:active a, .spoiler-shown a {color:#2288CC;} .chat code, .chat .spoiler:hover code, .chat .spoiler:active code, .chat .spoiler-shown code {border:1px solid #C0C0C0;background:#EEEEEE;color:black;padding:0 2px;} .chat .spoiler code {border:1px solid #CCCCCC;background:#CCCCCC;color:#CCCCCC;} .battle-log .rated {padding:3px 4px;} .battle-log .rated strong {color:white;background:#89A;padding:1px 4px;border-radius:4px;} .spacer {margin-top:0.5em;} .message-announce {background:#6688AA;color:white;padding:1px 4px 2px;} .message-announce a, .broadcast-green a, .broadcast-blue a, .broadcast-red a {color:#DDEEFF;} .broadcast-green {background-color:#559955;color:white;padding:2px 4px;} .broadcast-blue {background-color:#6688AA;color:white;padding:2px 4px;} .infobox {border:1px solid #6688AA;padding:2px 4px;} .infobox-limited {max-height:200px;overflow:auto;overflow-x:hidden;} .broadcast-red {background-color:#AA5544;color:white;padding:2px 4px;} .message-learn-canlearn {font-weight:bold;color:#228822;text-decoration:underline;} .message-learn-cannotlearn {font-weight:bold;color:#CC2222;text-decoration:underline;} .message-effect-weak {font-weight:bold;color:#CC2222;} .message-effect-resist {font-weight:bold;color:#6688AA;} .message-effect-immune {font-weight:bold;color:#666666;} .message-learn-list {margin-top:0;margin-bottom:0;} .message-throttle-notice, .message-error {color:#992222;} .message-overflow, .chat small.message-overflow {font-size:0pt;} .message-overflow::before {font-size:9pt;content:'...';} .subtle {color:#3A4A66;}
</style>
<div class="wrapper replay-wrapper" style="max-width:1180px;margin:0 auto">
<input type="hidden" name="replayid" value="smogtours-ru-221083" />
<div class="battle"></div><div class="battle-log"></div><div class="replay-controls"></div><div class="replay-controls-2"></div>
<h1 style="font-weight:normal;text-align:center"><strong>RU</strong><br /><a href="http://pokemonshowdown.com/users/improbable" class="subtle" target="_blank">improbable</a> vs. <a href="http://pokemonshowdown.com/users/hotsxyavailable" class="subtle" target="_blank">HOT SXY AVAILABLE</a></h1>
<script type="text/plain" class="battle-log-data">|J|improbable
|J|HOT SXY AVAILABLE
|player|p1|improbable|1
|player|p2|HOT SXY AVAILABLE|25
|gametype|singles
|gen|6
|tier|RU
|seed|58204,65500,34336,5105
|rule|Sleep Clause Mod: Limit one foe put to sleep
|rule|Species Clause: Limit one of each Pokémon
|rule|OHKO Clause: OHKO moves are banned
|rule|Moody Clause: Moody is banned
|rule|Evasion Moves Clause: Evasion moves are banned
|rule|Endless Battle Clause: Forcing endless battles is banned
|rule|HP Percentage Mod: HP is shown in percentages
|clearpoke
|poke|p1|Venusaur, F|item
|poke|p1|Diancie|item
|poke|p1|Blastoise, M|item
|poke|p1|Rhyperior, F|item
|poke|p1|Drapion, F|item
|poke|p1|Meloetta|item
|poke|p2|Emboar, F|item
|poke|p2|Uxie|item
|poke|p2|Scyther, M|item
|poke|p2|Blastoise, F|item
|poke|p2|Magneton|item
|poke|p2|Venusaur, M|item
|rule|Swagger Clause: Swagger is banned
|rule|Baton Pass Clause: Limit one Baton Passer, can't pass Spe and other stats simultaneously
|teampreview
|c|★HOT SXY AVAILABLE|eww
|c|★HOT SXY AVAILABLE|what kind of bullshit team
|c|★HOT SXY AVAILABLE|is that
|choice|team 2, team 1, team 3, team 4, team 5, team 6|team 2, team 1, team 3, team 4, team 5, team 6
|
|start
|switch|p1a: Diancie|Diancie|304\/304
|switch|p2a: Uxie|Uxie|354\/354
|turn|1
|choice|move stealthrock|move stealthrock
|
|move|p2a: Uxie|Stealth Rock|p1a: Diancie
|-sidestart|p1: improbable|move: Stealth Rock
|move|p1a: Diancie|Stealth Rock|p2a: Uxie
|-sidestart|p2: HOT SXY AVAILABLE|move: Stealth Rock
|
|turn|2
|choice|move diamondstorm|move yawn
|
|move|p2a: Uxie|Yawn|p1a: Diancie
|-start|p1a: Diancie|move: Yawn|[of] p2a: Uxie
|move|p1a: Diancie|Diamond Storm|p2a: Uxie
|-damage|p2a: Uxie|279\/354
|
|turn|3
|choice|switch 3|move uturn
|
|switch|p1a: Blastoise|Blastoise, M|362\/362
|-damage|p1a: Blastoise|317\/362|[from] Stealth Rock
|move|p2a: Uxie|U-turn|p1a: Blastoise
|-damage|p1a: Blastoise|287\/362
|c|★improbable|do it man
|choice||switch 6
|
|switch|p2a: Venusaur|Venusaur, M|301\/301
|-damage|p2a: Venusaur|264\/301|[from] Stealth Rock
|
|-heal|p1a: Blastoise|309\/362|[from] item: Leftovers
|turn|4
|c|★improbable|yea no..
|c|★HOT SXY AVAILABLE|?
|c|★HOT SXY AVAILABLE|where is your counter
|c|★HOT SXY AVAILABLE|lol
|choice|switch 2|move leafstorm
|
|switch|p1a: Venusaur|Venusaur, F|363\/363
|-damage|p1a: Venusaur|318\/363|[from] Stealth Rock
|move|p2a: Venusaur|Leaf Storm|p1a: Venusaur
|-resisted|p1a: Venusaur
|-damage|p1a: Venusaur|260\/363
|-unboost|p2a: Venusaur|spa|2
|-damage|p2a: Venusaur|234\/301|[from] item: Life Orb
|
|-heal|p1a: Venusaur|282\/363|[from] item: Black Sludge
|turn|5
|J|Flaress
|c|★improbable|right here
|c|★HOT SXY AVAILABLE|rofl
|c|★HOT SXY AVAILABLE|gay
|c|★improbable|i think that counts
|c|★improbable|as a counter
|choice|move leechseed|switch 5
|
|switch|p2a: Magneton|Magneton|241\/241
|-damage|p2a: Magneton|226\/241|[from] Stealth Rock
|move|p1a: Venusaur|Leech Seed|p2a: Magneton
|-start|p2a: Magneton|move: Leech Seed
|
|-heal|p1a: Venusaur|304\/363|[from] item: Black Sludge
|-damage|p2a: Magneton|196\/241|[from] Leech Seed|[of] p1a: Venusaur
|-heal|p1a: Venusaur|334\/363|[silent]
|turn|6
|choice|move sludgebomb|switch 5
|
|switch|p2a: Venusaur|Venusaur, M|234\/301
|-damage|p2a: Venusaur|197\/301|[from] Stealth Rock
|move|p1a: Venusaur|Sludge Bomb|p2a: Venusaur
|-damage|p2a: Venusaur|98\/301
|
|-heal|p1a: Venusaur|356\/363|[from] item: Black Sludge
|turn|7
|choice|move sludgebomb|move synthesis
|
|move|p2a: Venusaur|Synthesis|p2a: Venusaur
|-heal|p2a: Venusaur|248\/301
|move|p1a: Venusaur|Sludge Bomb|p2a: Venusaur
|-damage|p2a: Venusaur|145\/301
|
|-heal|p1a: Venusaur|363\/363|[from] item: Black Sludge
|turn|8
|choice|switch 6|move synthesis
|
|switch|p1a: Meloetta|Meloetta|341\/341
|-damage|p1a: Meloetta|299\/341|[from] Stealth Rock
|move|p2a: Venusaur|Synthesis|p2a: Venusaur
|-heal|p2a: Venusaur|295\/301
|
|turn|9
|c|★HOT SXY AVAILABLE|an interesting sequence
|choice|move calmmind|switch 6
|
|switch|p2a: Uxie|Uxie|279\/354
|-damage|p2a: Uxie|235\/354|[from] Stealth Rock
|move|p1a: Meloetta|Calm Mind|p1a: Meloetta
|-boost|p1a: Meloetta|spa|1
|-boost|p1a: Meloetta|spd|1
|
|turn|10
|c|★improbable|quite
|choice|move hypervoice|move yawn
|
|move|p1a: Meloetta|Hyper Voice|p2a: Uxie
|-damage|p2a: Uxie|0 fnt
|-damage|p1a: Meloetta|265\/341|[from] item: Life Orb
|faint|p2a: Uxie
|
|c|★HOT SXY AVAILABLE|o
|c|★HOT SXY AVAILABLE|God
|choice||switch 3
|
|switch|p2a: Scyther|Scyther, M|281\/281
|-damage|p2a: Scyther|141\/281|[from] Stealth Rock
|turn|11
|choice|switch 3|move uturn
|
|switch|p1a: Diancie|Diancie|304\/304
|-damage|p1a: Diancie|266\/304|[from] Stealth Rock
|move|p2a: Scyther|U-turn|p1a: Diancie
|-resisted|p1a: Diancie
|-damage|p1a: Diancie|229\/304
|c|★improbable|i think u need to spin soon
|c|★improbable|haha
|choice||switch 5
|
|switch|p2a: Magneton|Magneton|196\/241
|-damage|p2a: Magneton|181\/241|[from] Stealth Rock
|
|-heal|p1a: Diancie|248\/304|[from] item: Leftovers
|turn|12
|c|★HOT SXY AVAILABLE|probably
|c|★HOT SXY AVAILABLE|lol
|choice|switch 6|move flashcannon
|
|switch|p1a: Venusaur|Venusaur, F|363\/363
|-damage|p1a: Venusaur|318\/363|[from] Stealth Rock
|move|p2a: Magneton|Flash Cannon|p1a: Venusaur
|-damage|p1a: Venusaur|38\/363
|
|-heal|p1a: Venusaur|60\/363|[from] item: Black Sludge
|turn|13
|c|★improbable|lol
|c|★improbable|COOL
|c|★improbable|dmg
|choice|move sludgebomb|move flashcannon
|
|move|p2a: Magneton|Flash Cannon|p1a: Venusaur
|-damage|p1a: Venusaur|0 fnt
|faint|p1a: Venusaur
|
|choice|switch 2|
|
|switch|p1a: Blastoise|Blastoise, M|309\/362
|-damage|p1a: Blastoise|264\/362|[from] Stealth Rock
|turn|14
|c|★HOT SXY AVAILABLE|Cool xD
|choice|switch 3|switch 6
|
|switch|p2a: Venusaur|Venusaur, M|295\/301
|-damage|p2a: Venusaur|258\/301|[from] Stealth Rock
|switch|p1a: Meloetta|Meloetta|265\/341
|-damage|p1a: Meloetta|223\/341|[from] Stealth Rock
|
|turn|15
|c|★HOT SXY AVAILABLE|lol
|c|★HOT SXY AVAILABLE|i shuda stayed in
|c|★HOT SXY AVAILABLE|and punished ur ass.
|c|★improbable|i was expecting
|c|★improbable|blastoise
|choice|move psyshock|switch 2
|
|switch|p2a: Emboar|Emboar, F|374\/374
|-damage|p2a: Emboar|328\/374|[from] Stealth Rock
|move|p1a: Meloetta|Psyshock|p2a: Emboar
|-supereffective|p2a: Emboar
|-damage|p2a: Emboar|0 fnt
|-damage|p1a: Meloetta|189\/341|[from] item: Life Orb
|faint|p2a: Emboar
|
|L|Flaress
|c|★HOT SXY AVAILABLE|good bye
|c|★HOT SXY AVAILABLE|mr boar
|choice||switch 5
|
|switch|p2a: Scyther|Scyther, M|141\/281
|-damage|p2a: Scyther|1\/281|[from] Stealth Rock
|turn|16
|choice|switch 6|move uturn
|
|switch|p1a: Diancie|Diancie|248\/304
|-damage|p1a: Diancie|210\/304|[from] Stealth Rock
|move|p2a: Scyther|U-turn|p1a: Diancie
|-resisted|p1a: Diancie
|-damage|p1a: Diancie|170\/304
|c|★improbable|great
|choice||switch 6
|
|switch|p2a: Magneton|Magneton|181\/241
|-damage|p2a: Magneton|166\/241|[from] Stealth Rock
|
|-heal|p1a: Diancie|189\/304|[from] item: Leftovers
|turn|17
|choice|switch 4|move flashcannon
|
|switch|p1a: Rhyperior|Rhyperior, F|414\/414
|-damage|p1a: Rhyperior|389\/414|[from] Stealth Rock
|move|p2a: Magneton|Flash Cannon|p1a: Rhyperior
|-supereffective|p1a: Rhyperior
|-damage|p1a: Rhyperior|0 fnt
|faint|p1a: Rhyperior
|
|choice|switch 5|
|
|switch|p1a: Drapion|Drapion, F|281\/281
|-damage|p1a: Drapion|246\/281|[from] Stealth Rock
|turn|18
|c|★HOT SXY AVAILABLE|mr rhyperidog
|c|★improbable|was useless.
|choice|move pursuit|switch 4
|
|-activate|p2a: Magneton|move: Pursuit
|move|p1a: Drapion|Pursuit|p2a: Magneton|[from]Pursuit
|-damage|p2a: Magneton|51\/241
|switch|p2a: Blastoise|Blastoise, F|362\/362
|-damage|p2a: Blastoise|317\/362|[from] Stealth Rock
|
|-heal|p2a: Blastoise|339\/362|[from] item: Leftovers
|turn|19
|c|★HOT SXY AVAILABLE|lol
|c|★HOT SXY AVAILABLE|why
|c|★HOT SXY AVAILABLE|ahhh
|c|★HOT SXY AVAILABLE|cancer
|choice|switch 3|move scald
|
|switch|p1a: Blastoise|Blastoise, M|264\/362
|-damage|p1a: Blastoise|219\/362|[from] Stealth Rock
|move|p2a: Blastoise|Scald|p1a: Blastoise
|-resisted|p1a: Blastoise
|-damage|p1a: Blastoise|177\/362
|
|-heal|p2a: Blastoise|361\/362|[from] item: Leftovers
|-heal|p1a: Blastoise|199\/362|[from] item: Leftovers
|turn|20
|c|★improbable|man
|choice|move toxic|move toxic
|
|move|p2a: Blastoise|Toxic|p1a: Blastoise
|-status|p1a: Blastoise|tox
|move|p1a: Blastoise|Toxic|p2a: Blastoise
|-status|p2a: Blastoise|tox
|
|-heal|p2a: Blastoise|362\/362 tox|[from] item: Leftovers
|-heal|p1a: Blastoise|221\/362 tox|[from] item: Leftovers
|-damage|p2a: Blastoise|340\/362 tox|[from] psn
|-damage|p1a: Blastoise|199\/362 tox|[from] psn
|turn|21
|c|★HOT SXY AVAILABLE|xD
|c|★HOT SXY AVAILABLE|much interesting
|choice|move refresh|move rapidspin
|
|move|p2a: Blastoise|Rapid Spin|p1a: Blastoise
|-damage|p1a: Blastoise|190\/362 tox
|-sideend|p2: HOT SXY AVAILABLE|Stealth Rock|[from] move: Rapid Spin|[of] p2a: Blastoise
|move|p1a: Blastoise|Refresh|p1a: Blastoise
|-curestatus|p1a: Blastoise|tox|[msg]
|
|-heal|p2a: Blastoise|362\/362 tox|[from] item: Leftovers
|-heal|p1a: Blastoise|212\/362|[from] item: Leftovers
|-damage|p2a: Blastoise|318\/362 tox|[from] psn
|turn|22
|choice|move rapidspin|switch 4
|
|switch|p2a: Magneton|Magneton|51\/241
|move|p1a: Blastoise|Rapid Spin|p2a: Magneton
|-resisted|p2a: Magneton
|-damage|p2a: Magneton|46\/241
|-sideend|p1: improbable|Stealth Rock|[from] move: Rapid Spin|[of] p1a: Blastoise
|
|-heal|p1a: Blastoise|234\/362|[from] item: Leftovers
|turn|23
|choice|switch 4|move voltswitch
|
|switch|p1a: Diancie|Diancie|189\/304
|move|p2a: Magneton|Volt Switch|p1a: Diancie
|-damage|p1a: Diancie|44\/304
|c|★HOT SXY AVAILABLE|look at these
|c|★HOT SXY AVAILABLE|gutsy calls
|c|★HOT SXY AVAILABLE|from a true veteran
|c|★HOT SXY AVAILABLE|like me
|c|★improbable|ur not gonna win
|c|★improbable|tho
|choice||switch 2
|
|switch|p2a: Venusaur|Venusaur, M|258\/301
|
|-heal|p1a: Diancie|63\/304|[from] item: Leftovers
|turn|24
|c|★improbable|imo
|J|Finchinator
|choice|move stealthrock|move leafstorm
|
|move|p2a: Venusaur|Leaf Storm|p1a: Diancie
|-supereffective|p1a: Diancie
|-damage|p1a: Diancie|0 fnt
|-unboost|p2a: Venusaur|spa|2
|-damage|p2a: Venusaur|228\/301|[from] item: Life Orb
|faint|p1a: Diancie
|
|L|Finchinator
|choice|switch 6|
|
|switch|p1a: Meloetta|Meloetta|189\/341
|turn|25
|c|★HOT SXY AVAILABLE|probably not
|c|★HOT SXY AVAILABLE|tbh
|c|★improbable|well
|c|★improbable|perhaps
|choice|move psyshock|switch 2
|
|switch|p2a: Magneton|Magneton|46\/241
|move|p1a: Meloetta|Psyshock|p2a: Magneton
|-resisted|p2a: Magneton
|-crit|p2a: Magneton
|-damage|p2a: Magneton|0 fnt
|-damage|p1a: Meloetta|155\/341|[from] item: Life Orb
|faint|p2a: Magneton
|
|c|★improbable|no1 can say
|c|★improbable|for sure
|choice||switch 6
|
|switch|p2a: Scyther|Scyther, M|1\/281
|turn|26
|choice|switch 4|move uturn
|
|switch|p1a: Blastoise|Blastoise, M|234\/362
|move|p2a: Scyther|U-turn|p1a: Blastoise
|-damage|p1a: Blastoise|144\/362
|c|★HOT SXY AVAILABLE|a true veteran
|choice||switch 2
|
|switch|p2a: Venusaur|Venusaur, M|228\/301
|
|-heal|p1a: Blastoise|166\/362|[from] item: Leftovers
|turn|27
|c|★HOT SXY AVAILABLE|going to work
|choice|switch 3|move sludgebomb
|
|switch|p1a: Drapion|Drapion, F|246\/281
|move|p2a: Venusaur|Sludge Bomb|p1a: Drapion
|-resisted|p1a: Drapion
|-damage|p1a: Drapion|133\/281
|-damage|p2a: Venusaur|198\/301|[from] item: Life Orb
|
|turn|28
|choice|move earthquake|move synthesis
|
|move|p1a: Drapion|Earthquake|p2a: Venusaur
|-damage|p2a: Venusaur|90\/301
|move|p2a: Venusaur|Synthesis|p2a: Venusaur
|-heal|p2a: Venusaur|240\/301
|
|turn|29
|c|★improbable|o
|c|★improbable|is poison and dark
|c|★improbable|and i picked
|c|★improbable|the ground move
|c|★HOT SXY AVAILABLE|yeah
|c|★HOT SXY AVAILABLE|a true veteran
|choice|move earthquake|move synthesis
|
|move|p1a: Drapion|Earthquake|p2a: Venusaur
|-damage|p2a: Venusaur|133\/301
|move|p2a: Venusaur|Synthesis|p2a: Venusaur
|-heal|p2a: Venusaur|283\/301
|
|turn|30
|c|★HOT SXY AVAILABLE|making moves
|c|★HOT SXY AVAILABLE|swagging hard
|choice|move earthquake|move sludgebomb
|
|move|p1a: Drapion|Earthquake|p2a: Venusaur
|-damage|p2a: Venusaur|177\/301
|move|p2a: Venusaur|Sludge Bomb|p1a: Drapion
|-resisted|p1a: Drapion
|-damage|p1a: Drapion|29\/281
|-damage|p2a: Venusaur|147\/301|[from] item: Life Orb
|
|turn|31
|c|★HOT SXY AVAILABLE|damn
|c|★HOT SXY AVAILABLE|are u gonna 
|c|★HOT SXY AVAILABLE|critico me
|choice|switch 4|move synthesis
|
|switch|p1a: Meloetta|Meloetta|155\/341
|move|p2a: Venusaur|Synthesis|p2a: Venusaur
|-heal|p2a: Venusaur|297\/301
|
|turn|32
|c|★improbable|ofc
|c|★HOT SXY AVAILABLE|wait
|c|★HOT SXY AVAILABLE|dont i win
|choice|move psyshock|switch 4
|
|switch|p2a: Blastoise|Blastoise, F|318\/362 tox
|move|p1a: Meloetta|Psyshock|p2a: Blastoise
|-damage|p2a: Blastoise|154\/362 tox
|-damage|p1a: Meloetta|121\/341|[from] item: Life Orb
|
|-heal|p2a: Blastoise|176\/362 tox|[from] item: Leftovers
|-damage|p2a: Blastoise|154\/362 tox|[from] psn
|turn|33
|choice|move psyshock|move scald
|
|move|p1a: Meloetta|Psyshock|p2a: Blastoise
|-damage|p2a: Blastoise|0 fnt
|-damage|p1a: Meloetta|87\/341|[from] item: Life Orb
|faint|p2a: Blastoise
|
|choice||switch 2
|
|switch|p2a: Scyther|Scyther, M|1\/281
|turn|34
|choice|switch 3|move pursuit
|
|-activate|p1a: Meloetta|move: Pursuit
|move|p2a: Scyther|Pursuit|p1a: Meloetta|[from]Pursuit
|-supereffective|p1a: Meloetta
|-damage|p1a: Meloetta|0 fnt
|faint|p1a: Meloetta
|
|c|★improbable|o
|c|★improbable|lul.
|c|★HOT SXY AVAILABLE|l u l
|choice|switch 4|
|
|switch|p1a: Drapion|Drapion, F|29\/281
|turn|35
|choice|move knockoff|move pursuit
|
|move|p1a: Drapion|Knock Off|p2a: Scyther
|-damage|p2a: Scyther|0 fnt
|-enditem|p2a: Scyther|Choice Scarf|[from] move: Knock Off|[of] p1a: Drapion
|faint|p2a: Scyther
|
|c|★HOT SXY AVAILABLE|wait
|c|★HOT SXY AVAILABLE|ur faster?
|c|★HOT SXY AVAILABLE|!dt drapion
|c|~|\/data-pokemon Drapion
|raw|<font size="1"><font color="#686868">Dex#:<\/font> 452&nbsp;|&ThickSpace;<font color="#686868">Gen:<\/font> 4&nbsp;|&ThickSpace;<font color="#686868">Height:<\/font> 1.3 m&nbsp;|&ThickSpace;<font color="#686868">Weight:<\/font> 61.5 kg <em>(80 BP)<\/em>&nbsp;|&ThickSpace;<font color="#686868">Dex Colour:<\/font> Purple&nbsp;|&ThickSpace;<font color="#686868">Egg Group(s):<\/font> Bug, Water 3&nbsp;|&ThickSpace;<font color="#686868">Does Not Evolve<\/font><\/font>
|choice||switch 4
|
|switch|p2a: Venusaur|Venusaur, M|297\/301
|turn|36
|c|★HOT SXY AVAILABLE|!dt scizor
|c|~|\/data-pokemon Scizor
|raw|<font size="1"><font color="#686868">Dex#:<\/font> 212&nbsp;|&ThickSpace;<font color="#686868">Gen:<\/font> 2&nbsp;|&ThickSpace;<font color="#686868">Height:<\/font> 1.8 m&nbsp;|&ThickSpace;<font color="#686868">Weight:<\/font> 118 kg <em>(100 BP)<\/em>&nbsp;|&ThickSpace;<font color="#686868">Dex Colour:<\/font> Red&nbsp;|&ThickSpace;<font color="#686868">Egg Group(s):<\/font> Bug&nbsp;|&ThickSpace;<font color="#686868">Does Not Evolve<\/font><\/font>
|c|★HOT SXY AVAILABLE|!dt scyther
|c|~|\/data-pokemon Scyther
|raw|<font size="1"><font color="#686868">Dex#:<\/font> 123&nbsp;|&ThickSpace;<font color="#686868">Gen:<\/font> 1&nbsp;|&ThickSpace;<font color="#686868">Height:<\/font> 1.5 m&nbsp;|&ThickSpace;<font color="#686868">Weight:<\/font> 56 kg <em>(80 BP)<\/em>&nbsp;|&ThickSpace;<font color="#686868">Dex Colour:<\/font> Green&nbsp;|&ThickSpace;<font color="#686868">Egg Group(s):<\/font> Bug&nbsp;|&ThickSpace;<font color="#686868">Evolution:<\/font> Scizor (1)<\/font>
|c|★improbable|....
|c|★HOT SXY AVAILABLE|oh
|c|★improbable|scizor.
|c|★HOT SXY AVAILABLE|right
|c|★HOT SXY AVAILABLE|im adamant
|c|★HOT SXY AVAILABLE|haha
|c|★improbable|ur adamant
|c|★improbable|yea
|choice|switch 3|move sludgebomb
|
|switch|p1a: Blastoise|Blastoise, M|166\/362
|move|p2a: Venusaur|Sludge Bomb|p1a: Blastoise
|-damage|p1a: Blastoise|10\/362
|-damage|p2a: Venusaur|267\/301|[from] item: Life Orb
|
|-heal|p1a: Blastoise|32\/362|[from] item: Leftovers
|turn|37
|c|★HOT SXY AVAILABLE|oh god
|c|★improbable|catch that
|c|★improbable|LO
|c|★HOT SXY AVAILABLE|was that a throw
|choice|move scald|move sludgebomb
|
|move|p2a: Venusaur|Sludge Bomb|p1a: Blastoise
|-crit|p1a: Blastoise
|-damage|p1a: Blastoise|0 fnt
|-damage|p2a: Venusaur|237\/301|[from] item: Life Orb
|faint|p1a: Blastoise
|
|choice|switch 3|
|
|switch|p1a: Drapion|Drapion, F|29\/281
|turn|38
|c|★improbable|u know what was a throw
|c|★HOT SXY AVAILABLE|let us see
|c|★improbable|my FUCKING EQ
|c|★improbable|LOL
|c|★improbable|I GOT AIDS
|c|★improbable|NO
|c|★HOT SXY AVAILABLE|watch this
|choice|move knockoff|move sludgebomb
|
|move|p1a: Drapion|Knock Off|p2a: Venusaur
|-damage|p2a: Venusaur|89\/301
|-enditem|p2a: Venusaur|Life Orb|[from] move: Knock Off|[of] p1a: Drapion
|move|p2a: Venusaur|Sludge Bomb|p1a: Drapion
|-resisted|p1a: Drapion
|-damage|p1a: Drapion|0 fnt
|faint|p1a: Drapion
|
|win|HOT SXY AVAILABLE</script>
</div>
<div class="battle-log battle-log-inline"><div class="inner"><div class="battle-options"></div><div class="inner"><div class=""><small>Format:</small> <br><strong>RU</strong></div><div class=""><small><em>Sleep Clause Mod:</em> Limit one foe put to sleep</small></div><div class=""><small><em>Species Clause:</em> Limit one of each Pokémon</small></div><div class=""><small><em>OHKO Clause:</em> OHKO moves are banned</small></div><div class=""><small><em>Moody Clause:</em> Moody is banned</small></div><div class=""><small><em>Evasion Moves Clause:</em> Evasion moves are banned</small></div><div class=""><small><em>Endless Battle Clause:</em> Forcing endless battles is banned</small></div><div class=""><small><em>HP Percentage Mod:</em> HP is shown in percentages</small></div><div class=""><small><em>Swagger Clause:</em> Swagger is banned</small></div><div class=""><small><em>Baton Pass Clause:</em> Limit one Baton Passer, can't pass Spe and other stats simultaneously</small></div><div class="chat battle-history"><strong>improbable's team:</strong> <em style="color:#445566;display:block;">Venusaur / Diancie / Blastoise / Rhyperior / Drapion / Meloetta</em></div><div class="chat battle-history"><strong>HOT SXY AVAILABLE's team:</strong> <em style="color:#445566;display:block;">Emboar / Uxie / Scyther / Blastoise / Magneton / Venusaur</em></div><div class="chat chatmessage-hotsxyavailable"><strong style="color:hsl(271,84%,53.7921784954391%)"><small>★</small><span class="username" data-name="HOT SXY AVAILABLE">HOT SXY AVAILABLE</span>:</strong> <em>eww</em></div><div class="chat chatmessage-hotsxyavailable"><strong style="color:hsl(271,84%,53.7921784954391%)"><small>★</small><span class="username" data-name="HOT SXY AVAILABLE">HOT SXY AVAILABLE</span>:</strong> <em>what kind of bullshit team</em></div><div class="chat chatmessage-hotsxyavailable"><strong style="color:hsl(271,84%,53.7921784954391%)"><small>★</small><span class="username" data-name="HOT SXY AVAILABLE">HOT SXY AVAILABLE</span>:</strong> <em>is that</em></div><div class="spacer battle-history"><br></div><div class="battle-history">Battle started between improbable and HOT SXY AVAILABLE!<br></div><div class="spacer battle-history"><br></div><div class="battle-history">Go! <strong>Diancie</strong>!<br></div><div class="spacer battle-history"><br></div><div class="battle-history">HOT SXY AVAILABLE sent out <strong>Uxie</strong>!<br></div><div class="spacer battle-history"><br></div><h2 class="battle-history">Turn 1</h2><div class="spacer battle-history"><br></div><div class="battle-history">The opposing Uxie used <strong>Stealth Rock</strong>!<br></div><div class="battle-history"><small>Pointed stones float in the air around your team!</small><br></div><div class="spacer battle-history"><br></div><div class="battle-history">Diancie used <strong>Stealth Rock</strong>!<br></div><div class="battle-history"><small>Pointed stones float in the air around the opposing team!</small><br></div><div class="spacer battle-history"><br></div><h2 class="battle-history">Turn 2</h2><div class="spacer battle-history"><br></div><div class="battle-history">The opposing Uxie used <strong>Yawn</strong>!<br></div><div class="battle-history"><small>Diancie grew drowsy!</small><br></div><div class="spacer battle-history"><br></div><div class="battle-history">Diancie used <strong>Diamond Storm</strong>!<br></div><div class="battle-history"><small>(The opposing Uxie lost <abbr title="−75/354">21.2%</abbr> of its health!)</small><br></div><div class="spacer battle-history"><br></div><h2 class="battle-history">Turn 3</h2><div class="spacer battle-history"><br></div><div class="battle-history">Diancie, come back!<br></div><div class="battle-history">Go! <strong>Blastoise</strong>!<br></div><div class="battle-history"><small>Pointed stones dug into Blastoise!</small><br></div><div class="spacer battle-history"><br></div><div class="battle-history">The opposing Uxie used <strong>U-turn</strong>!<br></div><div class="battle-history"><small>(Blastoise lost <abbr title="−30/362">8.3%</abbr> of its health!)</small><br></div><div class="chat chatmessage-improbable"><strong style="color:hsl(129,42%,43%)"><small>★</small><span class="username" data-name="improbable">improbable</span>:</strong> <em>do it man</em></div><div class="spacer battle-history"><br></div><div class="battle-history">The opposing Uxie went back to HOT SXY AVAILABLE!<br></div><div class="battle-history">HOT SXY AVAILABLE sent out <strong>Venusaur</strong>!<br></div><div class="battle-history"><small>Pointed stones dug into the opposing Venusaur!</small><br></div><div class="spacer battle-history"><br></div><div class="battle-history"><small>Blastoise restored a little HP using its Leftovers!</small><br></div><div class="spacer battle-history"><br></div><h2 class="battle-history">Turn 4</h2><div class="chat chatmessage-improbable"><strong style="color:hsl(129,42%,43%)"><small>★</small><span class="username" data-name="improbable">improbable</span>:</strong> <em>yea no..</em></div><div class="chat chatmessage-hotsxyavailable"><strong style="color:hsl(271,84%,53.7921784954391%)"><small>★</small><span class="username" data-name="HOT SXY AVAILABLE">HOT SXY AVAILABLE</span>:</strong> <em>?</em></div><div class="chat chatmessage-hotsxyavailable"><strong style="color:hsl(271,84%,53.7921784954391%)"><small>★</small><span class="username" data-name="HOT SXY AVAILABLE">HOT SXY AVAILABLE</span>:</strong> <em>where is your counter</em></div><div class="chat chatmessage-hotsxyavailable"><strong style="color:hsl(271,84%,53.7921784954391%)"><small>★</small><span class="username" data-name="HOT SXY AVAILABLE">HOT SXY AVAILABLE</span>:</strong> <em>lol</em></div><div class="spacer battle-history"><br></div><div class="battle-history">Blastoise, come back!<br></div><div class="battle-history">Go! <strong>Venusaur</strong>!<br></div><div class="battle-history"><small>Pointed stones dug into Venusaur!</small><br></div><div class="spacer battle-history"><br></div><div class="battle-history">The opposing Venusaur used <strong>Leaf Storm</strong>!<br></div><div class="battle-history"><small>It's not very effective...</small><br></div><div class="battle-history"><small>(Venusaur lost <abbr title="−58/363">16.0%</abbr> of its health!)</small><br></div><div class="battle-history"><small>The opposing Venusaur's Special Attack fell harshly!</small><br></div><div class="battle-history"><small>The opposing Venusaur lost some of its HP!</small><br></div><div class="spacer battle-history"><br></div><div class="battle-history"><small>Venusaur restored a little HP using its Black Sludge!</small><br></div><div class="spacer battle-history"><br></div><h2 class="battle-history">Turn 5</h2><div class="chat chatmessage-improbable"><strong style="color:hsl(129,42%,43%)"><small>★</small><span class="username" data-name="improbable">improbable</span>:</strong> <em>right here</em></div><div class="chat chatmessage-hotsxyavailable"><strong style="color:hsl(271,84%,53.7921784954391%)"><small>★</small><span class="username" data-name="HOT SXY AVAILABLE">HOT SXY AVAILABLE</span>:</strong> <em>rofl</em></div><div class="chat chatmessage-hotsxyavailable"><strong style="color:hsl(271,84%,53.7921784954391%)"><small>★</small><span class="username" data-name="HOT SXY AVAILABLE">HOT SXY AVAILABLE</span>:</strong> <em>gay</em></div><div class="chat chatmessage-improbable"><strong style="color:hsl(129,42%,43%)"><small>★</small><span class="username" data-name="improbable">improbable</span>:</strong> <em>i think that counts</em></div><div class="chat chatmessage-improbable"><strong style="color:hsl(129,42%,43%)"><small>★</small><span class="username" data-name="improbable">improbable</span>:</strong> <em>as a counter</em></div><div class="spacer battle-history"><br></div><div class="battle-history">HOT SXY AVAILABLE withdrew Venusaur!<br></div><div class="battle-history">HOT SXY AVAILABLE sent out <strong>Magneton</strong>!<br></div><div class="battle-history"><small>Pointed stones dug into the opposing Magneton!</small><br></div><div class="spacer battle-history"><br></div><div class="battle-history">Venusaur used <strong>Leech Seed</strong>!<br></div><div class="battle-history"><small>The opposing Magneton was seeded!</small><br></div><div class="spacer battle-history"><br></div><div class="battle-history"><small>Venusaur restored a little HP using its Black Sludge!</small><br></div><div class="battle-history"><small>The opposing Magneton's health is sapped by Leech Seed!</small><br></div><div class="spacer battle-history"><br></div><h2 class="battle-history">Turn 6</h2><div class="spacer battle-history"><br></div><div class="battle-history">HOT SXY AVAILABLE withdrew Magneton!<br></div><div class="battle-history">HOT SXY AVAILABLE sent out <strong>Venusaur</strong>!<br></div><div class="battle-history"><small>Pointed stones dug into the opposing Venusaur!</small><br></div><div class="spacer battle-history"><br></div><div class="battle-history">Venusaur used <strong>Sludge Bomb</strong>!<br></div><div class="battle-history"><small>(The opposing Venusaur lost <abbr title="−99/301">32.9%</abbr> of its health!)</small><br></div><div class="spacer battle-history"><br></div><div class="battle-history"><small>Venusaur restored a little HP using its Black Sludge!</small><br></div><div class="spacer battle-history"><br></div><h2 class="battle-history">Turn 7</h2><div class="spacer battle-history"><br></div><div class="battle-history">The opposing Venusaur used <strong>Synthesis</strong>!<br></div><div class="battle-history"><small>The opposing Venusaur restored its HP.</small><br></div><div class="spacer battle-history"><br></div><div class="battle-history">Venusaur used <strong>Sludge Bomb</strong>!<br></div><div class="battle-history"><small>(The opposing Venusaur lost <abbr title="−103/301">34.2%</abbr> of its health!)</small><br></div><div class="spacer battle-history"><br></div><div class="battle-history"><small>Venusaur restored a little HP using its Black Sludge!</small><br></div><div class="spacer battle-history"><br></div><h2 class="battle-history">Turn 8</h2><div class="spacer battle-history"><br></div><div class="battle-history">Venusaur, come back!<br></div><div class="battle-history">Go! <strong>Meloetta</strong>!<br></div><div class="battle-history"><small>Pointed stones dug into Meloetta!</small><br></div><div class="spacer battle-history"><br></div><div class="battle-history">The opposing Venusaur used <strong>Synthesis</strong>!<br></div><div class="battle-history"><small>The opposing Venusaur restored its HP.</small><br></div><div class="spacer battle-history"><br></div><h2 class="battle-history">Turn 9</h2><div class="chat chatmessage-hotsxyavailable"><strong style="color:hsl(271,84%,53.7921784954391%)"><small>★</small><span class="username" data-name="HOT SXY AVAILABLE">HOT SXY AVAILABLE</span>:</strong> <em>an interesting sequence</em></div><div class="spacer battle-history"><br></div><div class="battle-history">HOT SXY AVAILABLE withdrew Venusaur!<br></div><div class="battle-history">HOT SXY AVAILABLE sent out <strong>Uxie</strong>!<br></div><div class="battle-history"><small>Pointed stones dug into the opposing Uxie!</small><br></div><div class="spacer battle-history"><br></div><div class="battle-history">Meloetta used <strong>Calm Mind</strong>!<br></div><div class="battle-history"><small>Meloetta's Special Attack rose!</small><br></div><div class="battle-history"><small>Meloetta's Special Defense rose!</small><br></div><div class="spacer battle-history"><br></div><h2 class="battle-history">Turn 10</h2><div class="chat chatmessage-improbable"><strong style="color:hsl(129,42%,43%)"><small>★</small><span class="username" data-name="improbable">improbable</span>:</strong> <em>quite</em></div><div class="spacer battle-history"><br></div><div class="battle-history">Meloetta used <strong>Hyper Voice</strong>!<br></div><div class="battle-history"><small>(The opposing Uxie lost <abbr title="−235/354">66.4%</abbr> of its health!)</small><br></div><div class="battle-history"><small>Meloetta lost some of its HP!</small><br></div><div class="spacer battle-history"><br></div><div class="battle-history">The opposing Uxie fainted!<br></div><div class="chat chatmessage-hotsxyavailable"><strong style="color:hsl(271,84%,53.7921784954391%)"><small>★</small><span class="username" data-name="HOT SXY AVAILABLE">HOT SXY AVAILABLE</span>:</strong> <em>o</em></div><div class="chat chatmessage-hotsxyavailable"><strong style="color:hsl(271,84%,53.7921784954391%)"><small>★</small><span class="username" data-name="HOT SXY AVAILABLE">HOT SXY AVAILABLE</span>:</strong> <em>God</em></div><div class="spacer battle-history"><br></div><div class="battle-history">HOT SXY AVAILABLE sent out <strong>Scyther</strong>!<br></div><div class="battle-history"><small>Pointed stones dug into the opposing Scyther!</small><br></div><div class="spacer battle-history"><br></div><h2 class="battle-history">Turn 11</h2><div class="spacer battle-history"><br></div><div class="battle-history">Meloetta, come back!<br></div><div class="battle-history">Go! <strong>Diancie</strong>!<br></div><div class="battle-history"><small>Pointed stones dug into Diancie!</small><br></div><div class="spacer battle-history"><br></div><div class="battle-history">The opposing Scyther used <strong>U-turn</strong>!<br></div><div class="battle-history"><small>It's not very effective...</small><br></div><div class="battle-history"><small>(Diancie lost <abbr title="−37/304">12.2%</abbr> of its health!)</small><br></div><div class="chat chatmessage-improbable"><strong style="color:hsl(129,42%,43%)"><small>★</small><span class="username" data-name="improbable">improbable</span>:</strong> <em>i think u need to spin soon</em></div><div class="chat chatmessage-improbable"><strong style="color:hsl(129,42%,43%)"><small>★</small><span class="username" data-name="improbable">improbable</span>:</strong> <em>haha</em></div><div class="spacer battle-history"><br></div><div class="battle-history">The opposing Scyther went back to HOT SXY AVAILABLE!<br></div><div class="battle-history">HOT SXY AVAILABLE sent out <strong>Magneton</strong>!<br></div><div class="battle-history"><small>Pointed stones dug into the opposing Magneton!</small><br></div><div class="spacer battle-history"><br></div><div class="battle-history"><small>Diancie restored a little HP using its Leftovers!</small><br></div><div class="spacer battle-history"><br></div><h2 class="battle-history">Turn 12</h2><div class="chat chatmessage-hotsxyavailable"><strong style="color:hsl(271,84%,53.7921784954391%)"><small>★</small><span class="username" data-name="HOT SXY AVAILABLE">HOT SXY AVAILABLE</span>:</strong> <em>probably</em></div><div class="chat chatmessage-hotsxyavailable"><strong style="color:hsl(271,84%,53.7921784954391%)"><small>★</small><span class="username" data-name="HOT SXY AVAILABLE">HOT SXY AVAILABLE</span>:</strong> <em>lol</em></div><div class="spacer battle-history"><br></div><div class="battle-history">Diancie, come back!<br></div><div class="battle-history">Go! <strong>Venusaur</strong>!<br></div><div class="battle-history"><small>Pointed stones dug into Venusaur!</small><br></div><div class="spacer battle-history"><br></div><div class="battle-history">The opposing Magneton used <strong>Flash Cannon</strong>!<br></div><div class="battle-history"><small>(Venusaur lost <abbr title="−280/363">77.1%</abbr> of its health!)</small><br></div><div class="spacer battle-history"><br></div><div class="battle-history"><small>Venusaur restored a little HP using its Black Sludge!</small><br></div><div class="spacer battle-history"><br></div><h2 class="battle-history">Turn 13</h2><div class="chat chatmessage-improbable"><strong style="color:hsl(129,42%,43%)"><small>★</small><span class="username" data-name="improbable">improbable</span>:</strong> <em>lol</em></div><div class="chat chatmessage-improbable"><strong style="color:hsl(129,42%,43%)"><small>★</small><span class="username" data-name="improbable">improbable</span>:</strong> <em>COOL</em></div><div class="chat chatmessage-improbable"><strong style="color:hsl(129,42%,43%)"><small>★</small><span class="username" data-name="improbable">improbable</span>:</strong> <em>dmg</em></div><div class="spacer battle-history"><br></div><div class="battle-history">The opposing Magneton used <strong>Flash Cannon</strong>!<br></div><div class="battle-history"><small>(Venusaur lost <abbr title="−60/363">16.5%</abbr> of its health!)</small><br></div><div class="spacer battle-history"><br></div><div class="battle-history">Venusaur fainted!<br></div><div class="spacer battle-history"><br></div><div class="battle-history">Go! <strong>Blastoise</strong>!<br></div><div class="battle-history"><small>Pointed stones dug into Blastoise!</small><br></div><div class="spacer battle-history"><br></div><h2 class="battle-history">Turn 14</h2><div class="chat chatmessage-hotsxyavailable"><strong style="color:hsl(271,84%,53.7921784954391%)"><small>★</small><span class="username" data-name="HOT SXY AVAILABLE">HOT SXY AVAILABLE</span>:</strong> <em>Cool xD</em></div><div class="spacer battle-history"><br></div><div class="battle-history">HOT SXY AVAILABLE withdrew Magneton!<br></div><div class="battle-history">HOT SXY AVAILABLE sent out <strong>Venusaur</strong>!<br></div><div class="battle-history"><small>Pointed stones dug into the opposing Venusaur!</small><br></div><div class="spacer battle-history"><br></div><div class="battle-history">Blastoise, come back!<br></div><div class="battle-history">Go! <strong>Meloetta</strong>!<br></div><div class="battle-history"><small>Pointed stones dug into Meloetta!</small><br></div><div class="spacer battle-history"><br></div><h2 class="battle-history">Turn 15</h2><div class="chat chatmessage-hotsxyavailable"><strong style="color:hsl(271,84%,53.7921784954391%)"><small>★</small><span class="username" data-name="HOT SXY AVAILABLE">HOT SXY AVAILABLE</span>:</strong> <em>lol</em></div><div class="chat chatmessage-hotsxyavailable"><strong style="color:hsl(271,84%,53.7921784954391%)"><small>★</small><span class="username" data-name="HOT SXY AVAILABLE">HOT SXY AVAILABLE</span>:</strong> <em>i shuda stayed in</em></div><div class="chat chatmessage-hotsxyavailable"><strong style="color:hsl(271,84%,53.7921784954391%)"><small>★</small><span class="username" data-name="HOT SXY AVAILABLE">HOT SXY AVAILABLE</span>:</strong> <em>and punished ur ass.</em></div><div class="chat chatmessage-improbable"><strong style="color:hsl(129,42%,43%)"><small>★</small><span class="username" data-name="improbable">improbable</span>:</strong> <em>i was expecting</em></div><div class="chat chatmessage-improbable"><strong style="color:hsl(129,42%,43%)"><small>★</small><span class="username" data-name="improbable">improbable</span>:</strong> <em>blastoise</em></div><div class="spacer battle-history"><br></div><div class="battle-history">HOT SXY AVAILABLE withdrew Venusaur!<br></div><div class="battle-history">HOT SXY AVAILABLE sent out <strong>Emboar</strong>!<br></div><div class="battle-history"><small>Pointed stones dug into the opposing Emboar!</small><br></div><div class="spacer battle-history"><br></div><div class="battle-history">Meloetta used <strong>Psyshock</strong>!<br></div><div class="battle-history"><small>It's super effective!</small><br></div><div class="battle-history"><small>(The opposing Emboar lost <abbr title="−328/374">87.7%</abbr> of its health!)</small><br></div><div class="battle-history"><small>Meloetta lost some of its HP!</small><br></div><div class="spacer battle-history"><br></div><div class="battle-history">The opposing Emboar fainted!<br></div><div class="chat chatmessage-hotsxyavailable"><strong style="color:hsl(271,84%,53.7921784954391%)"><small>★</small><span class="username" data-name="HOT SXY AVAILABLE">HOT SXY AVAILABLE</span>:</strong> <em>good bye</em></div><div class="chat chatmessage-hotsxyavailable"><strong style="color:hsl(271,84%,53.7921784954391%)"><small>★</small><span class="username" data-name="HOT SXY AVAILABLE">HOT SXY AVAILABLE</span>:</strong> <em>mr boar</em></div><div class="spacer battle-history"><br></div><div class="battle-history">HOT SXY AVAILABLE sent out <strong>Scyther</strong>!<br></div><div class="battle-history"><small>Pointed stones dug into the opposing Scyther!</small><br></div><div class="spacer battle-history"><br></div><h2 class="battle-history">Turn 16</h2><div class="spacer battle-history"><br></div><div class="battle-history">Meloetta, come back!<br></div><div class="battle-history">Go! <strong>Diancie</strong>!<br></div><div class="battle-history"><small>Pointed stones dug into Diancie!</small><br></div><div class="spacer battle-history"><br></div><div class="battle-history">The opposing Scyther used <strong>U-turn</strong>!<br></div><div class="battle-history"><small>It's not very effective...</small><br></div><div class="battle-history"><small>(Diancie lost <abbr title="−40/304">13.2%</abbr> of its health!)</small><br></div><div class="chat chatmessage-improbable"><strong style="color:hsl(129,42%,43%)"><small>★</small><span class="username" data-name="improbable">improbable</span>:</strong> <em>great</em></div><div class="spacer battle-history"><br></div><div class="battle-history">The opposing Scyther went back to HOT SXY AVAILABLE!<br></div><div class="battle-history">HOT SXY AVAILABLE sent out <strong>Magneton</strong>!<br></div><div class="battle-history"><small>Pointed stones dug into the opposing Magneton!</small><br></div><div class="spacer battle-history"><br></div><div class="battle-history"><small>Diancie restored a little HP using its Leftovers!</small><br></div><div class="spacer battle-history"><br></div><h2 class="battle-history">Turn 17</h2><div class="spacer battle-history"><br></div><div class="battle-history">Diancie, come back!<br></div><div class="battle-history">Go! <strong>Rhyperior</strong>!<br></div><div class="battle-history"><small>Pointed stones dug into Rhyperior!</small><br></div><div class="spacer battle-history"><br></div><div class="battle-history">The opposing Magneton used <strong>Flash Cannon</strong>!<br></div><div class="battle-history"><small>It's super effective!</small><br></div><div class="battle-history"><small>(Rhyperior lost <abbr title="−389/414">94.0%</abbr> of its health!)</small><br></div><div class="spacer battle-history"><br></div><div class="battle-history">Rhyperior fainted!<br></div><div class="spacer battle-history"><br></div><div class="battle-history">Go! <strong>Drapion</strong>!<br></div><div class="battle-history"><small>Pointed stones dug into Drapion!</small><br></div><div class="spacer battle-history"><br></div><h2 class="battle-history">Turn 18</h2><div class="chat chatmessage-hotsxyavailable"><strong style="color:hsl(271,84%,53.7921784954391%)"><small>★</small><span class="username" data-name="HOT SXY AVAILABLE">HOT SXY AVAILABLE</span>:</strong> <em>mr rhyperidog</em></div><div class="chat chatmessage-improbable"><strong style="color:hsl(129,42%,43%)"><small>★</small><span class="username" data-name="improbable">improbable</span>:</strong> <em>was useless.</em></div><div class="spacer battle-history"><br></div><div class="battle-history"><small>(The opposing Magneton is being withdrawn...)</small><br></div><div class="spacer battle-history"><br></div><div class="battle-history">Drapion used <strong>Pursuit</strong>!<br></div><div class="battle-history"><small>(The opposing Magneton lost <abbr title="−115/241">47.7%</abbr> of its health!)</small><br></div><div class="spacer battle-history"><br></div><div class="battle-history">HOT SXY AVAILABLE withdrew Magneton!<br></div><div class="battle-history">HOT SXY AVAILABLE sent out <strong>Blastoise</strong>!<br></div><div class="battle-history"><small>Pointed stones dug into the opposing Blastoise!</small><br></div><div class="spacer battle-history"><br></div><div class="battle-history"><small>The opposing Blastoise restored a little HP using its Leftovers!</small><br></div><div class="spacer battle-history"><br></div><h2 class="battle-history">Turn 19</h2><div class="chat chatmessage-hotsxyavailable"><strong style="color:hsl(271,84%,53.7921784954391%)"><small>★</small><span class="username" data-name="HOT SXY AVAILABLE">HOT SXY AVAILABLE</span>:</strong> <em>lol</em></div><div class="chat chatmessage-hotsxyavailable"><strong style="color:hsl(271,84%,53.7921784954391%)"><small>★</small><span class="username" data-name="HOT SXY AVAILABLE">HOT SXY AVAILABLE</span>:</strong> <em>why</em></div><div class="chat chatmessage-hotsxyavailable"><strong style="color:hsl(271,84%,53.7921784954391%)"><small>★</small><span class="username" data-name="HOT SXY AVAILABLE">HOT SXY AVAILABLE</span>:</strong> <em>ahhh</em></div><div class="chat chatmessage-hotsxyavailable"><strong style="color:hsl(271,84%,53.7921784954391%)"><small>★</small><span class="username" data-name="HOT SXY AVAILABLE">HOT SXY AVAILABLE</span>:</strong> <em>cancer</em></div><div class="spacer battle-history"><br></div><div class="battle-history">Drapion, come back!<br></div><div class="battle-history">Go! <strong>Blastoise</strong>!<br></div><div class="battle-history"><small>Pointed stones dug into Blastoise!</small><br></div><div class="spacer battle-history"><br></div><div class="battle-history">The opposing Blastoise used <strong>Scald</strong>!<br></div><div class="battle-history"><small>It's not very effective...</small><br></div><div class="battle-history"><small>(Blastoise lost <abbr title="−42/362">11.6%</abbr> of its health!)</small><br></div><div class="spacer battle-history"><br></div><div class="battle-history"><small>The opposing Blastoise restored a little HP using its Leftovers!</small><br></div><div class="battle-history"><small>Blastoise restored a little HP using its Leftovers!</small><br></div><div class="spacer battle-history"><br></div><h2 class="battle-history">Turn 20</h2><div class="chat chatmessage-improbable"><strong style="color:hsl(129,42%,43%)"><small>★</small><span class="username" data-name="improbable">improbable</span>:</strong> <em>man</em></div><div class="spacer battle-history"><br></div><div class="battle-history">The opposing Blastoise used <strong>Toxic</strong>!<br></div><div class="battle-history"><small>Blastoise was badly poisoned!</small><br></div><div class="spacer battle-history"><br></div><div class="battle-history">Blastoise used <strong>Toxic</strong>!<br></div><div class="battle-history"><small>The opposing Blastoise was badly poisoned!</small><br></div><div class="spacer battle-history"><br></div><div class="battle-history"><small>The opposing Blastoise restored a little HP using its Leftovers!</small><br></div><div class="battle-history"><small>Blastoise restored a little HP using its Leftovers!</small><br></div><div class="battle-history"><small>The opposing Blastoise was hurt by poison!</small><br></div><div class="battle-history"><small>Blastoise was hurt by poison!</small><br></div><div class="spacer battle-history"><br></div><h2 class="battle-history">Turn 21</h2><div class="chat chatmessage-hotsxyavailable"><strong style="color:hsl(271,84%,53.7921784954391%)"><small>★</small><span class="username" data-name="HOT SXY AVAILABLE">HOT SXY AVAILABLE</span>:</strong> <em>xD</em></div><div class="chat chatmessage-hotsxyavailable"><strong style="color:hsl(271,84%,53.7921784954391%)"><small>★</small><span class="username" data-name="HOT SXY AVAILABLE">HOT SXY AVAILABLE</span>:</strong> <em>much interesting</em></div><div class="spacer battle-history"><br></div><div class="battle-history">The opposing Blastoise used <strong>Rapid Spin</strong>!<br></div><div class="battle-history"><small>(Blastoise lost <abbr title="−9/362">2.5%</abbr> of its health!)</small><br></div><div class="battle-history"><small>The pointed stones disappeared from around the opposing team!</small><br></div><div class="spacer battle-history"><br></div><div class="battle-history">Blastoise used <strong>Refresh</strong>!<br></div><div class="battle-history"><small>Blastoise was cured of its poisoning.</small><br></div><div class="spacer battle-history"><br></div><div class="battle-history"><small>The opposing Blastoise restored a little HP using its Leftovers!</small><br></div><div class="battle-history"><small>Blastoise restored a little HP using its Leftovers!</small><br></div><div class="battle-history"><small>The opposing Blastoise was hurt by poison!</small><br></div><div class="spacer battle-history"><br></div><h2 class="battle-history">Turn 22</h2><div class="spacer battle-history"><br></div><div class="battle-history">HOT SXY AVAILABLE withdrew Blastoise!<br></div><div class="battle-history">HOT SXY AVAILABLE sent out <strong>Magneton</strong>!<br></div><div class="spacer battle-history"><br></div><div class="battle-history">Blastoise used <strong>Rapid Spin</strong>!<br></div><div class="battle-history"><small>It's not very effective...</small><br></div><div class="battle-history"><small>(The opposing Magneton lost <abbr title="−5/241">2.1%</abbr> of its health!)</small><br></div><div class="battle-history"><small>The pointed stones disappeared from around your team!</small><br></div><div class="spacer battle-history"><br></div><div class="battle-history"><small>Blastoise restored a little HP using its Leftovers!</small><br></div><div class="spacer battle-history"><br></div><h2 class="battle-history">Turn 23</h2><div class="spacer battle-history"><br></div><div class="battle-history">Blastoise, come back!<br></div><div class="battle-history">Go! <strong>Diancie</strong>!<br></div><div class="spacer battle-history"><br></div><div class="battle-history">The opposing Magneton used <strong>Volt Switch</strong>!<br></div><div class="battle-history"><small>(Diancie lost <abbr title="−145/304">47.7%</abbr> of its health!)</small><br></div><div class="chat chatmessage-hotsxyavailable"><strong style="color:hsl(271,84%,53.7921784954391%)"><small>★</small><span class="username" data-name="HOT SXY AVAILABLE">HOT SXY AVAILABLE</span>:</strong> <em>look at these</em></div><div class="chat chatmessage-hotsxyavailable"><strong style="color:hsl(271,84%,53.7921784954391%)"><small>★</small><span class="username" data-name="HOT SXY AVAILABLE">HOT SXY AVAILABLE</span>:</strong> <em>gutsy calls</em></div><div class="chat chatmessage-hotsxyavailable"><strong style="color:hsl(271,84%,53.7921784954391%)"><small>★</small><span class="username" data-name="HOT SXY AVAILABLE">HOT SXY AVAILABLE</span>:</strong> <em>from a true veteran</em></div><div class="chat chatmessage-hotsxyavailable"><strong style="color:hsl(271,84%,53.7921784954391%)"><small>★</small><span class="username" data-name="HOT SXY AVAILABLE">HOT SXY AVAILABLE</span>:</strong> <em>like me</em></div><div class="chat chatmessage-improbable"><strong style="color:hsl(129,42%,43%)"><small>★</small><span class="username" data-name="improbable">improbable</span>:</strong> <em>ur not gonna win</em></div><div class="chat chatmessage-improbable"><strong style="color:hsl(129,42%,43%)"><small>★</small><span class="username" data-name="improbable">improbable</span>:</strong> <em>tho</em></div><div class="spacer battle-history"><br></div><div class="battle-history">The opposing Magneton went back to HOT SXY AVAILABLE!<br></div><div class="battle-history">HOT SXY AVAILABLE sent out <strong>Venusaur</strong>!<br></div><div class="spacer battle-history"><br></div><div class="battle-history"><small>Diancie restored a little HP using its Leftovers!</small><br></div><div class="spacer battle-history"><br></div><h2 class="battle-history">Turn 24</h2><div class="chat chatmessage-improbable"><strong style="color:hsl(129,42%,43%)"><small>★</small><span class="username" data-name="improbable">improbable</span>:</strong> <em>imo</em></div><div class="spacer battle-history"><br></div><div class="battle-history">The opposing Venusaur used <strong>Leaf Storm</strong>!<br></div><div class="battle-history"><small>It's super effective!</small><br></div><div class="battle-history"><small>(Diancie lost <abbr title="−63/304">20.7%</abbr> of its health!)</small><br></div><div class="battle-history"><small>The opposing Venusaur's Special Attack fell harshly!</small><br></div><div class="battle-history"><small>The opposing Venusaur lost some of its HP!</small><br></div><div class="spacer battle-history"><br></div><div class="battle-history">Diancie fainted!<br></div><div class="spacer battle-history"><br></div><div class="battle-history">Go! <strong>Meloetta</strong>!<br></div><div class="spacer battle-history"><br></div><h2 class="battle-history">Turn 25</h2><div class="chat chatmessage-hotsxyavailable"><strong style="color:hsl(271,84%,53.7921784954391%)"><small>★</small><span class="username" data-name="HOT SXY AVAILABLE">HOT SXY AVAILABLE</span>:</strong> <em>probably not</em></div><div class="chat chatmessage-hotsxyavailable"><strong style="color:hsl(271,84%,53.7921784954391%)"><small>★</small><span class="username" data-name="HOT SXY AVAILABLE">HOT SXY AVAILABLE</span>:</strong> <em>tbh</em></div><div class="chat chatmessage-improbable"><strong style="color:hsl(129,42%,43%)"><small>★</small><span class="username" data-name="improbable">improbable</span>:</strong> <em>well</em></div><div class="chat chatmessage-improbable"><strong style="color:hsl(129,42%,43%)"><small>★</small><span class="username" data-name="improbable">improbable</span>:</strong> <em>perhaps</em></div><div class="spacer battle-history"><br></div><div class="battle-history">HOT SXY AVAILABLE withdrew Venusaur!<br></div><div class="battle-history">HOT SXY AVAILABLE sent out <strong>Magneton</strong>!<br></div><div class="spacer battle-history"><br></div><div class="battle-history">Meloetta used <strong>Psyshock</strong>!<br></div><div class="battle-history"><small>It's not very effective...</small><br></div><div class="battle-history"><small>A critical hit!</small><br></div><div class="battle-history"><small>(The opposing Magneton lost <abbr title="−46/241">19.1%</abbr> of its health!)</small><br></div><div class="battle-history"><small>Meloetta lost some of its HP!</small><br></div><div class="spacer battle-history"><br></div><div class="battle-history">The opposing Magneton fainted!<br></div><div class="chat chatmessage-improbable"><strong style="color:hsl(129,42%,43%)"><small>★</small><span class="username" data-name="improbable">improbable</span>:</strong> <em>no1 can say</em></div><div class="chat chatmessage-improbable"><strong style="color:hsl(129,42%,43%)"><small>★</small><span class="username" data-name="improbable">improbable</span>:</strong> <em>for sure</em></div><div class="spacer battle-history"><br></div><div class="battle-history">HOT SXY AVAILABLE sent out <strong>Scyther</strong>!<br></div><div class="spacer battle-history"><br></div><h2 class="battle-history">Turn 26</h2><div class="spacer battle-history"><br></div><div class="battle-history">Meloetta, come back!<br></div><div class="battle-history">Go! <strong>Blastoise</strong>!<br></div><div class="spacer battle-history"><br></div><div class="battle-history">The opposing Scyther used <strong>U-turn</strong>!<br></div><div class="battle-history"><small>(Blastoise lost <abbr title="−90/362">24.9%</abbr> of its health!)</small><br></div><div class="chat chatmessage-hotsxyavailable"><strong style="color:hsl(271,84%,53.7921784954391%)"><small>★</small><span class="username" data-name="HOT SXY AVAILABLE">HOT SXY AVAILABLE</span>:</strong> <em>a true veteran</em></div><div class="spacer battle-history"><br></div><div class="battle-history">The opposing Scyther went back to HOT SXY AVAILABLE!<br></div><div class="battle-history">HOT SXY AVAILABLE sent out <strong>Venusaur</strong>!<br></div><div class="spacer battle-history"><br></div><div class="battle-history"><small>Blastoise restored a little HP using its Leftovers!</small><br></div><div class="spacer battle-history"><br></div><h2 class="battle-history">Turn 27</h2><div class="chat chatmessage-hotsxyavailable"><strong style="color:hsl(271,84%,53.7921784954391%)"><small>★</small><span class="username" data-name="HOT SXY AVAILABLE">HOT SXY AVAILABLE</span>:</strong> <em>going to work</em></div><div class="spacer battle-history"><br></div><div class="battle-history">Blastoise, come back!<br></div><div class="battle-history">Go! <strong>Drapion</strong>!<br></div><div class="spacer battle-history"><br></div><div class="battle-history">The opposing Venusaur used <strong>Sludge Bomb</strong>!<br></div><div class="battle-history"><small>It's not very effective...</small><br></div><div class="battle-history"><small>(Drapion lost <abbr title="−113/281">40.2%</abbr> of its health!)</small><br></div><div class="battle-history"><small>The opposing Venusaur lost some of its HP!</small><br></div><div class="spacer battle-history"><br></div><h2 class="battle-history">Turn 28</h2><div class="spacer battle-history"><br></div><div class="battle-history">Drapion used <strong>Earthquake</strong>!<br></div><div class="battle-history"><small>(The opposing Venusaur lost <abbr title="−108/301">35.9%</abbr> of its health!)</small><br></div><div class="spacer battle-history"><br></div><div class="battle-history">The opposing Venusaur used <strong>Synthesis</strong>!<br></div><div class="battle-history"><small>The opposing Venusaur restored its HP.</small><br></div><div class="spacer battle-history"><br></div><h2 class="battle-history">Turn 29</h2><div class="chat chatmessage-improbable"><strong style="color:hsl(129,42%,43%)"><small>★</small><span class="username" data-name="improbable">improbable</span>:</strong> <em>o</em></div><div class="chat chatmessage-improbable"><strong style="color:hsl(129,42%,43%)"><small>★</small><span class="username" data-name="improbable">improbable</span>:</strong> <em>is poison and dark</em></div><div class="chat chatmessage-improbable"><strong style="color:hsl(129,42%,43%)"><small>★</small><span class="username" data-name="improbable">improbable</span>:</strong> <em>and i picked</em></div><div class="chat chatmessage-improbable"><strong style="color:hsl(129,42%,43%)"><small>★</small><span class="username" data-name="improbable">improbable</span>:</strong> <em>the ground move</em></div><div class="chat chatmessage-hotsxyavailable"><strong style="color:hsl(271,84%,53.7921784954391%)"><small>★</small><span class="username" data-name="HOT SXY AVAILABLE">HOT SXY AVAILABLE</span>:</strong> <em>yeah</em></div><div class="chat chatmessage-hotsxyavailable"><strong style="color:hsl(271,84%,53.7921784954391%)"><small>★</small><span class="username" data-name="HOT SXY AVAILABLE">HOT SXY AVAILABLE</span>:</strong> <em>a true veteran</em></div><div class="spacer battle-history"><br></div><div class="battle-history">Drapion used <strong>Earthquake</strong>!<br></div><div class="battle-history"><small>(The opposing Venusaur lost <abbr title="−107/301">35.5%</abbr> of its health!)</small><br></div><div class="spacer battle-history"><br></div><div class="battle-history">The opposing Venusaur used <strong>Synthesis</strong>!<br></div><div class="battle-history"><small>The opposing Venusaur restored its HP.</small><br></div><div class="spacer battle-history"><br></div><h2 class="battle-history">Turn 30</h2><div class="chat chatmessage-hotsxyavailable"><strong style="color:hsl(271,84%,53.7921784954391%)"><small>★</small><span class="username" data-name="HOT SXY AVAILABLE">HOT SXY AVAILABLE</span>:</strong> <em>making moves</em></div><div class="chat chatmessage-hotsxyavailable"><strong style="color:hsl(271,84%,53.7921784954391%)"><small>★</small><span class="username" data-name="HOT SXY AVAILABLE">HOT SXY AVAILABLE</span>:</strong> <em>swagging hard</em></div><div class="spacer battle-history"><br></div><div class="battle-history">Drapion used <strong>Earthquake</strong>!<br></div><div class="battle-history"><small>(The opposing Venusaur lost <abbr title="−106/301">35.2%</abbr> of its health!)</small><br></div><div class="spacer battle-history"><br></div><div class="battle-history">The opposing Venusaur used <strong>Sludge Bomb</strong>!<br></div><div class="battle-history"><small>It's not very effective...</small><br></div><div class="battle-history"><small>(Drapion lost <abbr title="−104/281">37.0%</abbr> of its health!)</small><br></div><div class="battle-history"><small>The opposing Venusaur lost some of its HP!</small><br></div><div class="spacer battle-history"><br></div><h2 class="battle-history">Turn 31</h2><div class="chat chatmessage-hotsxyavailable"><strong style="color:hsl(271,84%,53.7921784954391%)"><small>★</small><span class="username" data-name="HOT SXY AVAILABLE">HOT SXY AVAILABLE</span>:</strong> <em>damn</em></div><div class="chat chatmessage-hotsxyavailable"><strong style="color:hsl(271,84%,53.7921784954391%)"><small>★</small><span class="username" data-name="HOT SXY AVAILABLE">HOT SXY AVAILABLE</span>:</strong> <em>are u gonna </em></div><div class="chat chatmessage-hotsxyavailable"><strong style="color:hsl(271,84%,53.7921784954391%)"><small>★</small><span class="username" data-name="HOT SXY AVAILABLE">HOT SXY AVAILABLE</span>:</strong> <em>critico me</em></div><div class="spacer battle-history"><br></div><div class="battle-history">Drapion, come back!<br></div><div class="battle-history">Go! <strong>Meloetta</strong>!<br></div><div class="spacer battle-history"><br></div><div class="battle-history">The opposing Venusaur used <strong>Synthesis</strong>!<br></div><div class="battle-history"><small>The opposing Venusaur restored its HP.</small><br></div><div class="spacer battle-history"><br></div><h2 class="battle-history">Turn 32</h2><div class="chat chatmessage-improbable"><strong style="color:hsl(129,42%,43%)"><small>★</small><span class="username" data-name="improbable">improbable</span>:</strong> <em>ofc</em></div><div class="chat chatmessage-hotsxyavailable"><strong style="color:hsl(271,84%,53.7921784954391%)"><small>★</small><span class="username" data-name="HOT SXY AVAILABLE">HOT SXY AVAILABLE</span>:</strong> <em>wait</em></div><div class="chat chatmessage-hotsxyavailable"><strong style="color:hsl(271,84%,53.7921784954391%)"><small>★</small><span class="username" data-name="HOT SXY AVAILABLE">HOT SXY AVAILABLE</span>:</strong> <em>dont i win</em></div><div class="spacer battle-history"><br></div><div class="battle-history">HOT SXY AVAILABLE withdrew Venusaur!<br></div><div class="battle-history">HOT SXY AVAILABLE sent out <strong>Blastoise</strong>!<br></div><div class="spacer battle-history"><br></div><div class="battle-history">Meloetta used <strong>Psyshock</strong>!<br></div><div class="battle-history"><small>(The opposing Blastoise lost <abbr title="−164/362">45.3%</abbr> of its health!)</small><br></div><div class="battle-history"><small>Meloetta lost some of its HP!</small><br></div><div class="spacer battle-history"><br></div><div class="battle-history"><small>The opposing Blastoise restored a little HP using its Leftovers!</small><br></div><div class="battle-history"><small>The opposing Blastoise was hurt by poison!</small><br></div><div class="spacer battle-history"><br></div><h2 class="battle-history">Turn 33</h2><div class="spacer battle-history"><br></div><div class="battle-history">Meloetta used <strong>Psyshock</strong>!<br></div><div class="battle-history"><small>(The opposing Blastoise lost <abbr title="−154/362">42.5%</abbr> of its health!)</small><br></div><div class="battle-history"><small>Meloetta lost some of its HP!</small><br></div><div class="spacer battle-history"><br></div><div class="battle-history">The opposing Blastoise fainted!<br></div><div class="spacer battle-history"><br></div><div class="battle-history">HOT SXY AVAILABLE sent out <strong>Scyther</strong>!<br></div><div class="spacer battle-history"><br></div><h2 class="battle-history">Turn 34</h2><div class="spacer battle-history"><br></div><div class="battle-history"><small>(Meloetta is being withdrawn...)</small><br></div><div class="spacer battle-history"><br></div><div class="battle-history">The opposing Scyther used <strong>Pursuit</strong>!<br></div><div class="battle-history"><small>It's super effective!</small><br></div><div class="battle-history"><small>(Meloetta lost <abbr title="−87/341">25.5%</abbr> of its health!)</small><br></div><div class="spacer battle-history"><br></div><div class="battle-history">Meloetta fainted!<br></div><div class="chat chatmessage-improbable"><strong style="color:hsl(129,42%,43%)"><small>★</small><span class="username" data-name="improbable">improbable</span>:</strong> <em>o</em></div><div class="chat chatmessage-improbable"><strong style="color:hsl(129,42%,43%)"><small>★</small><span class="username" data-name="improbable">improbable</span>:</strong> <em>lul.</em></div><div class="chat chatmessage-hotsxyavailable"><strong style="color:hsl(271,84%,53.7921784954391%)"><small>★</small><span class="username" data-name="HOT SXY AVAILABLE">HOT SXY AVAILABLE</span>:</strong> <em>l u l</em></div><div class="spacer battle-history"><br></div><div class="battle-history">Go! <strong>Drapion</strong>!<br></div><div class="spacer battle-history"><br></div><h2 class="battle-history">Turn 35</h2><div class="spacer battle-history"><br></div><div class="battle-history">Drapion used <strong>Knock Off</strong>!<br></div><div class="battle-history"><small>(The opposing Scyther lost <abbr title="−1/281">0.4%</abbr> of its health!)</small><br></div><div class="battle-history"><small>Drapion knocked off the opposing Scyther's Choice Scarf!</small><br></div><div class="spacer battle-history"><br></div><div class="battle-history">The opposing Scyther fainted!<br></div><div class="chat chatmessage-hotsxyavailable"><strong style="color:hsl(271,84%,53.7921784954391%)"><small>★</small><span class="username" data-name="HOT SXY AVAILABLE">HOT SXY AVAILABLE</span>:</strong> <em>wait</em></div><div class="chat chatmessage-hotsxyavailable"><strong style="color:hsl(271,84%,53.7921784954391%)"><small>★</small><span class="username" data-name="HOT SXY AVAILABLE">HOT SXY AVAILABLE</span>:</strong> <em>ur faster?</em></div><div class="chat chatmessage-hotsxyavailable"><strong style="color:hsl(271,84%,53.7921784954391%)"><small>★</small><span class="username" data-name="HOT SXY AVAILABLE">HOT SXY AVAILABLE</span>:</strong> <em>!dt drapion</em></div><div class="chat message-error">[outdated code no longer supported]</div><div class="chat"><font size="1"><font color="#686868">Dex#:</font> 452&nbsp;|  <font color="#686868">Gen:</font> 4&nbsp;|  <font color="#686868">Height:</font> 1.3 m&nbsp;|  <font color="#686868">Weight:</font> 61.5 kg <em>(80 BP)</em>&nbsp;|  <font color="#686868">Dex Colour:</font> Purple&nbsp;|  <font color="#686868">Egg Group(s):</font> Bug, Water 3&nbsp;|  <font color="#686868">Does Not Evolve</font></font></div><div class="spacer battle-history"><br></div><div class="battle-history">HOT SXY AVAILABLE sent out <strong>Venusaur</strong>!<br></div><div class="spacer battle-history"><br></div><h2 class="battle-history">Turn 36</h2><div class="chat chatmessage-hotsxyavailable"><strong style="color:hsl(271,84%,53.7921784954391%)"><small>★</small><span class="username" data-name="HOT SXY AVAILABLE">HOT SXY AVAILABLE</span>:</strong> <em>!dt scizor</em></div><div class="chat message-error">[outdated code no longer supported]</div><div class="chat"><font size="1"><font color="#686868">Dex#:</font> 212&nbsp;|  <font color="#686868">Gen:</font> 2&nbsp;|  <font color="#686868">Height:</font> 1.8 m&nbsp;|  <font color="#686868">Weight:</font> 118 kg <em>(100 BP)</em>&nbsp;|  <font color="#686868">Dex Colour:</font> Red&nbsp;|  <font color="#686868">Egg Group(s):</font> Bug&nbsp;|  <font color="#686868">Does Not Evolve</font></font></div><div class="chat chatmessage-hotsxyavailable"><strong style="color:hsl(271,84%,53.7921784954391%)"><small>★</small><span class="username" data-name="HOT SXY AVAILABLE">HOT SXY AVAILABLE</span>:</strong> <em>!dt scyther</em></div><div class="chat message-error">[outdated code no longer supported]</div><div class="chat"><font size="1"><font color="#686868">Dex#:</font> 123&nbsp;|  <font color="#686868">Gen:</font> 1&nbsp;|  <font color="#686868">Height:</font> 1.5 m&nbsp;|  <font color="#686868">Weight:</font> 56 kg <em>(80 BP)</em>&nbsp;|  <font color="#686868">Dex Colour:</font> Green&nbsp;|  <font color="#686868">Egg Group(s):</font> Bug&nbsp;|  <font color="#686868">Evolution:</font> Scizor (1)</font></div><div class="chat chatmessage-improbable"><strong style="color:hsl(129,42%,43%)"><small>★</small><span class="username" data-name="improbable">improbable</span>:</strong> <em>....</em></div><div class="chat chatmessage-hotsxyavailable"><strong style="color:hsl(271,84%,53.7921784954391%)"><small>★</small><span class="username" data-name="HOT SXY AVAILABLE">HOT SXY AVAILABLE</span>:</strong> <em>oh</em></div><div class="chat chatmessage-improbable"><strong style="color:hsl(129,42%,43%)"><small>★</small><span class="username" data-name="improbable">improbable</span>:</strong> <em>scizor.</em></div><div class="chat chatmessage-hotsxyavailable"><strong style="color:hsl(271,84%,53.7921784954391%)"><small>★</small><span class="username" data-name="HOT SXY AVAILABLE">HOT SXY AVAILABLE</span>:</strong> <em>right</em></div><div class="chat chatmessage-hotsxyavailable"><strong style="color:hsl(271,84%,53.7921784954391%)"><small>★</small><span class="username" data-name="HOT SXY AVAILABLE">HOT SXY AVAILABLE</span>:</strong> <em>im adamant</em></div><div class="chat chatmessage-hotsxyavailable"><strong style="color:hsl(271,84%,53.7921784954391%)"><small>★</small><span class="username" data-name="HOT SXY AVAILABLE">HOT SXY AVAILABLE</span>:</strong> <em>haha</em></div><div class="chat chatmessage-improbable"><strong style="color:hsl(129,42%,43%)"><small>★</small><span class="username" data-name="improbable">improbable</span>:</strong> <em>ur adamant</em></div><div class="chat chatmessage-improbable"><strong style="color:hsl(129,42%,43%)"><small>★</small><span class="username" data-name="improbable">improbable</span>:</strong> <em>yea</em></div><div class="spacer battle-history"><br></div><div class="battle-history">Drapion, come back!<br></div><div class="battle-history">Go! <strong>Blastoise</strong>!<br></div><div class="spacer battle-history"><br></div><div class="battle-history">The opposing Venusaur used <strong>Sludge Bomb</strong>!<br></div><div class="battle-history"><small>(Blastoise lost <abbr title="−156/362">43.1%</abbr> of its health!)</small><br></div><div class="battle-history"><small>The opposing Venusaur lost some of its HP!</small><br></div><div class="spacer battle-history"><br></div><div class="battle-history"><small>Blastoise restored a little HP using its Leftovers!</small><br></div><div class="spacer battle-history"><br></div><h2 class="battle-history">Turn 37</h2><div class="chat chatmessage-hotsxyavailable"><strong style="color:hsl(271,84%,53.7921784954391%)"><small>★</small><span class="username" data-name="HOT SXY AVAILABLE">HOT SXY AVAILABLE</span>:</strong> <em>oh god</em></div><div class="chat chatmessage-improbable"><strong style="color:hsl(129,42%,43%)"><small>★</small><span class="username" data-name="improbable">improbable</span>:</strong> <em>catch that</em></div><div class="chat chatmessage-improbable"><strong style="color:hsl(129,42%,43%)"><small>★</small><span class="username" data-name="improbable">improbable</span>:</strong> <em>LO</em></div><div class="chat chatmessage-hotsxyavailable"><strong style="color:hsl(271,84%,53.7921784954391%)"><small>★</small><span class="username" data-name="HOT SXY AVAILABLE">HOT SXY AVAILABLE</span>:</strong> <em>was that a throw</em></div><div class="spacer battle-history"><br></div><div class="battle-history">The opposing Venusaur used <strong>Sludge Bomb</strong>!<br></div><div class="battle-history"><small>A critical hit!</small><br></div><div class="battle-history"><small>(Blastoise lost <abbr title="−32/362">8.8%</abbr> of its health!)</small><br></div><div class="battle-history"><small>The opposing Venusaur lost some of its HP!</small><br></div><div class="spacer battle-history"><br></div><div class="battle-history">Blastoise fainted!<br></div><div class="spacer battle-history"><br></div><div class="battle-history">Go! <strong>Drapion</strong>!<br></div><div class="spacer battle-history"><br></div><h2 class="battle-history">Turn 38</h2><div class="chat chatmessage-improbable"><strong style="color:hsl(129,42%,43%)"><small>★</small><span class="username" data-name="improbable">improbable</span>:</strong> <em>u know what was a throw</em></div><div class="chat chatmessage-hotsxyavailable"><strong style="color:hsl(271,84%,53.7921784954391%)"><small>★</small><span class="username" data-name="HOT SXY AVAILABLE">HOT SXY AVAILABLE</span>:</strong> <em>let us see</em></div><div class="chat chatmessage-improbable"><strong style="color:hsl(129,42%,43%)"><small>★</small><span class="username" data-name="improbable">improbable</span>:</strong> <em>my FUCKING EQ</em></div><div class="chat chatmessage-improbable"><strong style="color:hsl(129,42%,43%)"><small>★</small><span class="username" data-name="improbable">improbable</span>:</strong> <em>LOL</em></div><div class="chat chatmessage-improbable"><strong style="color:hsl(129,42%,43%)"><small>★</small><span class="username" data-name="improbable">improbable</span>:</strong> <em>I GOT AIDS</em></div><div class="chat chatmessage-improbable"><strong style="color:hsl(129,42%,43%)"><small>★</small><span class="username" data-name="improbable">improbable</span>:</strong> <em>NO</em></div><div class="chat chatmessage-hotsxyavailable"><strong style="color:hsl(271,84%,53.7921784954391%)"><small>★</small><span class="username" data-name="HOT SXY AVAILABLE">HOT SXY AVAILABLE</span>:</strong> <em>watch this</em></div><div class="spacer battle-history"><br></div><div class="battle-history">Drapion used <strong>Knock Off</strong>!<br></div><div class="battle-history"><small>(The opposing Venusaur lost <abbr title="−148/301">49.2%</abbr> of its health!)</small><br></div><div class="battle-history"><small>Drapion knocked off the opposing Venusaur's Life Orb!</small><br></div><div class="spacer battle-history"><br></div><div class="battle-history">The opposing Venusaur used <strong>Sludge Bomb</strong>!<br></div><div class="battle-history"><small>It's not very effective...</small><br></div><div class="battle-history"><small>(Drapion lost <abbr title="−29/281">10.3%</abbr> of its health!)</small><br></div><div class="spacer battle-history"><br></div><div class="battle-history">Drapion fainted!<br></div><div class="spacer battle-history"><br></div><div class="battle-history"><strong>HOT SXY AVAILABLE</strong> won the battle!<br></div></div><div class="inner-preempt"></div></div></div>
</div>
<script>
let daily = Math.floor(Date.now()/1000/60/60/24);document.write('<script src="https://play.pokemonshowdown.com/js/replay-embed.js?version'+daily+'"></'+'script>');
</script>
