<!DOCTYPE html>
<meta charset="utf-8" />
<!-- version 1 -->
<title>UU replay: Follar vs. 19freon86md</title>
<style>
html,body {font-family:Verdana, sans-serif;font-size:10pt;margin:0;padding:0;}body{padding:12px 0;} .battle-log {font-family:Verdana, sans-serif;font-size:10pt;} .battle-log-inline {border:1px solid #AAAAAA;background:#EEF2F5;color:black;max-width:640px;margin:0 auto 80px;padding-bottom:5px;} .battle-log .inner {padding:4px 8px 0px 8px;} .battle-log .inner-preempt {padding:0 8px 4px 8px;} .battle-log .inner-after {margin-top:0.5em;} .battle-log h2 {margin:0.5em -8px;padding:4px 8px;border:1px solid #AAAAAA;background:#E0E7EA;border-left:0;border-right:0;font-family:Verdana, sans-serif;font-size:13pt;} .battle-log .chat {vertical-align:middle;padding:3px 0 3px 0;font-size:8pt;} .battle-log .chat strong {color:#40576A;} .battle-log .chat em {padding:1px 4px 1px 3px;color:#000000;font-style:normal;} .chat.mine {background:rgba(0,0,0,0.05);margin-left:-8px;margin-right:-8px;padding-left:8px;padding-right:8px;} .spoiler {color:#BBBBBB;background:#BBBBBB;padding:0px 3px;} .spoiler:hover, .spoiler:active, .spoiler-shown {color:#000000;background:#E2E2E2;padding:0px 3px;} .spoiler a {color:#BBBBBB;} .spoiler:hover a, .spoiler:active a, .spoiler-shown a {color:#2288CC;} .chat code, .chat .spoiler:hover code, .chat .spoiler:active code, .chat .spoiler-shown code {border:1px solid #C0C0C0;background:#EEEEEE;color:black;padding:0 2px;} .chat .spoiler code {border:1px solid #CCCCCC;background:#CCCCCC;color:#CCCCCC;} .battle-log .rated {padding:3px 4px;} .battle-log .rated strong {color:white;background:#89A;padding:1px 4px;border-radius:4px;} .spacer {margin-top:0.5em;} .message-announce {background:#6688AA;color:white;padding:1px 4px 2px;} .message-announce a, .broadcast-green a, .broadcast-blue a, .broadcast-red a {color:#DDEEFF;} .broadcast-green {background-color:#559955;color:white;padding:2px 4px;} .broadcast-blue {background-color:#6688AA;color:white;padding:2px 4px;} .infobox {border:1px solid #6688AA;padding:2px 4px;} .infobox-limited {max-height:200px;overflow:auto;overflow-x:hidden;} .broadcast-red {background-color:#AA5544;color:white;padding:2px 4px;} .message-learn-canlearn {font-weight:bold;color:#228822;text-decoration:underline;} .message-learn-cannotlearn {font-weight:bold;color:#CC2222;text-decoration:underline;} .message-effect-weak {font-weight:bold;color:#CC2222;} .message-effect-resist {font-weight:bold;color:#6688AA;} .message-effect-immune {font-weight:bold;color:#666666;} .message-learn-list {margin-top:0;margin-bottom:0;} .message-throttle-notice, .message-error {color:#992222;} .message-overflow, .chat small.message-overflow {font-size:0pt;} .message-overflow::before {font-size:9pt;content:'...';} .subtle {color:#3A4A66;}
</style>
<div class="wrapper replay-wrapper" style="max-width:1180px;margin:0 auto">
<input type="hidden" name="replayid" value="uu-548364948" />
<div class="battle"></div><div class="battle-log"></div><div class="replay-controls"></div><div class="replay-controls-2"></div>
<h1 style="font-weight:normal;text-align:center"><strong>UU</strong><br /><a href="http://pokemonshowdown.com/users/follar" class="subtle" target="_blank">Follar</a> vs. <a href="http://pokemonshowdown.com/users/19freon86md" class="subtle" target="_blank">19freon86md</a></h1>
<script type="text/plain" class="battle-log-data">|j|Follar
|j|19freon86md
|player|p1|Follar|256
|player|p2|19freon86md|137
|gametype|singles
|gen|6
|tier|UU
|seed|2005,62719,2938,29294
|rule|Sleep Clause Mod: Limit one foe put to sleep
|rule|Species Clause: Limit one of each Pokémon
|rule|OHKO Clause: OHKO moves are banned
|rule|Moody Clause: Moody is banned
|rule|Evasion Moves Clause: Evasion moves are banned
|rule|Endless Battle Clause: Forcing endless battles is banned
|rule|HP Percentage Mod: HP is shown in percentages
|clearpoke
|poke|p1|Galvantula, M|item
|poke|p1|Donphan, M|item
|poke|p1|Zangoose, M|item
|poke|p1|Sableye, M|item
|poke|p1|Swellow, M|item
|poke|p1|Sceptile, M|item
|poke|p2|Shaymin, shiny|item
|poke|p2|Lucario, F, shiny|item
|poke|p2|Arcanine, F, shiny|item
|poke|p2|Milotic, M, shiny|item
|poke|p2|Hydreigon, M, shiny|item
|poke|p2|Forretress, F, shiny|item
|rule|Swagger Clause: Swagger is banned
|rule|Baton Pass Clause: Limit one Baton Passer, can't pass Spe and other stats simultaneously
|teampreview
|c|☆19freon86md|I saw you scout
|c|☆Follar|gl hf
|j|BRIANWow.
|c|☆19freon86md|Right back at ya
|c|☆Follar|scout? ( i am spanish)
|j|Renfur®
|choice|team 1, team 2, team 3, team 4, team 5, team 6|team 4, team 2, team 3, team 1, team 5, team 6
|
|start
|switch|p1a: Galvantula|Galvantula, M|281\/281
|switch|p2a: Milotic|Milotic, M, shiny|394\/394
|turn|1
|choice|move thunder|move scald
|
|move|p1a: Galvantula|Thunder|p2a: Milotic
|-supereffective|p2a: Milotic
|-damage|p2a: Milotic|130\/394
|move|p2a: Milotic|Scald|p1a: Galvantula
|-damage|p1a: Galvantula|127\/281
|-status|p1a: Galvantula|brn
|
|-heal|p2a: Milotic|154\/394|[from] item: Leftovers
|-damage|p1a: Galvantula|92\/281 brn|[from] brn
|upkeep
|turn|2
|c|☆19freon86md|Watch my battle
|choice|move stickyweb|switch 5
|
|switch|p2a: Hydreigon|Hydreigon, M, shiny|325\/325
|move|p1a: Galvantula|Sticky Web|p2a: Hydreigon
|-sidestart|p2: 19freon86md|move: Sticky Web
|
|-damage|p1a: Galvantula|57\/281 brn|[from] brn
|upkeep
|turn|3
|c|☆Follar|haha
|choice|move bugbuzz|switch 6
|
|switch|p2a: Forretress|Forretress, F, shiny|291\/291
|-activate|p2a: Forretress|move: Sticky Web
|-unboost|p2a: Forretress|spe|1
|move|p1a: Galvantula|Bug Buzz|p2a: Forretress
|-resisted|p2a: Forretress
|-damage|p2a: Forretress|228\/291
|
|-heal|p2a: Forretress|246\/291|[from] item: Leftovers
|-damage|p1a: Galvantula|22\/281 brn|[from] brn
|upkeep
|turn|4
|choice|switch 4|move rapidspin
|
|switch|p1a: Sableye|Sableye, M|304\/304
|move|p2a: Forretress|Rapid Spin|p1a: Sableye
|-immune|p1a: Sableye|[msg]
|
|-heal|p2a: Forretress|264\/291|[from] item: Leftovers
|upkeep
|turn|5
|choice|move willowisp|switch 4
|
|switch|p2a: Shaymin|Shaymin, shiny|342\/342
|-activate|p2a: Shaymin|move: Sticky Web
|-unboost|p2a: Shaymin|spe|1
|move|p1a: Sableye|Will-O-Wisp|p2a: Shaymin
|-status|p2a: Shaymin|brn
|
|-damage|p2a: Shaymin|300\/342 brn|[from] brn
|upkeep
|turn|6
|c| Renfur®|haa
|choice|switch 5|move substitute
|
|switch|p1a: Swellow|Swellow, M|261\/261
|move|p2a: Shaymin|Substitute|p2a: Shaymin
|-start|p2a: Shaymin|Substitute
|-damage|p2a: Shaymin|215\/342 brn
|
|-heal|p2a: Shaymin|236\/342 brn|[from] item: Leftovers
|-damage|p2a: Shaymin|194\/342 brn|[from] brn
|-status|p1a: Swellow|brn|[from] item: Flame Orb
|upkeep
|turn|7
|choice|move bravebird|move leechseed
|
|move|p1a: Swellow|Brave Bird|p2a: Shaymin
|-supereffective|p2a: Shaymin
|-end|p2a: Shaymin|Substitute
|-damage|p1a: Swellow|233\/261 brn|[from] recoil|[of] p2a: Shaymin
|move|p2a: Shaymin|Leech Seed|p1a: Swellow
|-start|p1a: Swellow|move: Leech Seed
|
|-heal|p2a: Shaymin|215\/342 brn|[from] item: Leftovers
|-damage|p1a: Swellow|201\/261 brn|[from] Leech Seed|[of] p2a: Shaymin
|-heal|p2a: Shaymin|247\/342 brn|[silent]
|-damage|p1a: Swellow|169\/261 brn|[from] brn
|-damage|p2a: Shaymin|205\/342 brn|[from] brn
|upkeep
|turn|8
|choice|move uturn|switch 2
|
|-curestatus|p2a: Shaymin|brn|[from] ability: Natural Cure
|switch|p2a: Lucario|Lucario, F, shiny|281\/281
|-activate|p2a: Lucario|move: Sticky Web
|-unboost|p2a: Lucario|spe|1
|move|p1a: Swellow|U-turn|p2a: Lucario
|-resisted|p2a: Lucario
|-damage|p2a: Lucario|253\/281
|choice|switch 2|
|
|switch|p1a: Donphan|Donphan, M|384\/384
|
|upkeep
|turn|9
|choice|move stealthrock|move closecombat
|
|move|p2a: Lucario|Close Combat|p1a: Donphan
|-damage|p1a: Donphan|209\/384
|-unboost|p2a: Lucario|def|1
|-unboost|p2a: Lucario|spd|1
|-damage|p2a: Lucario|225\/281|[from] item: Life Orb
|move|p1a: Donphan|Stealth Rock|p2a: Lucario
|-sidestart|p2: 19freon86md|move: Stealth Rock
|
|-heal|p1a: Donphan|233\/384|[from] item: Leftovers
|upkeep
|turn|10
|choice|move earthquake|switch 4
|
|switch|p2a: Forretress|Forretress, F, shiny|264\/291
|-damage|p2a: Forretress|228\/291|[from] Stealth Rock
|-activate|p2a: Forretress|move: Sticky Web
|-unboost|p2a: Forretress|spe|1
|move|p1a: Donphan|Earthquake|p2a: Forretress
|-damage|p2a: Forretress|116\/291
|
|-heal|p1a: Donphan|257\/384|[from] item: Leftovers
|-heal|p2a: Forretress|134\/291|[from] item: Leftovers
|upkeep
|turn|11
|c|☆19freon86md|dang that stinks
|choice|switch 2|move rapidspin
|
|switch|p1a: Swellow|Swellow, M|169\/261 brn
|move|p2a: Forretress|Rapid Spin|p1a: Swellow
|-damage|p1a: Swellow|145\/261 brn
|-sideend|p2: 19freon86md|Stealth Rock|[from] move: Rapid Spin|[of] p2a: Forretress
|-sideend|p2: 19freon86md|Sticky Web|[from] move: Rapid Spin|[of] p2a: Forretress
|
|-heal|p2a: Forretress|152\/291|[from] item: Leftovers
|-damage|p1a: Swellow|113\/261 brn|[from] brn
|upkeep
|turn|12
|c|☆Follar|missclick fuck
|choice|move bravebird|switch 4
|
|switch|p2a: Lucario|Lucario, F, shiny|225\/281
|move|p1a: Swellow|Brave Bird|p2a: Lucario
|-damage|p2a: Lucario|0 fnt
|-damage|p1a: Swellow|39\/261 brn|[from] recoil|[of] p2a: Lucario
|faint|p2a: Lucario
|
|-damage|p1a: Swellow|7\/261 brn|[from] brn
|upkeep
|choice||switch 3
|
|switch|p2a: Arcanine|Arcanine, F, shiny|321\/321
|turn|13
|c|☆19freon86md|dang misclicks are the worst
|choice|switch 5|move extremespeed
|
|switch|p1a: Sableye|Sableye, M|304\/304
|move|p2a: Arcanine|Extreme Speed|p1a: Sableye
|-immune|p1a: Sableye|[msg]
|
|upkeep
|turn|14
|choice|move knockoff|move flareblitz
|
|move|p2a: Arcanine|Flare Blitz|p1a: Sableye
|-damage|p1a: Sableye|0 fnt
|-damage|p2a: Arcanine|221\/321|[from] recoil|[of] p1a: Sableye
|-damage|p2a: Arcanine|189\/321|[from] item: Life Orb
|faint|p1a: Sableye
|
|upkeep
|l|BRIANWow.
|choice|switch 4|
|
|switch|p1a: Galvantula|Galvantula, M|22\/281 brn
|turn|15
|c|☆19freon86md|Lost a battle cause of a misclick
|choice|switch 2|move extremespeed
|
|switch|p1a: Donphan|Donphan, M|257\/384
|move|p2a: Arcanine|Extreme Speed|p1a: Donphan
|-damage|p1a: Donphan|180\/384
|-damage|p2a: Arcanine|157\/321|[from] item: Life Orb
|
|-heal|p1a: Donphan|204\/384|[from] item: Leftovers
|upkeep
|turn|16
|choice|move earthquake|switch 2
|
|switch|p2a: Shaymin|Shaymin, shiny|205\/342
|move|p1a: Donphan|Earthquake|p2a: Shaymin
|-resisted|p2a: Shaymin
|-damage|p2a: Shaymin|133\/342
|
|-heal|p2a: Shaymin|154\/342|[from] item: Leftovers
|-heal|p1a: Donphan|228\/384|[from] item: Leftovers
|upkeep
|turn|17
|choice|move stealthrock|move leechseed
|
|move|p2a: Shaymin|Leech Seed|p1a: Donphan
|-start|p1a: Donphan|move: Leech Seed
|move|p1a: Donphan|Stealth Rock|p2a: Shaymin
|-sidestart|p2: 19freon86md|move: Stealth Rock
|
|-heal|p2a: Shaymin|175\/342|[from] item: Leftovers
|-heal|p1a: Donphan|252\/384|[from] item: Leftovers
|-damage|p1a: Donphan|204\/384|[from] Leech Seed|[of] p2a: Shaymin
|-heal|p2a: Shaymin|223\/342|[silent]
|upkeep
|turn|18
|choice|switch 2|move substitute
|
|switch|p1a: Galvantula|Galvantula, M|22\/281 brn
|move|p2a: Shaymin|Substitute|p2a: Shaymin
|-start|p2a: Shaymin|Substitute
|-damage|p2a: Shaymin|138\/342
|
|-heal|p2a: Shaymin|159\/342|[from] item: Leftovers
|-damage|p1a: Galvantula|0 fnt|[from] brn
|upkeep
|faint|p1a: Galvantula
|choice|switch 6|
|
|switch|p1a: Sceptile|Sceptile, M|281\/281
|turn|19
|choice|move hiddenpower mega|move airslash
|
|detailschange|p1a: Sceptile|Sceptile-Mega, M
|-mega|p1a: Sceptile|Sceptile|Sceptilite
|move|p1a: Sceptile|Hidden Power|p2a: Shaymin
|-supereffective|p2a: Shaymin
|-end|p2a: Shaymin|Substitute
|move|p2a: Shaymin|Air Slash|p1a: Sceptile
|-supereffective|p1a: Sceptile
|-damage|p1a: Sceptile|115\/281
|
|-heal|p2a: Shaymin|180\/342|[from] item: Leftovers
|upkeep
|turn|20
|choice|move hiddenpower|switch 2
|
|switch|p2a: Arcanine|Arcanine, F, shiny|157\/321
|-damage|p2a: Arcanine|77\/321|[from] Stealth Rock
|move|p1a: Sceptile|Hidden Power|p2a: Arcanine
|-resisted|p2a: Arcanine
|-damage|p2a: Arcanine|25\/321
|
|upkeep
|turn|21
|choice|switch 2|move extremespeed
|
|switch|p1a: Donphan|Donphan, M|204\/384
|move|p2a: Arcanine|Extreme Speed|p1a: Donphan
|-damage|p1a: Donphan|122\/384
|-damage|p2a: Arcanine|0 fnt|[from] item: Life Orb
|faint|p2a: Arcanine
|
|-heal|p1a: Donphan|146\/384|[from] item: Leftovers
|upkeep
|choice||switch 2
|
|switch|p2a: Shaymin|Shaymin, shiny|180\/342
|-damage|p2a: Shaymin|138\/342|[from] Stealth Rock
|turn|22
|choice|move iceshard|move substitute
|
|move|p1a: Donphan|Ice Shard|p2a: Shaymin
|-supereffective|p2a: Shaymin
|-damage|p2a: Shaymin|60\/342
|move|p2a: Shaymin|Substitute|p2a: Shaymin
|-fail|p2a: Shaymin|move: Substitute|[weak]
|
|-heal|p2a: Shaymin|81\/342|[from] item: Leftovers
|-heal|p1a: Donphan|170\/384|[from] item: Leftovers
|upkeep
|turn|23
|choice|move iceshard|switch 4
|
|switch|p2a: Forretress|Forretress, F, shiny|152\/291
|-damage|p2a: Forretress|116\/291|[from] Stealth Rock
|move|p1a: Donphan|Ice Shard|p2a: Forretress
|-resisted|p2a: Forretress
|-damage|p2a: Forretress|103\/291
|
|-heal|p1a: Donphan|194\/384|[from] item: Leftovers
|-heal|p2a: Forretress|121\/291|[from] item: Leftovers
|upkeep
|turn|24
|j|ArthurNhaNha
|choice|move earthquake|move rapidspin
|
|move|p1a: Donphan|Earthquake|p2a: Forretress
|-damage|p2a: Forretress|27\/291
|move|p2a: Forretress|Rapid Spin|p1a: Donphan
|-damage|p1a: Donphan|183\/384
|-sideend|p2: 19freon86md|Stealth Rock|[from] move: Rapid Spin|[of] p2a: Forretress
|
|-heal|p1a: Donphan|207\/384|[from] item: Leftovers
|-heal|p2a: Forretress|45\/291|[from] item: Leftovers
|upkeep
|turn|25
|choice|move earthquake|switch 6
|
|switch|p2a: Hydreigon|Hydreigon, M, shiny|325\/325
|move|p1a: Donphan|Earthquake|p2a: Hydreigon
|-immune|p2a: Hydreigon|[msg]|[from] ability: Levitate
|
|-heal|p1a: Donphan|231\/384|[from] item: Leftovers
|upkeep
|turn|26
|choice|move stealthrock|move darkpulse
|
|move|p2a: Hydreigon|Dark Pulse|p1a: Donphan
|-damage|p1a: Donphan|0 fnt
|faint|p1a: Donphan
|
|upkeep
|choice|switch 5|
|
|switch|p1a: Swellow|Swellow, M|7\/261 brn
|turn|27
|choice|move bravebird|switch 6
|
|switch|p2a: Forretress|Forretress, F, shiny|45\/291
|move|p1a: Swellow|Brave Bird|p2a: Forretress
|-damage|p2a: Forretress|0 fnt
|-damage|p1a: Swellow|0 fnt|[from] recoil|[of] p2a: Forretress
|faint|p2a: Forretress
|faint|p1a: Swellow
|
|upkeep
|j|Squirl2729
|choice|switch 3|switch 6
|
|switch|p2a: Hydreigon|Hydreigon, M, shiny|325\/325
|switch|p1a: Shibata|Zangoose, M|288\/288
|turn|28
|choice|move protect|move darkpulse
|
|move|p1a: Shibata|Protect|p1a: Shibata
|-singleturn|p1a: Shibata|Protect
|move|p2a: Hydreigon|Dark Pulse|p1a: Shibata
|-activate|p1a: Shibata|move: Protect
|
|-status|p1a: Shibata|tox|[from] item: Toxic Orb
|upkeep
|turn|29
|j|Temid
|j|luigioka
|choice|move facade|move darkpulse
|
|move|p2a: Hydreigon|Dark Pulse|p1a: Shibata
|-damage|p1a: Shibata|0 fnt
|faint|p1a: Shibata
|
|upkeep
|l|Temid
|choice|switch 2|
|
|switch|p1a: Sceptile|Sceptile-Mega, M|115\/281
|turn|30
|choice|move dragonpulse|move darkpulse
|
|move|p1a: Sceptile|Dragon Pulse|p2a: Hydreigon
|-supereffective|p2a: Hydreigon
|-damage|p2a: Hydreigon|0 fnt
|faint|p2a: Hydreigon
|
|upkeep
|choice||switch 5
|
|switch|p2a: Milotic|Milotic, M, shiny|154\/394
|turn|31
|choice|move leafstorm|move recover
|
|move|p1a: Sceptile|Leaf Storm|p2a: Milotic
|-supereffective|p2a: Milotic
|-damage|p2a: Milotic|0 fnt
|-unboost|p1a: Sceptile|spa|2
|faint|p2a: Milotic
|
|upkeep
|j|BRIANWow.
|choice||switch 4
|
|switch|p2a: Shaymin|Shaymin, shiny|81\/342
|turn|32
|choice|move dragonpulse|move airslash
|
|move|p1a: Sceptile|Dragon Pulse|p2a: Shaymin
|-damage|p2a: Shaymin|0 fnt
|faint|p2a: Shaymin
|
|win|Follar
|player|p1
|player|p2
|l|BRIANWow.
|l|ArthurNhaNha
|l|19freon86md
|c|☆Follar|gg
|j|Gabob_25
|l|Gabob_25
|j|Gabob_25
|l|Gabob_25
|j|19freon86md
|l|19freon86md
|j|Gabob_25
|j|19freon86md
|l|Gabob_25
|l|19freon86md
|l|Squirl2729</script>
</div>
<div class="battle-log battle-log-inline"><div class="inner"><div class="battle-options"></div><div class="inner"><div class="chat"><small>Follar joined.</small></div><div class="chat"><small>19freon86md joined.</small></div><div class=""><small>Format:</small> <br><strong>UU</strong></div><div class=""><small><em>Sleep Clause Mod:</em> Limit one foe put to sleep</small></div><div class=""><small><em>Species Clause:</em> Limit one of each Pokémon</small></div><div class=""><small><em>OHKO Clause:</em> OHKO moves are banned</small></div><div class=""><small><em>Moody Clause:</em> Moody is banned</small></div><div class=""><small><em>Evasion Moves Clause:</em> Evasion moves are banned</small></div><div class=""><small><em>Endless Battle Clause:</em> Forcing endless battles is banned</small></div><div class=""><small><em>HP Percentage Mod:</em> HP is shown in percentages</small></div><div class=""><small><em>Swagger Clause:</em> Swagger is banned</small></div><div class=""><small><em>Baton Pass Clause:</em> Limit one Baton Passer, can't pass Spe and other stats simultaneously</small></div><div class="chat battle-history"><strong>Follar's team:</strong> <em style="color:#445566;display:block;">Galvantula / Donphan / Zangoose / Sableye / Swellow / Sceptile</em></div><div class="chat battle-history"><strong>19freon86md's team:</strong> <em style="color:#445566;display:block;">Shaymin / Lucario / Arcanine / Milotic / Hydreigon / Forretress</em></div><div class="chat chatmessage-19freon86md"><strong style="color:hsl(69,78%,33.83920343171105%)"><small>☆</small><span class="username" data-name="19freon86md">19freon86md</span>:</strong> <em>I saw you scout</em></div><div class="chat chatmessage-follar"><strong style="color:hsl(347,72%,45.868509513613425%)"><small>☆</small><span class="username" data-name="Follar">Follar</span>:</strong> <em>gl hf</em></div><div class="chat"><small>BRIANWow. joined.</small></div><div class="chat chatmessage-19freon86md"><strong style="color:hsl(69,78%,33.83920343171105%)"><small>☆</small><span class="username" data-name="19freon86md">19freon86md</span>:</strong> <em>Right back at ya</em></div><div class="chat chatmessage-follar"><strong style="color:hsl(347,72%,45.868509513613425%)"><small>☆</small><span class="username" data-name="Follar">Follar</span>:</strong> <em>scout? ( i am spanish)</em></div><div class="chat"><small>Renfur® joined.</small></div><div class="spacer battle-history"><br></div><div class="battle-history">Battle started between Follar and 19freon86md!<br></div><div class="spacer battle-history"><br></div><div class="battle-history">Go! <strong>Galvantula</strong>!<br></div><div class="spacer battle-history"><br></div><div class="battle-history">19freon86md sent out <strong>Milotic</strong>!<br></div><div class="spacer battle-history"><br></div><h2 class="battle-history">Turn 1</h2><div class="spacer battle-history"><br></div><div class="battle-history">Galvantula used <strong>Thunder</strong>!<br></div><div class="battle-history"><small>It's super effective!</small><br></div><div class="battle-history"><small>(The opposing Milotic lost <abbr title="−264/394">67.0%</abbr> of its health!)</small><br></div><div class="spacer battle-history"><br></div><div class="battle-history">The opposing Milotic used <strong>Scald</strong>!<br></div><div class="battle-history"><small>(Galvantula lost <abbr title="−154/281">54.8%</abbr> of its health!)</small><br></div><div class="battle-history"><small>Galvantula was burned!</small><br></div><div class="spacer battle-history"><br></div><div class="battle-history"><small>The opposing Milotic restored a little HP using its Leftovers!</small><br></div><div class="battle-history"><small>Galvantula was hurt by its burn!</small><br></div><div class="spacer battle-history"><br></div><h2 class="battle-history">Turn 2</h2><div class="chat chatmessage-19freon86md"><strong style="color:hsl(69,78%,33.83920343171105%)"><small>☆</small><span class="username" data-name="19freon86md">19freon86md</span>:</strong> <em>Watch my battle</em></div><div class="spacer battle-history"><br></div><div class="battle-history">19freon86md withdrew Milotic!<br></div><div class="battle-history">19freon86md sent out <strong>Hydreigon</strong>!<br></div><div class="spacer battle-history"><br></div><div class="battle-history">Galvantula used <strong>Sticky Web</strong>!<br></div><div class="battle-history"><small>A sticky web spreads out on the ground around the opposing team!</small><br></div><div class="spacer battle-history"><br></div><div class="battle-history"><small>Galvantula was hurt by its burn!</small><br></div><div class="spacer battle-history"><br></div><h2 class="battle-history">Turn 3</h2><div class="chat chatmessage-follar"><strong style="color:hsl(347,72%,45.868509513613425%)"><small>☆</small><span class="username" data-name="Follar">Follar</span>:</strong> <em>haha</em></div><div class="spacer battle-history"><br></div><div class="battle-history">19freon86md withdrew Hydreigon!<br></div><div class="battle-history">19freon86md sent out <strong>Forretress</strong>!<br></div><div class="battle-history"><small>The opposing Forretress was caught in a sticky web!</small><br></div><div class="battle-history"><small>The opposing Forretress's Speed fell!</small><br></div><div class="spacer battle-history"><br></div><div class="battle-history">Galvantula used <strong>Bug Buzz</strong>!<br></div><div class="battle-history"><small>It's not very effective...</small><br></div><div class="battle-history"><small>(The opposing Forretress lost <abbr title="−63/291">21.6%</abbr> of its health!)</small><br></div><div class="spacer battle-history"><br></div><div class="battle-history"><small>The opposing Forretress restored a little HP using its Leftovers!</small><br></div><div class="battle-history"><small>Galvantula was hurt by its burn!</small><br></div><div class="spacer battle-history"><br></div><h2 class="battle-history">Turn 4</h2><div class="spacer battle-history"><br></div><div class="battle-history">Galvantula, come back!<br></div><div class="battle-history">Go! <strong>Sableye</strong>!<br></div><div class="spacer battle-history"><br></div><div class="battle-history">The opposing Forretress used <strong>Rapid Spin</strong>!<br></div><div class="battle-history"><small>It doesn't affect Sableye...</small><br></div><div class="spacer battle-history"><br></div><div class="battle-history"><small>The opposing Forretress restored a little HP using its Leftovers!</small><br></div><div class="spacer battle-history"><br></div><h2 class="battle-history">Turn 5</h2><div class="spacer battle-history"><br></div><div class="battle-history">19freon86md withdrew Forretress!<br></div><div class="battle-history">19freon86md sent out <strong>Shaymin</strong>!<br></div><div class="battle-history"><small>The opposing Shaymin was caught in a sticky web!</small><br></div><div class="battle-history"><small>The opposing Shaymin's Speed fell!</small><br></div><div class="spacer battle-history"><br></div><div class="battle-history">Sableye used <strong>Will-O-Wisp</strong>!<br></div><div class="battle-history"><small>The opposing Shaymin was burned!</small><br></div><div class="spacer battle-history"><br></div><div class="battle-history"><small>The opposing Shaymin was hurt by its burn!</small><br></div><div class="spacer battle-history"><br></div><h2 class="battle-history">Turn 6</h2><div class="chat chatmessage-renfur"><strong style="color:hsl(266,58%,57.97625662678399%)"><small> </small><span class="username" data-name="Renfur®">Renfur®</span>:</strong> <em>haa</em></div><div class="spacer battle-history"><br></div><div class="battle-history">Sableye, come back!<br></div><div class="battle-history">Go! <strong>Swellow</strong>!<br></div><div class="spacer battle-history"><br></div><div class="battle-history">The opposing Shaymin used <strong>Substitute</strong>!<br></div><div class="battle-history"><small>The opposing Shaymin put in a substitute!</small><br></div><div class="battle-history"><small>(The opposing Shaymin lost <abbr title="−85/342">24.9%</abbr> of its health!)</small><br></div><div class="spacer battle-history"><br></div><div class="battle-history"><small>The opposing Shaymin restored a little HP using its Leftovers!</small><br></div><div class="battle-history"><small>The opposing Shaymin was hurt by its burn!</small><br></div><div class="battle-history"><small>Swellow was burned!</small><br></div><div class="spacer battle-history"><br></div><h2 class="battle-history">Turn 7</h2><div class="spacer battle-history"><br></div><div class="battle-history">Swellow used <strong>Brave Bird</strong>!<br></div><div class="battle-history"><small>It's super effective!</small><br></div><div class="battle-history"><small>The opposing Shaymin's substitute faded!</small><br></div><div class="battle-history"><small>Swellow is damaged by the recoil!</small><br></div><div class="spacer battle-history"><br></div><div class="battle-history">The opposing Shaymin used <strong>Leech Seed</strong>!<br></div><div class="battle-history"><small>Swellow was seeded!</small><br></div><div class="spacer battle-history"><br></div><div class="battle-history"><small>The opposing Shaymin restored a little HP using its Leftovers!</small><br></div><div class="battle-history"><small>Swellow's health is sapped by Leech Seed!</small><br></div><div class="battle-history"><small>Swellow was hurt by its burn!</small><br></div><div class="battle-history"><small>The opposing Shaymin was hurt by its burn!</small><br></div><div class="spacer battle-history"><br></div><h2 class="battle-history">Turn 8</h2><div class="spacer battle-history"><br></div><div class="battle-history"><small>(The opposing Shaymin is cured by its Natural Cure!)</small><br></div><div class="battle-history">19freon86md withdrew Shaymin!<br></div><div class="battle-history">19freon86md sent out <strong>Lucario</strong>!<br></div><div class="battle-history"><small>The opposing Lucario was caught in a sticky web!</small><br></div><div class="battle-history"><small>The opposing Lucario's Speed fell!</small><br></div><div class="spacer battle-history"><br></div><div class="battle-history">Swellow used <strong>U-turn</strong>!<br></div><div class="battle-history"><small>It's not very effective...</small><br></div><div class="battle-history"><small>(The opposing Lucario lost <abbr title="−28/281">10.0%</abbr> of its health!)</small><br></div><div class="spacer battle-history"><br></div><div class="battle-history">Swellow went back to Follar!<br></div><div class="battle-history">Go! <strong>Donphan</strong>!<br></div><div class="spacer battle-history"><br></div><h2 class="battle-history">Turn 9</h2><div class="spacer battle-history"><br></div><div class="battle-history">The opposing Lucario used <strong>Close Combat</strong>!<br></div><div class="battle-history"><small>(Donphan lost <abbr title="−175/384">45.6%</abbr> of its health!)</small><br></div><div class="battle-history"><small>The opposing Lucario's Defense fell!</small><br></div><div class="battle-history"><small>The opposing Lucario's Special Defense fell!</small><br></div><div class="battle-history"><small>The opposing Lucario lost some of its HP!</small><br></div><div class="spacer battle-history"><br></div><div class="battle-history">Donphan used <strong>Stealth Rock</strong>!<br></div><div class="battle-history"><small>Pointed stones float in the air around the opposing team!</small><br></div><div class="spacer battle-history"><br></div><div class="battle-history"><small>Donphan restored a little HP using its Leftovers!</small><br></div><div class="spacer battle-history"><br></div><h2 class="battle-history">Turn 10</h2><div class="spacer battle-history"><br></div><div class="battle-history">19freon86md withdrew Lucario!<br></div><div class="battle-history">19freon86md sent out <strong>Forretress</strong>!<br></div><div class="battle-history"><small>Pointed stones dug into the opposing Forretress!</small><br></div><div class="battle-history"><small>The opposing Forretress was caught in a sticky web!</small><br></div><div class="battle-history"><small>The opposing Forretress's Speed fell!</small><br></div><div class="spacer battle-history"><br></div><div class="battle-history">Donphan used <strong>Earthquake</strong>!<br></div><div class="battle-history"><small>(The opposing Forretress lost <abbr title="−112/291">38.5%</abbr> of its health!)</small><br></div><div class="spacer battle-history"><br></div><div class="battle-history"><small>Donphan restored a little HP using its Leftovers!</small><br></div><div class="battle-history"><small>The opposing Forretress restored a little HP using its Leftovers!</small><br></div><div class="spacer battle-history"><br></div><h2 class="battle-history">Turn 11</h2><div class="chat chatmessage-19freon86md"><strong style="color:hsl(69,78%,33.83920343171105%)"><small>☆</small><span class="username" data-name="19freon86md">19freon86md</span>:</strong> <em>dang that stinks</em></div><div class="spacer battle-history"><br></div><div class="battle-history">Donphan, come back!<br></div><div class="battle-history">Go! <strong>Swellow</strong>!<br></div><div class="spacer battle-history"><br></div><div class="battle-history">The opposing Forretress used <strong>Rapid Spin</strong>!<br></div><div class="battle-history"><small>(Swellow lost <abbr title="−24/261">9.2%</abbr> of its health!)</small><br></div><div class="battle-history"><small>The pointed stones disappeared from around the opposing team!</small><br></div><div class="battle-history"><small>The sticky web has disappeared from the ground around the opposing team!</small><br></div><div class="spacer battle-history"><br></div><div class="battle-history"><small>The opposing Forretress restored a little HP using its Leftovers!</small><br></div><div class="battle-history"><small>Swellow was hurt by its burn!</small><br></div><div class="spacer battle-history"><br></div><h2 class="battle-history">Turn 12</h2><div class="chat chatmessage-follar"><strong style="color:hsl(347,72%,45.868509513613425%)"><small>☆</small><span class="username" data-name="Follar">Follar</span>:</strong> <em>missclick fuck</em></div><div class="spacer battle-history"><br></div><div class="battle-history">19freon86md withdrew Forretress!<br></div><div class="battle-history">19freon86md sent out <strong>Lucario</strong>!<br></div><div class="spacer battle-history"><br></div><div class="battle-history">Swellow used <strong>Brave Bird</strong>!<br></div><div class="battle-history"><small>(The opposing Lucario lost <abbr title="−225/281">80.1%</abbr> of its health!)</small><br></div><div class="battle-history"><small>Swellow is damaged by the recoil!</small><br></div><div class="spacer battle-history"><br></div><div class="battle-history">The opposing Lucario fainted!<br></div><div class="spacer battle-history"><br></div><div class="battle-history"><small>Swellow was hurt by its burn!</small><br></div><div class="spacer battle-history"><br></div><div class="battle-history">19freon86md sent out <strong>Arcanine</strong>!<br></div><div class="spacer battle-history"><br></div><h2 class="battle-history">Turn 13</h2><div class="chat chatmessage-19freon86md"><strong style="color:hsl(69,78%,33.83920343171105%)"><small>☆</small><span class="username" data-name="19freon86md">19freon86md</span>:</strong> <em>dang misclicks are the worst</em></div><div class="spacer battle-history"><br></div><div class="battle-history">Swellow, come back!<br></div><div class="battle-history">Go! <strong>Sableye</strong>!<br></div><div class="spacer battle-history"><br></div><div class="battle-history">The opposing Arcanine used <strong>Extreme Speed</strong>!<br></div><div class="battle-history"><small>It doesn't affect Sableye...</small><br></div><div class="spacer battle-history"><br></div><h2 class="battle-history">Turn 14</h2><div class="spacer battle-history"><br></div><div class="battle-history">The opposing Arcanine used <strong>Flare Blitz</strong>!<br></div><div class="battle-history"><small>(Sableye lost <abbr title="−304/304">100%</abbr> of its health!)</small><br></div><div class="battle-history"><small>The opposing Arcanine is damaged by the recoil!</small><br></div><div class="battle-history"><small>The opposing Arcanine lost some of its HP!</small><br></div><div class="spacer battle-history"><br></div><div class="battle-history">Sableye fainted!<br></div><div class="chat"><small>BRIANWow. left.</small></div><div class="spacer battle-history"><br></div><div class="battle-history">Go! <strong>Galvantula</strong>!<br></div><div class="spacer battle-history"><br></div><h2 class="battle-history">Turn 15</h2><div class="chat chatmessage-19freon86md"><strong style="color:hsl(69,78%,33.83920343171105%)"><small>☆</small><span class="username" data-name="19freon86md">19freon86md</span>:</strong> <em>Lost a battle cause of a misclick</em></div><div class="spacer battle-history"><br></div><div class="battle-history">Galvantula, come back!<br></div><div class="battle-history">Go! <strong>Donphan</strong>!<br></div><div class="spacer battle-history"><br></div><div class="battle-history">The opposing Arcanine used <strong>Extreme Speed</strong>!<br></div><div class="battle-history"><small>(Donphan lost <abbr title="−77/384">20.1%</abbr> of its health!)</small><br></div><div class="battle-history"><small>The opposing Arcanine lost some of its HP!</small><br></div><div class="spacer battle-history"><br></div><div class="battle-history"><small>Donphan restored a little HP using its Leftovers!</small><br></div><div class="spacer battle-history"><br></div><h2 class="battle-history">Turn 16</h2><div class="spacer battle-history"><br></div><div class="battle-history">19freon86md withdrew Arcanine!<br></div><div class="battle-history">19freon86md sent out <strong>Shaymin</strong>!<br></div><div class="spacer battle-history"><br></div><div class="battle-history">Donphan used <strong>Earthquake</strong>!<br></div><div class="battle-history"><small>It's not very effective...</small><br></div><div class="battle-history"><small>(The opposing Shaymin lost <abbr title="−72/342">21.1%</abbr> of its health!)</small><br></div><div class="spacer battle-history"><br></div><div class="battle-history"><small>The opposing Shaymin restored a little HP using its Leftovers!</small><br></div><div class="battle-history"><small>Donphan restored a little HP using its Leftovers!</small><br></div><div class="spacer battle-history"><br></div><h2 class="battle-history">Turn 17</h2><div class="spacer battle-history"><br></div><div class="battle-history">The opposing Shaymin used <strong>Leech Seed</strong>!<br></div><div class="battle-history"><small>Donphan was seeded!</small><br></div><div class="spacer battle-history"><br></div><div class="battle-history">Donphan used <strong>Stealth Rock</strong>!<br></div><div class="battle-history"><small>Pointed stones float in the air around the opposing team!</small><br></div><div class="spacer battle-history"><br></div><div class="battle-history"><small>The opposing Shaymin restored a little HP using its Leftovers!</small><br></div><div class="battle-history"><small>Donphan restored a little HP using its Leftovers!</small><br></div><div class="battle-history"><small>Donphan's health is sapped by Leech Seed!</small><br></div><div class="spacer battle-history"><br></div><h2 class="battle-history">Turn 18</h2><div class="spacer battle-history"><br></div><div class="battle-history">Donphan, come back!<br></div><div class="battle-history">Go! <strong>Galvantula</strong>!<br></div><div class="spacer battle-history"><br></div><div class="battle-history">The opposing Shaymin used <strong>Substitute</strong>!<br></div><div class="battle-history"><small>The opposing Shaymin put in a substitute!</small><br></div><div class="battle-history"><small>(The opposing Shaymin lost <abbr title="−85/342">24.9%</abbr> of its health!)</small><br></div><div class="spacer battle-history"><br></div><div class="battle-history"><small>The opposing Shaymin restored a little HP using its Leftovers!</small><br></div><div class="battle-history"><small>Galvantula was hurt by its burn!</small><br></div><div class="spacer battle-history"><br></div><div class="battle-history">Galvantula fainted!<br></div><div class="spacer battle-history"><br></div><div class="battle-history">Go! <strong>Sceptile</strong>!<br></div><div class="spacer battle-history"><br></div><h2 class="battle-history">Turn 19</h2><div class="spacer battle-history"><br></div><div class="battle-history"><small>Sceptile's Sceptilite is reacting to Follar's Mega Bracelet!</small><br>Sceptile has Mega Evolved into Mega Sceptile!<br></div><div class="spacer battle-history"><br></div><div class="battle-history">Sceptile used <strong>Hidden Power</strong>!<br></div><div class="battle-history"><small>It's super effective!</small><br></div><div class="battle-history"><small>The opposing Shaymin's substitute faded!</small><br></div><div class="spacer battle-history"><br></div><div class="battle-history">The opposing Shaymin used <strong>Air Slash</strong>!<br></div><div class="battle-history"><small>It's super effective!</small><br></div><div class="battle-history"><small>(Sceptile lost <abbr title="−166/281">59.1%</abbr> of its health!)</small><br></div><div class="spacer battle-history"><br></div><div class="battle-history"><small>The opposing Shaymin restored a little HP using its Leftovers!</small><br></div><div class="spacer battle-history"><br></div><h2 class="battle-history">Turn 20</h2><div class="spacer battle-history"><br></div><div class="battle-history">19freon86md withdrew Shaymin!<br></div><div class="battle-history">19freon86md sent out <strong>Arcanine</strong>!<br></div><div class="battle-history"><small>Pointed stones dug into the opposing Arcanine!</small><br></div><div class="spacer battle-history"><br></div><div class="battle-history">Sceptile used <strong>Hidden Power</strong>!<br></div><div class="battle-history"><small>It's not very effective...</small><br></div><div class="battle-history"><small>(The opposing Arcanine lost <abbr title="−52/321">16.2%</abbr> of its health!)</small><br></div><div class="spacer battle-history"><br></div><h2 class="battle-history">Turn 21</h2><div class="spacer battle-history"><br></div><div class="battle-history">Sceptile, come back!<br></div><div class="battle-history">Go! <strong>Donphan</strong>!<br></div><div class="spacer battle-history"><br></div><div class="battle-history">The opposing Arcanine used <strong>Extreme Speed</strong>!<br></div><div class="battle-history"><small>(Donphan lost <abbr title="−82/384">21.4%</abbr> of its health!)</small><br></div><div class="battle-history"><small>The opposing Arcanine lost some of its HP!</small><br></div><div class="spacer battle-history"><br></div><div class="battle-history">The opposing Arcanine fainted!<br></div><div class="spacer battle-history"><br></div><div class="battle-history"><small>Donphan restored a little HP using its Leftovers!</small><br></div><div class="spacer battle-history"><br></div><div class="battle-history">19freon86md sent out <strong>Shaymin</strong>!<br></div><div class="battle-history"><small>Pointed stones dug into the opposing Shaymin!</small><br></div><div class="spacer battle-history"><br></div><h2 class="battle-history">Turn 22</h2><div class="spacer battle-history"><br></div><div class="battle-history">Donphan used <strong>Ice Shard</strong>!<br></div><div class="battle-history"><small>It's super effective!</small><br></div><div class="battle-history"><small>(The opposing Shaymin lost <abbr title="−78/342">22.8%</abbr> of its health!)</small><br></div><div class="spacer battle-history"><br></div><div class="battle-history">The opposing Shaymin used <strong>Substitute</strong>!<br></div><div class="battle-history"><small>But it does not have enough HP left to make a substitute!</small><br></div><div class="spacer battle-history"><br></div><div class="battle-history"><small>The opposing Shaymin restored a little HP using its Leftovers!</small><br></div><div class="battle-history"><small>Donphan restored a little HP using its Leftovers!</small><br></div><div class="spacer battle-history"><br></div><h2 class="battle-history">Turn 23</h2><div class="spacer battle-history"><br></div><div class="battle-history">19freon86md withdrew Shaymin!<br></div><div class="battle-history">19freon86md sent out <strong>Forretress</strong>!<br></div><div class="battle-history"><small>Pointed stones dug into the opposing Forretress!</small><br></div><div class="spacer battle-history"><br></div><div class="battle-history">Donphan used <strong>Ice Shard</strong>!<br></div><div class="battle-history"><small>It's not very effective...</small><br></div><div class="battle-history"><small>(The opposing Forretress lost <abbr title="−13/291">4.5%</abbr> of its health!)</small><br></div><div class="spacer battle-history"><br></div><div class="battle-history"><small>Donphan restored a little HP using its Leftovers!</small><br></div><div class="battle-history"><small>The opposing Forretress restored a little HP using its Leftovers!</small><br></div><div class="spacer battle-history"><br></div><h2 class="battle-history">Turn 24</h2><div class="chat"><small>ArthurNhaNha joined.</small></div><div class="spacer battle-history"><br></div><div class="battle-history">Donphan used <strong>Earthquake</strong>!<br></div><div class="battle-history"><small>(The opposing Forretress lost <abbr title="−94/291">32.3%</abbr> of its health!)</small><br></div><div class="spacer battle-history"><br></div><div class="battle-history">The opposing Forretress used <strong>Rapid Spin</strong>!<br></div><div class="battle-history"><small>(Donphan lost <abbr title="−11/384">2.9%</abbr> of its health!)</small><br></div><div class="battle-history"><small>The pointed stones disappeared from around the opposing team!</small><br></div><div class="spacer battle-history"><br></div><div class="battle-history"><small>Donphan restored a little HP using its Leftovers!</small><br></div><div class="battle-history"><small>The opposing Forretress restored a little HP using its Leftovers!</small><br></div><div class="spacer battle-history"><br></div><h2 class="battle-history">Turn 25</h2><div class="spacer battle-history"><br></div><div class="battle-history">19freon86md withdrew Forretress!<br></div><div class="battle-history">19freon86md sent out <strong>Hydreigon</strong>!<br></div><div class="spacer battle-history"><br></div><div class="battle-history">Donphan used <strong>Earthquake</strong>!<br></div><div class="battle-history"><small>[The opposing Hydreigon's Levitate]</small><br><small>It doesn't affect the opposing Hydreigon...</small><br></div><div class="spacer battle-history"><br></div><div class="battle-history"><small>Donphan restored a little HP using its Leftovers!</small><br></div><div class="spacer battle-history"><br></div><h2 class="battle-history">Turn 26</h2><div class="spacer battle-history"><br></div><div class="battle-history">The opposing Hydreigon used <strong>Dark Pulse</strong>!<br></div><div class="battle-history"><small>(Donphan lost <abbr title="−231/384">60.2%</abbr> of its health!)</small><br></div><div class="spacer battle-history"><br></div><div class="battle-history">Donphan fainted!<br></div><div class="spacer battle-history"><br></div><div class="battle-history">Go! <strong>Swellow</strong>!<br></div><div class="spacer battle-history"><br></div><h2 class="battle-history">Turn 27</h2><div class="spacer battle-history"><br></div><div class="battle-history">19freon86md withdrew Hydreigon!<br></div><div class="battle-history">19freon86md sent out <strong>Forretress</strong>!<br></div><div class="spacer battle-history"><br></div><div class="battle-history">Swellow used <strong>Brave Bird</strong>!<br></div><div class="battle-history"><small>(The opposing Forretress lost <abbr title="−45/291">15.5%</abbr> of its health!)</small><br></div><div class="battle-history"><small>Swellow is damaged by the recoil!</small><br></div><div class="spacer battle-history"><br></div><div class="battle-history">The opposing Forretress fainted!<br></div><div class="battle-history">Swellow fainted!<br></div><div class="chat"><small>Squirl2729 joined.</small></div><div class="spacer battle-history"><br></div><div class="battle-history">19freon86md sent out <strong>Hydreigon</strong>!<br></div><div class="spacer battle-history"><br></div><div class="battle-history">Go! Shibata (<strong>Zangoose</strong>)!<br></div><div class="spacer battle-history"><br></div><h2 class="battle-history">Turn 28</h2><div class="spacer battle-history"><br></div><div class="battle-history">Shibata used <strong>Protect</strong>!<br></div><div class="battle-history"><small>Shibata protected itself!</small><br></div><div class="spacer battle-history"><br></div><div class="battle-history">The opposing Hydreigon used <strong>Dark Pulse</strong>!<br></div><div class="battle-history"><small>Shibata protected itself!</small><br></div><div class="spacer battle-history"><br></div><div class="battle-history"><small>Shibata was badly poisoned!</small><br></div><div class="spacer battle-history"><br></div><h2 class="battle-history">Turn 29</h2><div class="chat"><small>Temid joined.</small></div><div class="chat"><small>luigioka joined.</small></div><div class="spacer battle-history"><br></div><div class="battle-history">The opposing Hydreigon used <strong>Dark Pulse</strong>!<br></div><div class="battle-history"><small>(Shibata lost <abbr title="−288/288">100%</abbr> of its health!)</small><br></div><div class="spacer battle-history"><br></div><div class="battle-history">Shibata fainted!<br></div><div class="chat"><small>Temid left.</small></div><div class="spacer battle-history"><br></div><div class="battle-history">Go! Sceptile (<strong>Sceptile-Mega</strong>)!<br></div><div class="spacer battle-history"><br></div><h2 class="battle-history">Turn 30</h2><div class="spacer battle-history"><br></div><div class="battle-history">Sceptile used <strong>Dragon Pulse</strong>!<br></div><div class="battle-history"><small>It's super effective!</small><br></div><div class="battle-history"><small>(The opposing Hydreigon lost <abbr title="−325/325">100%</abbr> of its health!)</small><br></div><div class="spacer battle-history"><br></div><div class="battle-history">The opposing Hydreigon fainted!<br></div><div class="spacer battle-history"><br></div><div class="battle-history">19freon86md sent out <strong>Milotic</strong>!<br></div><div class="spacer battle-history"><br></div><h2 class="battle-history">Turn 31</h2><div class="spacer battle-history"><br></div><div class="battle-history">Sceptile used <strong>Leaf Storm</strong>!<br></div><div class="battle-history"><small>It's super effective!</small><br></div><div class="battle-history"><small>(The opposing Milotic lost <abbr title="−154/394">39.1%</abbr> of its health!)</small><br></div><div class="battle-history"><small>Sceptile's Special Attack fell harshly!</small><br></div><div class="spacer battle-history"><br></div><div class="battle-history">The opposing Milotic fainted!<br></div><div class="chat"><small>BRIANWow. joined.</small></div><div class="spacer battle-history"><br></div><div class="battle-history">19freon86md sent out <strong>Shaymin</strong>!<br></div><div class="spacer battle-history"><br></div><h2 class="battle-history">Turn 32</h2><div class="spacer battle-history"><br></div><div class="battle-history">Sceptile used <strong>Dragon Pulse</strong>!<br></div><div class="battle-history"><small>(The opposing Shaymin lost <abbr title="−81/342">23.7%</abbr> of its health!)</small><br></div><div class="spacer battle-history"><br></div><div class="battle-history">The opposing Shaymin fainted!<br></div><div class="spacer battle-history"><br></div><div class="battle-history"><strong>Follar</strong> won the battle!<br></div><div class="chat"><small>BRIANWow. left.</small></div><div class="chat"><small>ArthurNhaNha left.</small></div><div class="chat"><small>19freon86md left.</small></div><div class="chat chatmessage-follar"><strong style="color:hsl(347,72%,45.868509513613425%)"><small>☆</small><span class="username" data-name="Follar">Follar</span>:</strong> <em>gg</em></div><div class="chat"><small>Gabob_25 joined.</small></div><div class="chat"><small>Gabob_25 left.</small></div><div class="chat"><small>Gabob_25 joined.</small></div><div class="chat"><small>Gabob_25 left.</small></div><div class="chat"><small>19freon86md joined.</small></div><div class="chat"><small>19freon86md left.</small></div><div class="chat"><small>Gabob_25 joined.</small></div><div class="chat"><small>19freon86md joined.</small></div><div class="chat"><small>Gabob_25 left.</small></div><div class="chat"><small>19freon86md left.</small></div><div class="chat"><small>Squirl2729 left.</small></div></div><div class="inner-preempt"></div></div></div>
</div>
<script>
let daily = Math.floor(Date.now()/1000/60/60/24);document.write('<script src="https://play.pokemonshowdown.com/js/replay-embed.js?version'+daily+'"></'+'script>');
</script>
