<!DOCTYPE html>
<meta charset="utf-8" />
<!-- version 1 -->
<title>UU replay: Parnstar vs. nikllolabe</title>
<style>
html,body {font-family:Verdana, sans-serif;font-size:10pt;margin:0;padding:0;}body{padding:12px 0;} .battle-log {font-family:Verdana, sans-serif;font-size:10pt;} .battle-log-inline {border:1px solid #AAAAAA;background:#EEF2F5;color:black;max-width:640px;margin:0 auto 80px;padding-bottom:5px;} .battle-log .inner {padding:4px 8px 0px 8px;} .battle-log .inner-preempt {padding:0 8px 4px 8px;} .battle-log .inner-after {margin-top:0.5em;} .battle-log h2 {margin:0.5em -8px;padding:4px 8px;border:1px solid #AAAAAA;background:#E0E7EA;border-left:0;border-right:0;font-family:Verdana, sans-serif;font-size:13pt;} .battle-log .chat {vertical-align:middle;padding:3px 0 3px 0;font-size:8pt;} .battle-log .chat strong {color:#40576A;} .battle-log .chat em {padding:1px 4px 1px 3px;color:#000000;font-style:normal;} .chat.mine {background:rgba(0,0,0,0.05);margin-left:-8px;margin-right:-8px;padding-left:8px;padding-right:8px;} .spoiler {color:#BBBBBB;background:#BBBBBB;padding:0px 3px;} .spoiler:hover, .spoiler:active, .spoiler-shown {color:#000000;background:#E2E2E2;padding:0px 3px;} .spoiler a {color:#BBBBBB;} .spoiler:hover a, .spoiler:active a, .spoiler-shown a {color:#2288CC;} .chat code, .chat .spoiler:hover code, .chat .spoiler:active code, .chat .spoiler-shown code {border:1px solid #C0C0C0;background:#EEEEEE;color:black;padding:0 2px;} .chat .spoiler code {border:1px solid #CCCCCC;background:#CCCCCC;color:#CCCCCC;} .battle-log .rated {padding:3px 4px;} .battle-log .rated strong {color:white;background:#89A;padding:1px 4px;border-radius:4px;} .spacer {margin-top:0.5em;} .message-announce {background:#6688AA;color:white;padding:1px 4px 2px;} .message-announce a, .broadcast-green a, .broadcast-blue a, .broadcast-red a {color:#DDEEFF;} .broadcast-green {background-color:#559955;color:white;padding:2px 4px;} .broadcast-blue {background-color:#6688AA;color:white;padding:2px 4px;} .infobox {border:1px solid #6688AA;padding:2px 4px;} .infobox-limited {max-height:200px;overflow:auto;overflow-x:hidden;} .broadcast-red {background-color:#AA5544;color:white;padding:2px 4px;} .message-learn-canlearn {font-weight:bold;color:#228822;text-decoration:underline;} .message-learn-cannotlearn {font-weight:bold;color:#CC2222;text-decoration:underline;} .message-effect-weak {font-weight:bold;color:#CC2222;} .message-effect-resist {font-weight:bold;color:#6688AA;} .message-effect-immune {font-weight:bold;color:#666666;} .message-learn-list {margin-top:0;margin-bottom:0;} .message-throttle-notice, .message-error {color:#992222;} .message-overflow, .chat small.message-overflow {font-size:0pt;} .message-overflow::before {font-size:9pt;content:'...';} .subtle {color:#3A4A66;}
</style>
<div class="wrapper replay-wrapper" style="max-width:1180px;margin:0 auto">
<input type="hidden" name="replayid" value="uu-538401510" />
<div class="battle"></div><div class="battle-log"></div><div class="replay-controls"></div><div class="replay-controls-2"></div>
<h1 style="font-weight:normal;text-align:center"><strong>UU</strong><br /><a href="http://pokemonshowdown.com/users/parnstar" class="subtle" target="_blank">Parnstar</a> vs. <a href="http://pokemonshowdown.com/users/nikllolabe" class="subtle" target="_blank">nikllolabe</a></h1>
<script type="text/plain" class="battle-log-data">|j|Parnstar
|j|nikllolabe
|player|p1|Parnstar|24
|player|p2|nikllolabe|1
|gametype|singles
|gen|6
|tier|UU
|rated
|seed|36679,44806,59301,33950
|rule|Sleep Clause Mod: Limit one foe put to sleep
|rule|Species Clause: Limit one of each Pokémon
|rule|OHKO Clause: OHKO moves are banned
|rule|Moody Clause: Moody is banned
|rule|Evasion Moves Clause: Evasion moves are banned
|rule|Endless Battle Clause: Forcing endless battles is banned
|rule|HP Percentage Mod: HP is shown in percentages
|clearpoke
|poke|p1|Conkeldurr, M, shiny|item
|poke|p1|Magneton, shiny|item
|poke|p1|Porygon-Z|item
|poke|p1|Whimsicott, M, shiny|item
|poke|p1|Entei, shiny|item
|poke|p1|Tentacruel, F|item
|poke|p2|Espeon, F|item
|poke|p2|Swampert, M|item
|poke|p2|Delphox, F, shiny|item
|poke|p2|Roserade, F, shiny|item
|poke|p2|Machamp, M|item
|poke|p2|Sylveon, F, shiny|item
|rule|Swagger Clause: Swagger is banned
|rule|Baton Pass Clause: Limit one Baton Passer, can't pass Spe and other stats simultaneously
|teampreview
|choice|team 5, team 2, team 3, team 4, team 1, team 6|team 1, team 2, team 3, team 4, team 5, team 6
|
|start
|switch|p1a: Ash could of caugh|Entei, shiny|371\/371
|switch|p2a: Sakura|Espeon, F|271\/271
|-ability|p1a: Ash could of caugh|Pressure
|turn|1
|choice|move sacredfire|move trick
|
|move|p2a: Sakura|Trick|p1a: Ash could of caugh
|-activate|p2a: Sakura|move: Trick|[of] p1a: Ash could of caugh
|-item|p1a: Ash could of caugh|Choice Specs|[from] move: Trick
|-item|p2a: Sakura|Flame Plate|[from] move: Trick
|move|p1a: Ash could of caugh|Sacred Fire|p2a: Sakura|[miss]
|-miss|p1a: Ash could of caugh|p2a: Sakura
|
|upkeep
|turn|2
|choice|move sacredfire|move psyshock
|
|move|p2a: Sakura|Psyshock|p1a: Ash could of caugh
|-damage|p1a: Ash could of caugh|200\/371
|move|p1a: Ash could of caugh|Sacred Fire|p2a: Sakura
|-damage|p2a: Sakura|0 fnt
|faint|p2a: Sakura
|
|upkeep
|choice||switch 5
|
|switch|p2a: Machamp|Machamp, M|383\/383
|turn|3
|choice|move sacredfire|move rockslide
|
|move|p1a: Ash could of caugh|Sacred Fire|p2a: Machamp
|-damage|p2a: Machamp|160\/383
|move|p2a: Machamp|Rock Slide|p1a: Ash could of caugh
|-supereffective|p1a: Ash could of caugh
|-damage|p1a: Ash could of caugh|0 fnt
|faint|p1a: Ash could of caugh
|
|upkeep
|choice|switch 4|
|
|switch|p1a: Presscott|Whimsicott, M, shiny|261\/261
|turn|4
|choice|move moonblast|move icepunch
|
|move|p1a: Presscott|Moonblast|p2a: Machamp
|-supereffective|p2a: Machamp
|-damage|p2a: Machamp|0 fnt
|faint|p2a: Machamp
|
|upkeep
|choice||switch 3
|
|switch|p2a: Delphox|Delphox, F, shiny|354\/354
|turn|5
|choice|move naturepower|move mysticalfire
|
|move|p1a: Presscott|Nature Power|p2a: Delphox
|move|p1a: Presscott|Tri Attack|p2a: Delphox|[from]Nature Power
|-crit|p2a: Delphox
|-damage|p2a: Delphox|243\/354
|move|p2a: Delphox|Mystical Fire|p1a: Presscott
|-supereffective|p1a: Presscott
|-damage|p1a: Presscott|25\/261
|-unboost|p1a: Presscott|spa|1
|
|upkeep
|turn|6
|choice|move encore|move mysticalfire
|
|move|p1a: Presscott|Encore|p2a: Delphox
|-start|p2a: Delphox|Encore
|move|p2a: Delphox|Mystical Fire|p1a: Presscott
|-supereffective|p1a: Presscott
|-damage|p1a: Presscott|0 fnt
|faint|p1a: Presscott
|
|upkeep
|choice|switch 5|
|
|switch|p1a: Mandingo|Conkeldurr, M, shiny|414\/414
|turn|7
|choice|move knockoff|switch 2
|
|switch|p2a: Swampert|Swampert, M|399\/399
|move|p1a: Mandingo|Knock Off|p2a: Swampert
|-crit|p2a: Swampert
|-damage|p2a: Swampert|253\/399
|
|-status|p1a: Mandingo|brn|[from] item: Flame Orb
|upkeep
|turn|8
|choice|move drainpunch|move waterfall mega
|
|detailschange|p2a: Swampert|Swampert-Mega, M
|-mega|p2a: Swampert|Swampert|Swampertite
|move|p2a: Swampert|Waterfall|p1a: Mandingo
|-crit|p1a: Mandingo
|-damage|p1a: Mandingo|123\/414 brn
|move|p1a: Mandingo|Drain Punch|p2a: Swampert
|-damage|p2a: Swampert|31\/399
|-heal|p1a: Mandingo|234\/414 brn|[from] drain|[of] p2a: Swampert
|
|-damage|p1a: Mandingo|183\/414 brn|[from] brn
|upkeep
|turn|9
|choice|move machpunch|move waterfall
|
|move|p1a: Mandingo|Mach Punch|p2a: Swampert
|-damage|p2a: Swampert|0 fnt
|faint|p2a: Swampert
|
|-damage|p1a: Mandingo|132\/414 brn|[from] brn
|upkeep
|choice||switch 6
|
|switch|p2a: Nymphia|Sylveon, F, shiny|367\/367
|turn|10
|choice|switch 2|move protect
|
|switch|p1a: Alpha|Magneton, shiny|303\/303
|move|p2a: Nymphia|Protect|p2a: Nymphia
|-fail|p2a: Nymphia
|
|upkeep
|turn|11
|choice|move thunderbolt|move protect
|
|move|p2a: Nymphia|Protect|p2a: Nymphia
|-singleturn|p2a: Nymphia|Protect
|move|p1a: Alpha|Thunderbolt|p2a: Nymphia
|-activate|p2a: Nymphia|move: Protect
|
|upkeep
|turn|12
|choice|move flashcannon|move wish
|
|move|p1a: Alpha|Flash Cannon|p2a: Nymphia
|-supereffective|p2a: Nymphia
|-damage|p2a: Nymphia|143\/367
|move|p2a: Nymphia|Wish|p2a: Nymphia
|
|-heal|p2a: Nymphia|165\/367|[from] item: Leftovers
|upkeep
|turn|13
|choice|move hiddenpower|move protect
|
|move|p2a: Nymphia|Protect|p2a: Nymphia
|-singleturn|p2a: Nymphia|Protect
|move|p1a: Alpha|Hidden Power|p2a: Nymphia
|-activate|p2a: Nymphia|move: Protect
|
|-heal|p2a: Nymphia|348\/367|[from] move: Wish|[wisher] Nymphia
|-heal|p2a: Nymphia|367\/367|[from] item: Leftovers
|upkeep
|turn|14
|choice|move thunderbolt|switch 2
|
|switch|p2a: Delphox|Delphox, F, shiny|243\/354
|move|p1a: Alpha|Thunderbolt|p2a: Delphox
|-damage|p2a: Delphox|47\/354
|-enditem|p2a: Delphox|Sitrus Berry|[eat]
|-heal|p2a: Delphox|135\/354|[from] item: Sitrus Berry
|
|upkeep
|turn|15
|choice|switch 2|move mysticalfire
|
|switch|p1a: Mandingo|Conkeldurr, M, shiny|132\/414 brn
|move|p2a: Delphox|Mystical Fire|p1a: Mandingo
|-damage|p1a: Mandingo|12\/414 brn
|-item|p2a: Delphox|Flame Orb|[from] ability: Magician|[of] p1a: Mandingo
|-unboost|p1a: Mandingo|spa|1
|
|-damage|p1a: Mandingo|0 fnt|[from] brn
|upkeep
|faint|p1a: Mandingo
|choice|switch 3|
|
|switch|p1a: beta|Porygon-Z|311\/311
|turn|16
|choice|move triattack|move wish
|
|move|p1a: beta|Tri Attack|p2a: Delphox
|-damage|p2a: Delphox|0 fnt
|faint|p2a: Delphox
|
|upkeep
|choice||switch 4
|
|switch|p2a: Roserade|Roserade, F, shiny|324\/324
|turn|17
|choice|switch 6|move toxic
|
|switch|p1a: Hitomi Tanaka|Tentacruel, F|301\/301
|move|p2a: Roserade|Toxic|p1a: Hitomi Tanaka
|-immune|p1a: Hitomi Tanaka|[msg]
|
|upkeep
|turn|18
|choice|move sludgewave|move gigadrain
|
|move|p1a: Hitomi Tanaka|Sludge Wave|p2a: Roserade
|-damage|p2a: Roserade|236\/324
|move|p2a: Roserade|Giga Drain|p1a: Hitomi Tanaka
|-damage|p1a: Hitomi Tanaka|208\/301
|-damage|p2a: Roserade|189\/324|[from] ability: Liquid Ooze|[of] p1a: Hitomi Tanaka
|
|-heal|p1a: Hitomi Tanaka|226\/301|[from] item: Black Sludge
|-heal|p2a: Roserade|209\/324|[from] item: Black Sludge
|upkeep
|turn|19
|choice|move icebeam|move gigadrain
|
|move|p1a: Hitomi Tanaka|Ice Beam|p2a: Roserade
|-supereffective|p2a: Roserade
|-damage|p2a: Roserade|101\/324
|move|p2a: Roserade|Giga Drain|p1a: Hitomi Tanaka
|-damage|p1a: Hitomi Tanaka|138\/301
|-damage|p2a: Roserade|57\/324|[from] ability: Liquid Ooze|[of] p1a: Hitomi Tanaka
|
|-heal|p1a: Hitomi Tanaka|156\/301|[from] item: Black Sludge
|-heal|p2a: Roserade|77\/324|[from] item: Black Sludge
|upkeep
|turn|20
|choice|move icebeam|move synthesis
|
|move|p1a: Hitomi Tanaka|Ice Beam|p2a: Roserade
|-supereffective|p2a: Roserade
|-damage|p2a: Roserade|0 fnt
|faint|p2a: Roserade
|
|-heal|p1a: Hitomi Tanaka|174\/301|[from] item: Black Sludge
|upkeep
|choice||switch 2
|
|switch|p2a: Nymphia|Sylveon, F, shiny|367\/367
|turn|21
|choice|move sludgewave|move hypervoice
|
|move|p1a: Hitomi Tanaka|Sludge Wave|p2a: Nymphia
|-supereffective|p2a: Nymphia
|-damage|p2a: Nymphia|197\/367
|-status|p2a: Nymphia|psn
|move|p2a: Nymphia|Hyper Voice|p1a: Hitomi Tanaka
|-resisted|p1a: Hitomi Tanaka
|-damage|p1a: Hitomi Tanaka|114\/301
|
|-heal|p1a: Hitomi Tanaka|132\/301|[from] item: Black Sludge
|-heal|p2a: Nymphia|219\/367 psn|[from] item: Leftovers
|-damage|p2a: Nymphia|174\/367 psn|[from] psn
|upkeep
|turn|22
|-message|nikllolabe forfeited.
|
|win|Parnstar
|player|p1
|player|p2
|l|nikllolabe
|c|☆Parnstar|Gg
|raw|Parnstar's rating: 1428 &rarr; <strong>1435<\/strong><br \/>(+7 for winning)
|raw|nikllolabe's rating: 1160 &rarr; <strong>1152<\/strong><br \/>(-8 for losing)</script>
</div>
<div class="battle-log battle-log-inline"><div class="inner"><div class="battle-options"></div><div class="inner"><div class="chat"><small>Parnstar joined.</small></div><div class="chat"><small>nikllolabe joined.</small></div><div class=""><small>Format:</small> <br><strong>UU</strong></div><div class="rated"><strong>Rated battle</strong></div><div class=""><small><em>Sleep Clause Mod:</em> Limit one foe put to sleep</small></div><div class=""><small><em>Species Clause:</em> Limit one of each Pokémon</small></div><div class=""><small><em>OHKO Clause:</em> OHKO moves are banned</small></div><div class=""><small><em>Moody Clause:</em> Moody is banned</small></div><div class=""><small><em>Evasion Moves Clause:</em> Evasion moves are banned</small></div><div class=""><small><em>Endless Battle Clause:</em> Forcing endless battles is banned</small></div><div class=""><small><em>HP Percentage Mod:</em> HP is shown in percentages</small></div><div class=""><small><em>Swagger Clause:</em> Swagger is banned</small></div><div class=""><small><em>Baton Pass Clause:</em> Limit one Baton Passer, can't pass Spe and other stats simultaneously</small></div><div class="chat battle-history"><strong>Parnstar's team:</strong> <em style="color:#445566;display:block;">Conkeldurr / Magneton / Porygon-Z / Whimsicott / Entei / Tentacruel</em></div><div class="chat battle-history"><strong>nikllolabe's team:</strong> <em style="color:#445566;display:block;">Espeon / Swampert / Delphox / Roserade / Machamp / Sylveon</em></div><div class="spacer battle-history"><br></div><div class="battle-history">Battle started between Parnstar and nikllolabe!<br></div><div class="spacer battle-history"><br></div><div class="battle-history">Go! Ash could of caugh (<strong>Entei</strong>)!<br></div><div class="spacer battle-history"><br></div><div class="battle-history">nikllolabe sent out Sakura (<strong>Espeon</strong>)!<br></div><div class="battle-history"><small>[Ash could of caugh's Pressure]</small><br><small>Ash could of caugh is exerting its pressure!</small><br></div><div class="spacer battle-history"><br></div><h2 class="battle-history">Turn 1</h2><div class="spacer battle-history"><br></div><div class="battle-history">The opposing Sakura used <strong>Trick</strong>!<br></div><div class="battle-history"><small>The opposing Sakura switched items with its target!</small><br></div><div class="battle-history"><small>Ash could of caugh obtained one Choice Specs.</small><br></div><div class="battle-history"><small>The opposing Sakura obtained one Flame Plate.</small><br></div><div class="spacer battle-history"><br></div><div class="battle-history">Ash could of caugh used <strong>Sacred Fire</strong>!<br></div><div class="battle-history"><small>The opposing Sakura avoided the attack!</small><br></div><div class="spacer battle-history"><br></div><h2 class="battle-history">Turn 2</h2><div class="spacer battle-history"><br></div><div class="battle-history">The opposing Sakura used <strong>Psyshock</strong>!<br></div><div class="battle-history"><small>(Ash could of caugh lost <abbr title="−171/371">46.1%</abbr> of its health!)</small><br></div><div class="spacer battle-history"><br></div><div class="battle-history">Ash could of caugh used <strong>Sacred Fire</strong>!<br></div><div class="battle-history"><small>(The opposing Sakura lost <abbr title="−271/271">100%</abbr> of its health!)</small><br></div><div class="spacer battle-history"><br></div><div class="battle-history">The opposing Sakura fainted!<br></div><div class="spacer battle-history"><br></div><div class="battle-history">nikllolabe sent out <strong>Machamp</strong>!<br></div><div class="spacer battle-history"><br></div><h2 class="battle-history">Turn 3</h2><div class="spacer battle-history"><br></div><div class="battle-history">Ash could of caugh used <strong>Sacred Fire</strong>!<br></div><div class="battle-history"><small>(The opposing Machamp lost <abbr title="−223/383">58.2%</abbr> of its health!)</small><br></div><div class="spacer battle-history"><br></div><div class="battle-history">The opposing Machamp used <strong>Rock Slide</strong>!<br></div><div class="battle-history"><small>It's super effective!</small><br></div><div class="battle-history"><small>(Ash could of caugh lost <abbr title="−200/371">53.9%</abbr> of its health!)</small><br></div><div class="spacer battle-history"><br></div><div class="battle-history">Ash could of caugh fainted!<br></div><div class="spacer battle-history"><br></div><div class="battle-history">Go! Presscott (<strong>Whimsicott</strong>)!<br></div><div class="spacer battle-history"><br></div><h2 class="battle-history">Turn 4</h2><div class="spacer battle-history"><br></div><div class="battle-history">Presscott used <strong>Moonblast</strong>!<br></div><div class="battle-history"><small>It's super effective!</small><br></div><div class="battle-history"><small>(The opposing Machamp lost <abbr title="−160/383">41.8%</abbr> of its health!)</small><br></div><div class="spacer battle-history"><br></div><div class="battle-history">The opposing Machamp fainted!<br></div><div class="spacer battle-history"><br></div><div class="battle-history">nikllolabe sent out <strong>Delphox</strong>!<br></div><div class="spacer battle-history"><br></div><h2 class="battle-history">Turn 5</h2><div class="spacer battle-history"><br></div><div class="battle-history">Presscott used <strong>Nature Power</strong>!<br></div><div class="spacer battle-history"><br></div><div class="battle-history">Nature Power turned into Tri Attack!<br></div><div class="battle-history"><small>A critical hit!</small><br></div><div class="battle-history"><small>(The opposing Delphox lost <abbr title="−111/354">31.4%</abbr> of its health!)</small><br></div><div class="spacer battle-history"><br></div><div class="battle-history">The opposing Delphox used <strong>Mystical Fire</strong>!<br></div><div class="battle-history"><small>It's super effective!</small><br></div><div class="battle-history"><small>(Presscott lost <abbr title="−236/261">90.4%</abbr> of its health!)</small><br></div><div class="battle-history"><small>Presscott's Special Attack fell!</small><br></div><div class="spacer battle-history"><br></div><h2 class="battle-history">Turn 6</h2><div class="spacer battle-history"><br></div><div class="battle-history">Presscott used <strong>Encore</strong>!<br></div><div class="battle-history"><small>The opposing Delphox received an encore!</small><br></div><div class="spacer battle-history"><br></div><div class="battle-history">The opposing Delphox used <strong>Mystical Fire</strong>!<br></div><div class="battle-history"><small>It's super effective!</small><br></div><div class="battle-history"><small>(Presscott lost <abbr title="−25/261">9.6%</abbr> of its health!)</small><br></div><div class="spacer battle-history"><br></div><div class="battle-history">Presscott fainted!<br></div><div class="spacer battle-history"><br></div><div class="battle-history">Go! Mandingo (<strong>Conkeldurr</strong>)!<br></div><div class="spacer battle-history"><br></div><h2 class="battle-history">Turn 7</h2><div class="spacer battle-history"><br></div><div class="battle-history">nikllolabe withdrew Delphox!<br></div><div class="battle-history">nikllolabe sent out <strong>Swampert</strong>!<br></div><div class="spacer battle-history"><br></div><div class="battle-history">Mandingo used <strong>Knock Off</strong>!<br></div><div class="battle-history"><small>A critical hit!</small><br></div><div class="battle-history"><small>(The opposing Swampert lost <abbr title="−146/399">36.6%</abbr> of its health!)</small><br></div><div class="spacer battle-history"><br></div><div class="battle-history"><small>Mandingo was burned!</small><br></div><div class="spacer battle-history"><br></div><h2 class="battle-history">Turn 8</h2><div class="spacer battle-history"><br></div><div class="battle-history"><small>The opposing Swampert's Swampertite is reacting to nikllolabe's Mega Bracelet!</small><br>The opposing Swampert has Mega Evolved into Mega Swampert!<br></div><div class="spacer battle-history"><br></div><div class="battle-history">The opposing Swampert used <strong>Waterfall</strong>!<br></div><div class="battle-history"><small>A critical hit!</small><br></div><div class="battle-history"><small>(Mandingo lost <abbr title="−291/414">70.3%</abbr> of its health!)</small><br></div><div class="spacer battle-history"><br></div><div class="battle-history">Mandingo used <strong>Drain Punch</strong>!<br></div><div class="battle-history"><small>(The opposing Swampert lost <abbr title="−222/399">55.6%</abbr> of its health!)</small><br></div><div class="battle-history"><small>The opposing Swampert had its energy drained!</small><br></div><div class="spacer battle-history"><br></div><div class="battle-history"><small>Mandingo was hurt by its burn!</small><br></div><div class="spacer battle-history"><br></div><h2 class="battle-history">Turn 9</h2><div class="spacer battle-history"><br></div><div class="battle-history">Mandingo used <strong>Mach Punch</strong>!<br></div><div class="battle-history"><small>(The opposing Swampert lost <abbr title="−31/399">7.8%</abbr> of its health!)</small><br></div><div class="spacer battle-history"><br></div><div class="battle-history">The opposing Swampert fainted!<br></div><div class="spacer battle-history"><br></div><div class="battle-history"><small>Mandingo was hurt by its burn!</small><br></div><div class="spacer battle-history"><br></div><div class="battle-history">nikllolabe sent out Nymphia (<strong>Sylveon</strong>)!<br></div><div class="spacer battle-history"><br></div><h2 class="battle-history">Turn 10</h2><div class="spacer battle-history"><br></div><div class="battle-history">Mandingo, come back!<br></div><div class="battle-history">Go! Alpha (<strong>Magneton</strong>)!<br></div><div class="spacer battle-history"><br></div><div class="battle-history">The opposing Nymphia used <strong>Protect</strong>!<br></div><div class="battle-history"><small>But it failed!</small><br></div><div class="spacer battle-history"><br></div><h2 class="battle-history">Turn 11</h2><div class="spacer battle-history"><br></div><div class="battle-history">The opposing Nymphia used <strong>Protect</strong>!<br></div><div class="battle-history"><small>The opposing Nymphia protected itself!</small><br></div><div class="spacer battle-history"><br></div><div class="battle-history">Alpha used <strong>Thunderbolt</strong>!<br></div><div class="battle-history"><small>The opposing Nymphia protected itself!</small><br></div><div class="spacer battle-history"><br></div><h2 class="battle-history">Turn 12</h2><div class="spacer battle-history"><br></div><div class="battle-history">Alpha used <strong>Flash Cannon</strong>!<br></div><div class="battle-history"><small>It's super effective!</small><br></div><div class="battle-history"><small>(The opposing Nymphia lost <abbr title="−224/367">61.0%</abbr> of its health!)</small><br></div><div class="spacer battle-history"><br></div><div class="battle-history">The opposing Nymphia used <strong>Wish</strong>!<br></div><div class="spacer battle-history"><br></div><div class="battle-history"><small>The opposing Nymphia restored a little HP using its Leftovers!</small><br></div><div class="spacer battle-history"><br></div><h2 class="battle-history">Turn 13</h2><div class="spacer battle-history"><br></div><div class="battle-history">The opposing Nymphia used <strong>Protect</strong>!<br></div><div class="battle-history"><small>The opposing Nymphia protected itself!</small><br></div><div class="spacer battle-history"><br></div><div class="battle-history">Alpha used <strong>Hidden Power</strong>!<br></div><div class="battle-history"><small>The opposing Nymphia protected itself!</small><br></div><div class="spacer battle-history"><br></div><div class="battle-history"><small>Nymphia's wish came true!</small><br></div><div class="battle-history"><small>The opposing Nymphia restored a little HP using its Leftovers!</small><br></div><div class="spacer battle-history"><br></div><h2 class="battle-history">Turn 14</h2><div class="spacer battle-history"><br></div><div class="battle-history">nikllolabe withdrew Nymphia!<br></div><div class="battle-history">nikllolabe sent out <strong>Delphox</strong>!<br></div><div class="spacer battle-history"><br></div><div class="battle-history">Alpha used <strong>Thunderbolt</strong>!<br></div><div class="battle-history"><small>(The opposing Delphox lost <abbr title="−196/354">55.4%</abbr> of its health!)</small><br></div><div class="battle-history"><small>The opposing Delphox ate its Sitrus Berry!</small><br></div><div class="battle-history"><small>The opposing Delphox restored HP using its Sitrus Berry!</small><br></div><div class="spacer battle-history"><br></div><h2 class="battle-history">Turn 15</h2><div class="spacer battle-history"><br></div><div class="battle-history">Alpha, come back!<br></div><div class="battle-history">Go! Mandingo (<strong>Conkeldurr</strong>)!<br></div><div class="spacer battle-history"><br></div><div class="battle-history">The opposing Delphox used <strong>Mystical Fire</strong>!<br></div><div class="battle-history"><small>(Mandingo lost <abbr title="−120/414">29.0%</abbr> of its health!)</small><br></div><div class="battle-history"><small>[The opposing Delphox's Magician]</small><br><small>The opposing Delphox stole Mandingo's Flame Orb!</small><br></div><div class="battle-history"><small>Mandingo's Special Attack fell!</small><br></div><div class="spacer battle-history"><br></div><div class="battle-history"><small>Mandingo was hurt by its burn!</small><br></div><div class="spacer battle-history"><br></div><div class="battle-history">Mandingo fainted!<br></div><div class="spacer battle-history"><br></div><div class="battle-history">Go! beta (<strong>Porygon-Z</strong>)!<br></div><div class="spacer battle-history"><br></div><h2 class="battle-history">Turn 16</h2><div class="spacer battle-history"><br></div><div class="battle-history">beta used <strong>Tri Attack</strong>!<br></div><div class="battle-history"><small>(The opposing Delphox lost <abbr title="−135/354">38.1%</abbr> of its health!)</small><br></div><div class="spacer battle-history"><br></div><div class="battle-history">The opposing Delphox fainted!<br></div><div class="spacer battle-history"><br></div><div class="battle-history">nikllolabe sent out <strong>Roserade</strong>!<br></div><div class="spacer battle-history"><br></div><h2 class="battle-history">Turn 17</h2><div class="spacer battle-history"><br></div><div class="battle-history">beta, come back!<br></div><div class="battle-history">Go! Hitomi Tanaka (<strong>Tentacruel</strong>)!<br></div><div class="spacer battle-history"><br></div><div class="battle-history">The opposing Roserade used <strong>Toxic</strong>!<br></div><div class="battle-history"><small>It doesn't affect Hitomi Tanaka...</small><br></div><div class="spacer battle-history"><br></div><h2 class="battle-history">Turn 18</h2><div class="spacer battle-history"><br></div><div class="battle-history">Hitomi Tanaka used <strong>Sludge Wave</strong>!<br></div><div class="battle-history"><small>(The opposing Roserade lost <abbr title="−88/324">27.2%</abbr> of its health!)</small><br></div><div class="spacer battle-history"><br></div><div class="battle-history">The opposing Roserade used <strong>Giga Drain</strong>!<br></div><div class="battle-history"><small>(Hitomi Tanaka lost <abbr title="−93/301">30.9%</abbr> of its health!)</small><br></div><div class="battle-history"><small>[Hitomi Tanaka's Liquid Ooze]</small><br><small>The opposing Roserade sucked up the liquid ooze!</small><br></div><div class="spacer battle-history"><br></div><div class="battle-history"><small>Hitomi Tanaka restored a little HP using its Black Sludge!</small><br></div><div class="battle-history"><small>The opposing Roserade restored a little HP using its Black Sludge!</small><br></div><div class="spacer battle-history"><br></div><h2 class="battle-history">Turn 19</h2><div class="spacer battle-history"><br></div><div class="battle-history">Hitomi Tanaka used <strong>Ice Beam</strong>!<br></div><div class="battle-history"><small>It's super effective!</small><br></div><div class="battle-history"><small>(The opposing Roserade lost <abbr title="−108/324">33.3%</abbr> of its health!)</small><br></div><div class="spacer battle-history"><br></div><div class="battle-history">The opposing Roserade used <strong>Giga Drain</strong>!<br></div><div class="battle-history"><small>(Hitomi Tanaka lost <abbr title="−88/301">29.2%</abbr> of its health!)</small><br></div><div class="battle-history"><small>[Hitomi Tanaka's Liquid Ooze]</small><br><small>The opposing Roserade sucked up the liquid ooze!</small><br></div><div class="spacer battle-history"><br></div><div class="battle-history"><small>Hitomi Tanaka restored a little HP using its Black Sludge!</small><br></div><div class="battle-history"><small>The opposing Roserade restored a little HP using its Black Sludge!</small><br></div><div class="spacer battle-history"><br></div><h2 class="battle-history">Turn 20</h2><div class="spacer battle-history"><br></div><div class="battle-history">Hitomi Tanaka used <strong>Ice Beam</strong>!<br></div><div class="battle-history"><small>It's super effective!</small><br></div><div class="battle-history"><small>(The opposing Roserade lost <abbr title="−77/324">23.8%</abbr> of its health!)</small><br></div><div class="spacer battle-history"><br></div><div class="battle-history">The opposing Roserade fainted!<br></div><div class="spacer battle-history"><br></div><div class="battle-history"><small>Hitomi Tanaka restored a little HP using its Black Sludge!</small><br></div><div class="spacer battle-history"><br></div><div class="battle-history">nikllolabe sent out Nymphia (<strong>Sylveon</strong>)!<br></div><div class="spacer battle-history"><br></div><h2 class="battle-history">Turn 21</h2><div class="spacer battle-history"><br></div><div class="battle-history">Hitomi Tanaka used <strong>Sludge Wave</strong>!<br></div><div class="battle-history"><small>It's super effective!</small><br></div><div class="battle-history"><small>(The opposing Nymphia lost <abbr title="−170/367">46.3%</abbr> of its health!)</small><br></div><div class="battle-history"><small>The opposing Nymphia was poisoned!</small><br></div><div class="spacer battle-history"><br></div><div class="battle-history">The opposing Nymphia used <strong>Hyper Voice</strong>!<br></div><div class="battle-history"><small>It's not very effective...</small><br></div><div class="battle-history"><small>(Hitomi Tanaka lost <abbr title="−60/301">19.9%</abbr> of its health!)</small><br></div><div class="spacer battle-history"><br></div><div class="battle-history"><small>Hitomi Tanaka restored a little HP using its Black Sludge!</small><br></div><div class="battle-history"><small>The opposing Nymphia restored a little HP using its Leftovers!</small><br></div><div class="battle-history"><small>The opposing Nymphia was hurt by poison!</small><br></div><div class="spacer battle-history"><br></div><h2 class="battle-history">Turn 22</h2><div class="spacer battle-history"><br></div><div class="battle-history"><small>nikllolabe forfeited.</small><br></div><div class="spacer battle-history"><br></div><div class="battle-history"><strong>Parnstar</strong> won the battle!<br></div><div class="chat"><small>nikllolabe left.</small></div><div class="chat chatmessage-parnstar"><strong style="color:hsl(41,84%,41.163999978976825%)"><small>☆</small><span class="username" data-name="Parnstar">Parnstar</span>:</strong> <em>Gg</em></div><div class="chat">Parnstar's rating: 1428 → <strong>1435</strong><br>(+7 for winning)</div><div class="chat">nikllolabe's rating: 1160 → <strong>1152</strong><br>(-8 for losing)</div></div><div class="inner-preempt"></div></div></div>
</div>
<script>
let daily = Math.floor(Date.now()/1000/60/60/24);document.write('<script src="https://play.pokemonshowdown.com/js/replay-embed.js?version'+daily+'"></'+'script>');
</script>
