<!DOCTYPE html>
<meta charset="utf-8" />
<!-- version 1 -->
<title>UU replay: minolob vs. Juan69696969</title>
<style>
html,body {font-family:Verdana, sans-serif;font-size:10pt;margin:0;padding:0;}body{padding:12px 0;} .battle-log {font-family:Verdana, sans-serif;font-size:10pt;} .battle-log-inline {border:1px solid #AAAAAA;background:#EEF2F5;color:black;max-width:640px;margin:0 auto 80px;padding-bottom:5px;} .battle-log .inner {padding:4px 8px 0px 8px;} .battle-log .inner-preempt {padding:0 8px 4px 8px;} .battle-log .inner-after {margin-top:0.5em;} .battle-log h2 {margin:0.5em -8px;padding:4px 8px;border:1px solid #AAAAAA;background:#E0E7EA;border-left:0;border-right:0;font-family:Verdana, sans-serif;font-size:13pt;} .battle-log .chat {vertical-align:middle;padding:3px 0 3px 0;font-size:8pt;} .battle-log .chat strong {color:#40576A;} .battle-log .chat em {padding:1px 4px 1px 3px;color:#000000;font-style:normal;} .chat.mine {background:rgba(0,0,0,0.05);margin-left:-8px;margin-right:-8px;padding-left:8px;padding-right:8px;} .spoiler {color:#BBBBBB;background:#BBBBBB;padding:0px 3px;} .spoiler:hover, .spoiler:active, .spoiler-shown {color:#000000;background:#E2E2E2;padding:0px 3px;} .spoiler a {color:#BBBBBB;} .spoiler:hover a, .spoiler:active a, .spoiler-shown a {color:#2288CC;} .chat code, .chat .spoiler:hover code, .chat .spoiler:active code, .chat .spoiler-shown code {border:1px solid #C0C0C0;background:#EEEEEE;color:black;padding:0 2px;} .chat .spoiler code {border:1px solid #CCCCCC;background:#CCCCCC;color:#CCCCCC;} .battle-log .rated {padding:3px 4px;} .battle-log .rated strong {color:white;background:#89A;padding:1px 4px;border-radius:4px;} .spacer {margin-top:0.5em;} .message-announce {background:#6688AA;color:white;padding:1px 4px 2px;} .message-announce a, .broadcast-green a, .broadcast-blue a, .broadcast-red a {color:#DDEEFF;} .broadcast-green {background-color:#559955;color:white;padding:2px 4px;} .broadcast-blue {background-color:#6688AA;color:white;padding:2px 4px;} .infobox {border:1px solid #6688AA;padding:2px 4px;} .infobox-limited {max-height:200px;overflow:auto;overflow-x:hidden;} .broadcast-red {background-color:#AA5544;color:white;padding:2px 4px;} .message-learn-canlearn {font-weight:bold;color:#228822;text-decoration:underline;} .message-learn-cannotlearn {font-weight:bold;color:#CC2222;text-decoration:underline;} .message-effect-weak {font-weight:bold;color:#CC2222;} .message-effect-resist {font-weight:bold;color:#6688AA;} .message-effect-immune {font-weight:bold;color:#666666;} .message-learn-list {margin-top:0;margin-bottom:0;} .message-throttle-notice, .message-error {color:#992222;} .message-overflow, .chat small.message-overflow {font-size:0pt;} .message-overflow::before {font-size:9pt;content:'...';} .subtle {color:#3A4A66;}
</style>
<div class="wrapper replay-wrapper" style="max-width:1180px;margin:0 auto">
<input type="hidden" name="replayid" value="uu-535477223" />
<div class="battle"></div><div class="battle-log"></div><div class="replay-controls"></div><div class="replay-controls-2"></div>
<h1 style="font-weight:normal;text-align:center"><strong>UU</strong><br /><a href="http://pokemonshowdown.com/users/minolob" class="subtle" target="_blank">minolob</a> vs. <a href="http://pokemonshowdown.com/users/juan69696969" class="subtle" target="_blank">Juan69696969</a></h1>
<script type="text/plain" class="battle-log-data">|j|minolob
|j|Juan69696969
|player|p1|minolob|1
|player|p2|Juan69696969|169
|gametype|singles
|gen|6
|tier|UU
|rated
|seed|11683,64049,24095,42937
|rule|Sleep Clause Mod: Limit one foe put to sleep
|rule|Species Clause: Limit one of each Pokémon
|rule|OHKO Clause: OHKO moves are banned
|rule|Moody Clause: Moody is banned
|rule|Evasion Moves Clause: Evasion moves are banned
|rule|Endless Battle Clause: Forcing endless battles is banned
|rule|HP Percentage Mod: HP is shown in percentages
|clearpoke
|poke|p1|Krookodile, F|item
|poke|p1|Blastoise, F|item
|poke|p1|Forretress, F|item
|poke|p1|Roserade, F|item
|poke|p1|Tyrantrum, M|item
|poke|p1|Infernape, M|item
|poke|p2|Gardevoir, F, shiny|item
|poke|p2|Roserade, F, shiny|item
|poke|p2|Florges-Blue, F|item
|poke|p2|Arcanine, M|item
|poke|p2|Blastoise, M, shiny|item
|poke|p2|Cobalion, shiny|item
|rule|Swagger Clause: Swagger is banned
|rule|Baton Pass Clause: Limit one Baton Passer, can't pass Spe and other stats simultaneously
|teampreview
|choice|team 1, team 2, team 3, team 4, team 5, team 6|team 6, team 2, team 3, team 4, team 5, team 1
|
|start
|switch|p1a: Krookodile|Krookodile, F|394\/394
|switch|p2a: Justice|Cobalion, shiny|380\/380
|-ability|p1a: Krookodile|Intimidate|boost
|-unboost|p2a: Justice|atk|1
|turn|1
|choice|switch 3|move stealthrock
|
|switch|p1a: Forretress|Forretress, F|354\/354
|move|p2a: Justice|Stealth Rock|p1a: Forretress
|-sidestart|p1: minolob|move: Stealth Rock
|
|upkeep
|turn|2
|choice|move rapidspin|move taunt
|
|move|p2a: Justice|Taunt|p1a: Forretress
|-start|p1a: Forretress|move: Taunt
|move|p1a: Forretress|Rapid Spin|p2a: Justice
|-resisted|p2a: Justice
|-damage|p2a: Justice|375\/380
|-sideend|p1: minolob|Stealth Rock|[from] move: Rapid Spin|[of] p1a: Forretress
|
|-heal|p2a: Justice|380\/380|[from] item: Leftovers
|upkeep
|turn|3
|choice|move voltswitch|move stealthrock
|
|move|p2a: Justice|Stealth Rock|p1a: Forretress
|-sidestart|p1: minolob|move: Stealth Rock
|move|p1a: Forretress|Volt Switch|p2a: Justice
|-damage|p2a: Justice|333\/380
|choice|switch 6|
|
|switch|p1a: Infernape|Infernape, M|293\/293
|-damage|p1a: Infernape|257\/293|[from] Stealth Rock
|
|-heal|p2a: Justice|356\/380|[from] item: Leftovers
|upkeep
|turn|4
|choice|move uturn|move thunderwave
|
|move|p1a: Infernape|U-turn|p2a: Justice
|-resisted|p2a: Justice
|-damage|p2a: Justice|345\/380
|choice|switch 6|
|
|switch|p1a: Forretress|Forretress, F|354\/354
|-damage|p1a: Forretress|310\/354|[from] Stealth Rock
|move|p2a: Justice|Thunder Wave|p1a: Forretress
|-status|p1a: Forretress|par
|
|-heal|p2a: Justice|368\/380|[from] item: Leftovers
|-heal|p1a: Forretress|332\/354 par|[from] item: Leftovers
|upkeep
|turn|5
|choice|move rapidspin|move taunt
|
|move|p2a: Justice|Taunt|p1a: Forretress
|-start|p1a: Forretress|move: Taunt
|cant|p1a: Forretress|par
|
|-heal|p2a: Justice|380\/380|[from] item: Leftovers
|-heal|p1a: Forretress|354\/354 par|[from] item: Leftovers
|upkeep
|turn|6
|choice|move rapidspin|switch 2
|
|switch|p2a: Rosalina|Roserade, F, shiny|320\/320
|move|p1a: Forretress|Rapid Spin|p2a: Rosalina
|-damage|p2a: Rosalina|307\/320
|-sideend|p1: minolob|Stealth Rock|[from] move: Rapid Spin|[of] p1a: Forretress
|
|-heal|p2a: Rosalina|320\/320|[from] item: Black Sludge
|upkeep
|turn|7
|choice|switch 6|move leechseed
|
|switch|p1a: Infernape|Infernape, M|257\/293
|move|p2a: Rosalina|Leech Seed|p1a: Infernape
|-start|p1a: Infernape|move: Leech Seed
|
|-damage|p1a: Infernape|221\/293|[from] Leech Seed|[of] p2a: Rosalina
|upkeep
|turn|8
|choice|move uturn|switch 4
|
|switch|p2a: WildFire|Arcanine, M|321\/321
|-ability|p2a: WildFire|Intimidate|boost
|-unboost|p1a: Infernape|atk|1
|move|p1a: Infernape|U-turn|p2a: WildFire
|-resisted|p2a: WildFire
|-damage|p2a: WildFire|292\/321
|choice|switch 3|
|
|switch|p1a: Krookodile|Krookodile, F|394\/394
|-ability|p1a: Krookodile|Intimidate|boost
|-unboost|p2a: WildFire|atk|1
|
|-heal|p2a: WildFire|312\/321|[from] item: Leftovers
|upkeep
|turn|9
|choice|move stealthrock|switch 5
|
|switch|p2a: Leo|Blastoise, M, shiny|362\/362
|move|p1a: Krookodile|Stealth Rock|p2a: Leo
|-sidestart|p2: Juan69696969|move: Stealth Rock
|
|upkeep
|turn|10
|choice|switch 4|move icebeam mega
|
|switch|p1a: Roserade|Roserade, F|321\/321
|detailschange|p2a: Leo|Blastoise-Mega, M, shiny
|-mega|p2a: Leo|Blastoise|Blastoisinite
|move|p2a: Leo|Ice Beam|p1a: Roserade
|-supereffective|p1a: Roserade
|-damage|p1a: Roserade|137\/321
|
|-heal|p1a: Roserade|157\/321|[from] item: Black Sludge
|upkeep
|turn|11
|choice|move gigadrain|move icebeam
|
|move|p1a: Roserade|Giga Drain|p2a: Leo
|-supereffective|p2a: Leo
|-damage|p2a: Leo|186\/362
|-heal|p1a: Roserade|245\/321|[from] drain|[of] p2a: Leo
|move|p2a: Leo|Ice Beam|p1a: Roserade
|-supereffective|p1a: Roserade
|-damage|p1a: Roserade|85\/321
|-status|p1a: Roserade|frz
|
|-heal|p1a: Roserade|105\/321 frz|[from] item: Black Sludge
|upkeep
|turn|12
|choice|switch 2|move icebeam
|
|-curestatus|p1a: Roserade|frz|[from] ability: Natural Cure
|switch|p1a: Blastoise|Blastoise, F|313\/313
|move|p2a: Leo|Ice Beam|p1a: Blastoise
|-resisted|p1a: Blastoise
|-damage|p1a: Blastoise|256\/313
|
|upkeep
|turn|13
|choice|move darkpulse mega|switch 4
|
|switch|p2a: Rosalina|Roserade, F, shiny|320\/320
|-damage|p2a: Rosalina|280\/320|[from] Stealth Rock
|detailschange|p1a: Blastoise|Blastoise-Mega, F
|-mega|p1a: Blastoise|Blastoise|Blastoisinite
|move|p1a: Blastoise|Dark Pulse|p2a: Rosalina
|-damage|p2a: Rosalina|113\/320
|
|-heal|p2a: Rosalina|133\/320|[from] item: Black Sludge
|upkeep
|turn|14
|choice|switch 2|move gigadrain
|
|switch|p1a: Roserade|Roserade, F|105\/321
|move|p2a: Rosalina|Giga Drain|p1a: Roserade
|-resisted|p1a: Roserade
|-damage|p1a: Roserade|86\/321
|-heal|p2a: Rosalina|143\/320|[from] drain|[of] p1a: Roserade
|
|-heal|p1a: Roserade|106\/321|[from] item: Black Sludge
|-heal|p2a: Rosalina|163\/320|[from] item: Black Sludge
|upkeep
|turn|15
|choice|switch 3|move toxicspikes
|
|switch|p1a: Infernape|Infernape, M|221\/293
|move|p2a: Rosalina|Toxic Spikes|p1a: Infernape
|-sidestart|p1: minolob|move: Toxic Spikes
|
|-heal|p2a: Rosalina|183\/320|[from] item: Black Sludge
|upkeep
|turn|16
|choice|move flareblitz|switch 2
|
|switch|p2a: Justice|Cobalion, shiny|380\/380
|-damage|p2a: Justice|369\/380|[from] Stealth Rock
|move|p1a: Infernape|Flare Blitz|p2a: Justice
|-supereffective|p2a: Justice
|-damage|p2a: Justice|127\/380
|-damage|p1a: Infernape|141\/293|[from] recoil|[of] p2a: Justice
|
|-heal|p2a: Justice|150\/380|[from] item: Leftovers
|upkeep
|turn|17
|choice|move flareblitz|move stealthrock
|
|move|p1a: Infernape|Flare Blitz|p2a: Justice
|-supereffective|p2a: Justice
|-damage|p2a: Justice|0 fnt
|-damage|p1a: Infernape|91\/293|[from] recoil|[of] p2a: Justice
|faint|p2a: Justice
|
|upkeep
|choice||switch 5
|
|switch|p2a: WildFire|Arcanine, M|312\/321
|-damage|p2a: WildFire|232\/321|[from] Stealth Rock
|-ability|p2a: WildFire|Intimidate|boost
|-unboost|p1a: Infernape|atk|1
|turn|18
|choice|switch 6|move closecombat
|
|switch|p1a: Forretress|Forretress, F|354\/354 par
|move|p2a: WildFire|Close Combat|p1a: Forretress
|-damage|p1a: Forretress|281\/354 par
|-unboost|p2a: WildFire|def|1
|-unboost|p2a: WildFire|spd|1
|
|-heal|p2a: WildFire|252\/321|[from] item: Leftovers
|-heal|p1a: Forretress|303\/354 par|[from] item: Leftovers
|upkeep
|turn|19
|choice|move rapidspin|move flareblitz
|
|move|p2a: WildFire|Flare Blitz|p1a: Forretress
|-supereffective|p1a: Forretress
|-damage|p1a: Forretress|0 fnt
|-damage|p2a: WildFire|152\/321|[from] recoil|[of] p1a: Forretress
|faint|p1a: Forretress
|
|-heal|p2a: WildFire|172\/321|[from] item: Leftovers
|upkeep
|choice|switch 3|
|
|switch|p1a: Roserade|Roserade, F|106\/321
|-sideend|p1: minolob|move: Toxic Spikes|[of] p1a: Roserade
|turn|20
|choice|switch 4|move flareblitz
|
|switch|p1a: Krookodile|Krookodile, F|394\/394
|-ability|p1a: Krookodile|Intimidate|boost
|-unboost|p2a: WildFire|atk|1
|move|p2a: WildFire|Flare Blitz|p1a: Krookodile
|-damage|p1a: Krookodile|292\/394
|-damage|p2a: WildFire|138\/321|[from] recoil|[of] p1a: Krookodile
|
|-heal|p2a: WildFire|158\/321|[from] item: Leftovers
|-heal|p1a: Krookodile|316\/394|[from] item: Leftovers
|upkeep
|turn|21
|choice|move earthquake|move closecombat
|
|move|p2a: WildFire|Close Combat|p1a: Krookodile
|-supereffective|p1a: Krookodile
|-damage|p1a: Krookodile|168\/394
|-unboost|p2a: WildFire|def|1
|-unboost|p2a: WildFire|spd|1
|move|p1a: Krookodile|Earthquake|p2a: WildFire
|-supereffective|p2a: WildFire
|-damage|p2a: WildFire|0 fnt
|faint|p2a: WildFire
|
|-heal|p1a: Krookodile|192\/394|[from] item: Leftovers
|upkeep
|choice||switch 4
|
|switch|p2a: Leo|Blastoise-Mega, M, shiny|186\/362
|-damage|p2a: Leo|141\/362|[from] Stealth Rock
|turn|22
|choice|switch 2|move icebeam
|
|switch|p1a: Blastoise|Blastoise-Mega, F|256\/313
|move|p2a: Leo|Ice Beam|p1a: Blastoise
|-resisted|p1a: Blastoise
|-damage|p1a: Blastoise|203\/313
|-status|p1a: Blastoise|frz
|
|upkeep
|turn|23
|choice|move darkpulse|move darkpulse
|
|cant|p1a: Blastoise|frz
|move|p2a: Leo|Dark Pulse|p1a: Blastoise
|-damage|p1a: Blastoise|53\/313 frz
|
|upkeep
|turn|24
|choice|move darkpulse|move aurasphere
|
|cant|p1a: Blastoise|frz
|move|p2a: Leo|Aura Sphere|p1a: Blastoise
|-damage|p1a: Blastoise|0 fnt
|faint|p1a: Blastoise
|
|upkeep
|choice|switch 4|
|
|switch|p1a: Roserade|Roserade, F|106\/321
|turn|25
|choice|move gigadrain|move icebeam
|
|move|p1a: Roserade|Giga Drain|p2a: Leo
|-supereffective|p2a: Leo
|-damage|p2a: Leo|0 fnt
|-heal|p1a: Roserade|177\/321|[from] drain|[of] p2a: Leo
|faint|p2a: Leo
|
|-heal|p1a: Roserade|197\/321|[from] item: Black Sludge
|upkeep
|choice||switch 2
|
|switch|p2a: Rosalina|Roserade, F, shiny|183\/320
|-damage|p2a: Rosalina|143\/320|[from] Stealth Rock
|turn|26
|choice|move sludgebomb|move toxicspikes
|
|move|p1a: Roserade|Sludge Bomb|p2a: Rosalina
|-damage|p2a: Rosalina|13\/320
|move|p2a: Rosalina|Toxic Spikes|p1a: Roserade
|-sidestart|p1: minolob|move: Toxic Spikes
|
|-heal|p1a: Roserade|217\/321|[from] item: Black Sludge
|-heal|p2a: Rosalina|33\/320|[from] item: Black Sludge
|upkeep
|turn|27
|choice|move sludgebomb|move toxicspikes
|
|move|p1a: Roserade|Sludge Bomb|p2a: Rosalina
|-damage|p2a: Rosalina|0 fnt
|faint|p2a: Rosalina
|
|-heal|p1a: Roserade|237\/321|[from] item: Black Sludge
|upkeep
|choice||switch 6
|
|switch|p2a: Lillith|Gardevoir, F, shiny|277\/277
|-damage|p2a: Lillith|243\/277|[from] Stealth Rock
|-ability|p2a: Lillith|Natural Cure|[from] ability: Trace|[of] p1a: Roserade
|turn|28
|choice|switch 5|move psyshock
|
|switch|p1a: Tyrantrum|Tyrantrum, M|305\/305
|-status|p1a: Tyrantrum|psn
|move|p2a: Lillith|Psyshock|p1a: Tyrantrum
|-damage|p1a: Tyrantrum|194\/305 psn
|
|-damage|p1a: Tyrantrum|156\/305 psn|[from] psn
|upkeep
|turn|29
|choice|move headsmash|move psyshock
|
|move|p2a: Lillith|Psyshock|p1a: Tyrantrum
|-damage|p1a: Tyrantrum|35\/305 psn
|move|p1a: Tyrantrum|Head Smash|p2a: Lillith
|-damage|p2a: Lillith|0 fnt
|-damage|p1a: Tyrantrum|5\/305 psn|[from] item: Life Orb
|faint|p2a: Lillith
|
|-damage|p1a: Tyrantrum|0 fnt|[from] psn
|upkeep
|faint|p1a: Tyrantrum
|choice|switch 5|switch 3
|
|switch|p1a: Roserade|Roserade, F|237\/321
|switch|p2a: Tiny Dancer|Florges-Blue, F|360\/360
|-sideend|p1: minolob|move: Toxic Spikes|[of] p1a: Roserade
|-damage|p2a: Tiny Dancer|315\/360|[from] Stealth Rock
|turn|30
|choice|move leechseed|move protect
|
|move|p2a: Tiny Dancer|Protect|p2a: Tiny Dancer
|-singleturn|p2a: Tiny Dancer|Protect
|move|p1a: Roserade|Leech Seed|p2a: Tiny Dancer
|-activate|p2a: Tiny Dancer|move: Protect
|
|-heal|p1a: Roserade|257\/321|[from] item: Black Sludge
|-heal|p2a: Tiny Dancer|337\/360|[from] item: Leftovers
|upkeep
|turn|31
|-message|Juan69696969 forfeited.
|
|win|minolob
|player|p1
|player|p2
|l|Juan69696969</script>
</div>
<div class="battle-log battle-log-inline"><div class="inner"><div class="battle-options"></div><div class="inner"><div class="chat"><small>minolob joined.</small></div><div class="chat"><small>Juan69696969 joined.</small></div><div class=""><small>Format:</small> <br><strong>UU</strong></div><div class="rated"><strong>Rated battle</strong></div><div class=""><small><em>Sleep Clause Mod:</em> Limit one foe put to sleep</small></div><div class=""><small><em>Species Clause:</em> Limit one of each Pokémon</small></div><div class=""><small><em>OHKO Clause:</em> OHKO moves are banned</small></div><div class=""><small><em>Moody Clause:</em> Moody is banned</small></div><div class=""><small><em>Evasion Moves Clause:</em> Evasion moves are banned</small></div><div class=""><small><em>Endless Battle Clause:</em> Forcing endless battles is banned</small></div><div class=""><small><em>HP Percentage Mod:</em> HP is shown in percentages</small></div><div class=""><small><em>Swagger Clause:</em> Swagger is banned</small></div><div class=""><small><em>Baton Pass Clause:</em> Limit one Baton Passer, can't pass Spe and other stats simultaneously</small></div><div class="chat battle-history"><strong>minolob's team:</strong> <em style="color:#445566;display:block;">Krookodile / Blastoise / Forretress / Roserade / Tyrantrum / Infernape</em></div><div class="chat battle-history"><strong>Juan69696969's team:</strong> <em style="color:#445566;display:block;">Gardevoir / Roserade / Florges-Blue / Arcanine / Blastoise / Cobalion</em></div><div class="spacer battle-history"><br></div><div class="battle-history">Battle started between minolob and Juan69696969!<br></div><div class="spacer battle-history"><br></div><div class="battle-history">Go! <strong>Krookodile</strong>!<br></div><div class="spacer battle-history"><br></div><div class="battle-history">Juan69696969 sent out Justice (<strong>Cobalion</strong>)!<br></div><div class="battle-history"><small>[Krookodile's Intimidate]</small><br></div><div class="battle-history"><small>The opposing Justice's Attack fell!</small><br></div><div class="spacer battle-history"><br></div><h2 class="battle-history">Turn 1</h2><div class="spacer battle-history"><br></div><div class="battle-history">Krookodile, come back!<br></div><div class="battle-history">Go! <strong>Forretress</strong>!<br></div><div class="spacer battle-history"><br></div><div class="battle-history">The opposing Justice used <strong>Stealth Rock</strong>!<br></div><div class="battle-history"><small>Pointed stones float in the air around your team!</small><br></div><div class="spacer battle-history"><br></div><h2 class="battle-history">Turn 2</h2><div class="spacer battle-history"><br></div><div class="battle-history">The opposing Justice used <strong>Taunt</strong>!<br></div><div class="battle-history"><small>Forretress fell for the taunt!</small><br></div><div class="spacer battle-history"><br></div><div class="battle-history">Forretress used <strong>Rapid Spin</strong>!<br></div><div class="battle-history"><small>It's not very effective...</small><br></div><div class="battle-history"><small>(The opposing Justice lost <abbr title="−5/380">1.3%</abbr> of its health!)</small><br></div><div class="battle-history"><small>The pointed stones disappeared from around your team!</small><br></div><div class="spacer battle-history"><br></div><div class="battle-history"><small>The opposing Justice restored a little HP using its Leftovers!</small><br></div><div class="spacer battle-history"><br></div><h2 class="battle-history">Turn 3</h2><div class="spacer battle-history"><br></div><div class="battle-history">The opposing Justice used <strong>Stealth Rock</strong>!<br></div><div class="battle-history"><small>Pointed stones float in the air around your team!</small><br></div><div class="spacer battle-history"><br></div><div class="battle-history">Forretress used <strong>Volt Switch</strong>!<br></div><div class="battle-history"><small>(The opposing Justice lost <abbr title="−47/380">12.4%</abbr> of its health!)</small><br></div><div class="spacer battle-history"><br></div><div class="battle-history">Forretress went back to minolob!<br></div><div class="battle-history">Go! <strong>Infernape</strong>!<br></div><div class="battle-history"><small>Pointed stones dug into Infernape!</small><br></div><div class="spacer battle-history"><br></div><div class="battle-history"><small>The opposing Justice restored a little HP using its Leftovers!</small><br></div><div class="spacer battle-history"><br></div><h2 class="battle-history">Turn 4</h2><div class="spacer battle-history"><br></div><div class="battle-history">Infernape used <strong>U-turn</strong>!<br></div><div class="battle-history"><small>It's not very effective...</small><br></div><div class="battle-history"><small>(The opposing Justice lost <abbr title="−11/380">2.9%</abbr> of its health!)</small><br></div><div class="spacer battle-history"><br></div><div class="battle-history">Infernape went back to minolob!<br></div><div class="battle-history">Go! <strong>Forretress</strong>!<br></div><div class="battle-history"><small>Pointed stones dug into Forretress!</small><br></div><div class="spacer battle-history"><br></div><div class="battle-history">The opposing Justice used <strong>Thunder Wave</strong>!<br></div><div class="battle-history"><small>Forretress is paralyzed! It may be unable to move!</small><br></div><div class="spacer battle-history"><br></div><div class="battle-history"><small>The opposing Justice restored a little HP using its Leftovers!</small><br></div><div class="battle-history"><small>Forretress restored a little HP using its Leftovers!</small><br></div><div class="spacer battle-history"><br></div><h2 class="battle-history">Turn 5</h2><div class="spacer battle-history"><br></div><div class="battle-history">The opposing Justice used <strong>Taunt</strong>!<br></div><div class="battle-history"><small>Forretress fell for the taunt!</small><br></div><div class="spacer battle-history"><br></div><div class="battle-history">Forretress is paralyzed! It can't move!<br></div><div class="spacer battle-history"><br></div><div class="battle-history"><small>The opposing Justice restored a little HP using its Leftovers!</small><br></div><div class="battle-history"><small>Forretress restored a little HP using its Leftovers!</small><br></div><div class="spacer battle-history"><br></div><h2 class="battle-history">Turn 6</h2><div class="spacer battle-history"><br></div><div class="battle-history">Juan69696969 withdrew Justice!<br></div><div class="battle-history">Juan69696969 sent out Rosalina (<strong>Roserade</strong>)!<br></div><div class="spacer battle-history"><br></div><div class="battle-history">Forretress used <strong>Rapid Spin</strong>!<br></div><div class="battle-history"><small>(The opposing Rosalina lost <abbr title="−13/320">4.1%</abbr> of its health!)</small><br></div><div class="battle-history"><small>The pointed stones disappeared from around your team!</small><br></div><div class="spacer battle-history"><br></div><div class="battle-history"><small>The opposing Rosalina restored a little HP using its Black Sludge!</small><br></div><div class="spacer battle-history"><br></div><h2 class="battle-history">Turn 7</h2><div class="spacer battle-history"><br></div><div class="battle-history">Forretress, come back!<br></div><div class="battle-history">Go! <strong>Infernape</strong>!<br></div><div class="spacer battle-history"><br></div><div class="battle-history">The opposing Rosalina used <strong>Leech Seed</strong>!<br></div><div class="battle-history"><small>Infernape was seeded!</small><br></div><div class="spacer battle-history"><br></div><div class="battle-history"><small>Infernape's health is sapped by Leech Seed!</small><br></div><div class="spacer battle-history"><br></div><h2 class="battle-history">Turn 8</h2><div class="spacer battle-history"><br></div><div class="battle-history">Juan69696969 withdrew Rosalina!<br></div><div class="battle-history">Juan69696969 sent out WildFire (<strong>Arcanine</strong>)!<br></div><div class="battle-history"><small>[The opposing WildFire's Intimidate]</small><br></div><div class="battle-history"><small>Infernape's Attack fell!</small><br></div><div class="spacer battle-history"><br></div><div class="battle-history">Infernape used <strong>U-turn</strong>!<br></div><div class="battle-history"><small>It's not very effective...</small><br></div><div class="battle-history"><small>(The opposing WildFire lost <abbr title="−29/321">9.0%</abbr> of its health!)</small><br></div><div class="spacer battle-history"><br></div><div class="battle-history">Infernape went back to minolob!<br></div><div class="battle-history">Go! <strong>Krookodile</strong>!<br></div><div class="battle-history"><small>[Krookodile's Intimidate]</small><br></div><div class="battle-history"><small>The opposing WildFire's Attack fell!</small><br></div><div class="spacer battle-history"><br></div><div class="battle-history"><small>The opposing WildFire restored a little HP using its Leftovers!</small><br></div><div class="spacer battle-history"><br></div><h2 class="battle-history">Turn 9</h2><div class="spacer battle-history"><br></div><div class="battle-history">Juan69696969 withdrew WildFire!<br></div><div class="battle-history">Juan69696969 sent out Leo (<strong>Blastoise</strong>)!<br></div><div class="spacer battle-history"><br></div><div class="battle-history">Krookodile used <strong>Stealth Rock</strong>!<br></div><div class="battle-history"><small>Pointed stones float in the air around the opposing team!</small><br></div><div class="spacer battle-history"><br></div><h2 class="battle-history">Turn 10</h2><div class="spacer battle-history"><br></div><div class="battle-history">Krookodile, come back!<br></div><div class="battle-history">Go! <strong>Roserade</strong>!<br></div><div class="spacer battle-history"><br></div><div class="battle-history"><small>The opposing Leo's Blastoisinite is reacting to Juan69696969's Mega Bracelet!</small><br>The opposing Leo has Mega Evolved into Mega Blastoise!<br></div><div class="spacer battle-history"><br></div><div class="battle-history">The opposing Leo used <strong>Ice Beam</strong>!<br></div><div class="battle-history"><small>It's super effective!</small><br></div><div class="battle-history"><small>(Roserade lost <abbr title="−184/321">57.3%</abbr> of its health!)</small><br></div><div class="spacer battle-history"><br></div><div class="battle-history"><small>Roserade restored a little HP using its Black Sludge!</small><br></div><div class="spacer battle-history"><br></div><h2 class="battle-history">Turn 11</h2><div class="spacer battle-history"><br></div><div class="battle-history">Roserade used <strong>Giga Drain</strong>!<br></div><div class="battle-history"><small>It's super effective!</small><br></div><div class="battle-history"><small>(The opposing Leo lost <abbr title="−176/362">48.6%</abbr> of its health!)</small><br></div><div class="battle-history"><small>The opposing Leo had its energy drained!</small><br></div><div class="spacer battle-history"><br></div><div class="battle-history">The opposing Leo used <strong>Ice Beam</strong>!<br></div><div class="battle-history"><small>It's super effective!</small><br></div><div class="battle-history"><small>(Roserade lost <abbr title="−160/321">49.8%</abbr> of its health!)</small><br></div><div class="battle-history"><small>Roserade was frozen solid!</small><br></div><div class="spacer battle-history"><br></div><div class="battle-history"><small>Roserade restored a little HP using its Black Sludge!</small><br></div><div class="spacer battle-history"><br></div><h2 class="battle-history">Turn 12</h2><div class="spacer battle-history"><br></div><div class="battle-history"><small>(Roserade is cured by its Natural Cure!)</small><br></div><div class="battle-history">Roserade, come back!<br></div><div class="battle-history">Go! <strong>Blastoise</strong>!<br></div><div class="spacer battle-history"><br></div><div class="battle-history">The opposing Leo used <strong>Ice Beam</strong>!<br></div><div class="battle-history"><small>It's not very effective...</small><br></div><div class="battle-history"><small>(Blastoise lost <abbr title="−57/313">18.2%</abbr> of its health!)</small><br></div><div class="spacer battle-history"><br></div><h2 class="battle-history">Turn 13</h2><div class="spacer battle-history"><br></div><div class="battle-history">Juan69696969 withdrew Leo!<br></div><div class="battle-history">Juan69696969 sent out Rosalina (<strong>Roserade</strong>)!<br></div><div class="battle-history"><small>Pointed stones dug into the opposing Rosalina!</small><br></div><div class="spacer battle-history"><br></div><div class="battle-history"><small>Blastoise's Blastoisinite is reacting to minolob's Mega Bracelet!</small><br>Blastoise has Mega Evolved into Mega Blastoise!<br></div><div class="spacer battle-history"><br></div><div class="battle-history">Blastoise used <strong>Dark Pulse</strong>!<br></div><div class="battle-history"><small>(The opposing Rosalina lost <abbr title="−167/320">52.2%</abbr> of its health!)</small><br></div><div class="spacer battle-history"><br></div><div class="battle-history"><small>The opposing Rosalina restored a little HP using its Black Sludge!</small><br></div><div class="spacer battle-history"><br></div><h2 class="battle-history">Turn 14</h2><div class="spacer battle-history"><br></div><div class="battle-history">Blastoise, come back!<br></div><div class="battle-history">Go! <strong>Roserade</strong>!<br></div><div class="spacer battle-history"><br></div><div class="battle-history">The opposing Rosalina used <strong>Giga Drain</strong>!<br></div><div class="battle-history"><small>It's not very effective...</small><br></div><div class="battle-history"><small>(Roserade lost <abbr title="−19/321">5.9%</abbr> of its health!)</small><br></div><div class="battle-history"><small>Roserade had its energy drained!</small><br></div><div class="spacer battle-history"><br></div><div class="battle-history"><small>Roserade restored a little HP using its Black Sludge!</small><br></div><div class="battle-history"><small>The opposing Rosalina restored a little HP using its Black Sludge!</small><br></div><div class="spacer battle-history"><br></div><h2 class="battle-history">Turn 15</h2><div class="spacer battle-history"><br></div><div class="battle-history">Roserade, come back!<br></div><div class="battle-history">Go! <strong>Infernape</strong>!<br></div><div class="spacer battle-history"><br></div><div class="battle-history">The opposing Rosalina used <strong>Toxic Spikes</strong>!<br></div><div class="battle-history"><small>Poison spikes were scattered on the ground all around your team!</small><br></div><div class="spacer battle-history"><br></div><div class="battle-history"><small>The opposing Rosalina restored a little HP using its Black Sludge!</small><br></div><div class="spacer battle-history"><br></div><h2 class="battle-history">Turn 16</h2><div class="spacer battle-history"><br></div><div class="battle-history">Juan69696969 withdrew Rosalina!<br></div><div class="battle-history">Juan69696969 sent out Justice (<strong>Cobalion</strong>)!<br></div><div class="battle-history"><small>Pointed stones dug into the opposing Justice!</small><br></div><div class="spacer battle-history"><br></div><div class="battle-history">Infernape used <strong>Flare Blitz</strong>!<br></div><div class="battle-history"><small>It's super effective!</small><br></div><div class="battle-history"><small>(The opposing Justice lost <abbr title="−242/380">63.7%</abbr> of its health!)</small><br></div><div class="battle-history"><small>Infernape is damaged by the recoil!</small><br></div><div class="spacer battle-history"><br></div><div class="battle-history"><small>The opposing Justice restored a little HP using its Leftovers!</small><br></div><div class="spacer battle-history"><br></div><h2 class="battle-history">Turn 17</h2><div class="spacer battle-history"><br></div><div class="battle-history">Infernape used <strong>Flare Blitz</strong>!<br></div><div class="battle-history"><small>It's super effective!</small><br></div><div class="battle-history"><small>(The opposing Justice lost <abbr title="−150/380">39.5%</abbr> of its health!)</small><br></div><div class="battle-history"><small>Infernape is damaged by the recoil!</small><br></div><div class="spacer battle-history"><br></div><div class="battle-history">The opposing Justice fainted!<br></div><div class="spacer battle-history"><br></div><div class="battle-history">Juan69696969 sent out WildFire (<strong>Arcanine</strong>)!<br></div><div class="battle-history"><small>Pointed stones dug into the opposing WildFire!</small><br></div><div class="battle-history"><small>[The opposing WildFire's Intimidate]</small><br></div><div class="battle-history"><small>Infernape's Attack fell!</small><br></div><div class="spacer battle-history"><br></div><h2 class="battle-history">Turn 18</h2><div class="spacer battle-history"><br></div><div class="battle-history">Infernape, come back!<br></div><div class="battle-history">Go! <strong>Forretress</strong>!<br></div><div class="spacer battle-history"><br></div><div class="battle-history">The opposing WildFire used <strong>Close Combat</strong>!<br></div><div class="battle-history"><small>(Forretress lost <abbr title="−73/354">20.6%</abbr> of its health!)</small><br></div><div class="battle-history"><small>The opposing WildFire's Defense fell!</small><br></div><div class="battle-history"><small>The opposing WildFire's Special Defense fell!</small><br></div><div class="spacer battle-history"><br></div><div class="battle-history"><small>The opposing WildFire restored a little HP using its Leftovers!</small><br></div><div class="battle-history"><small>Forretress restored a little HP using its Leftovers!</small><br></div><div class="spacer battle-history"><br></div><h2 class="battle-history">Turn 19</h2><div class="spacer battle-history"><br></div><div class="battle-history">The opposing WildFire used <strong>Flare Blitz</strong>!<br></div><div class="battle-history"><small>It's super effective!</small><br></div><div class="battle-history"><small>(Forretress lost <abbr title="−303/354">85.6%</abbr> of its health!)</small><br></div><div class="battle-history"><small>The opposing WildFire is damaged by the recoil!</small><br></div><div class="spacer battle-history"><br></div><div class="battle-history">Forretress fainted!<br></div><div class="spacer battle-history"><br></div><div class="battle-history"><small>The opposing WildFire restored a little HP using its Leftovers!</small><br></div><div class="spacer battle-history"><br></div><div class="battle-history">Go! <strong>Roserade</strong>!<br></div><div class="battle-history"><small>The poison spikes disappeared from the ground around your team!</small><br></div><div class="spacer battle-history"><br></div><h2 class="battle-history">Turn 20</h2><div class="spacer battle-history"><br></div><div class="battle-history">Roserade, come back!<br></div><div class="battle-history">Go! <strong>Krookodile</strong>!<br></div><div class="battle-history"><small>[Krookodile's Intimidate]</small><br></div><div class="battle-history"><small>The opposing WildFire's Attack fell!</small><br></div><div class="spacer battle-history"><br></div><div class="battle-history">The opposing WildFire used <strong>Flare Blitz</strong>!<br></div><div class="battle-history"><small>(Krookodile lost <abbr title="−102/394">25.9%</abbr> of its health!)</small><br></div><div class="battle-history"><small>The opposing WildFire is damaged by the recoil!</small><br></div><div class="spacer battle-history"><br></div><div class="battle-history"><small>The opposing WildFire restored a little HP using its Leftovers!</small><br></div><div class="battle-history"><small>Krookodile restored a little HP using its Leftovers!</small><br></div><div class="spacer battle-history"><br></div><h2 class="battle-history">Turn 21</h2><div class="spacer battle-history"><br></div><div class="battle-history">The opposing WildFire used <strong>Close Combat</strong>!<br></div><div class="battle-history"><small>It's super effective!</small><br></div><div class="battle-history"><small>(Krookodile lost <abbr title="−148/394">37.6%</abbr> of its health!)</small><br></div><div class="battle-history"><small>The opposing WildFire's Defense fell!</small><br></div><div class="battle-history"><small>The opposing WildFire's Special Defense fell!</small><br></div><div class="spacer battle-history"><br></div><div class="battle-history">Krookodile used <strong>Earthquake</strong>!<br></div><div class="battle-history"><small>It's super effective!</small><br></div><div class="battle-history"><small>(The opposing WildFire lost <abbr title="−158/321">49.2%</abbr> of its health!)</small><br></div><div class="spacer battle-history"><br></div><div class="battle-history">The opposing WildFire fainted!<br></div><div class="spacer battle-history"><br></div><div class="battle-history"><small>Krookodile restored a little HP using its Leftovers!</small><br></div><div class="spacer battle-history"><br></div><div class="battle-history">Juan69696969 sent out Leo (<strong>Blastoise-Mega</strong>)!<br></div><div class="battle-history"><small>Pointed stones dug into the opposing Leo!</small><br></div><div class="spacer battle-history"><br></div><h2 class="battle-history">Turn 22</h2><div class="spacer battle-history"><br></div><div class="battle-history">Krookodile, come back!<br></div><div class="battle-history">Go! Blastoise (<strong>Blastoise-Mega</strong>)!<br></div><div class="spacer battle-history"><br></div><div class="battle-history">The opposing Leo used <strong>Ice Beam</strong>!<br></div><div class="battle-history"><small>It's not very effective...</small><br></div><div class="battle-history"><small>(Blastoise lost <abbr title="−53/313">16.9%</abbr> of its health!)</small><br></div><div class="battle-history"><small>Blastoise was frozen solid!</small><br></div><div class="spacer battle-history"><br></div><h2 class="battle-history">Turn 23</h2><div class="spacer battle-history"><br></div><div class="battle-history">Blastoise is frozen solid!<br></div><div class="spacer battle-history"><br></div><div class="battle-history">The opposing Leo used <strong>Dark Pulse</strong>!<br></div><div class="battle-history"><small>(Blastoise lost <abbr title="−150/313">47.9%</abbr> of its health!)</small><br></div><div class="spacer battle-history"><br></div><h2 class="battle-history">Turn 24</h2><div class="spacer battle-history"><br></div><div class="battle-history">Blastoise is frozen solid!<br></div><div class="spacer battle-history"><br></div><div class="battle-history">The opposing Leo used <strong>Aura Sphere</strong>!<br></div><div class="battle-history"><small>(Blastoise lost <abbr title="−53/313">16.9%</abbr> of its health!)</small><br></div><div class="spacer battle-history"><br></div><div class="battle-history">Blastoise fainted!<br></div><div class="spacer battle-history"><br></div><div class="battle-history">Go! <strong>Roserade</strong>!<br></div><div class="spacer battle-history"><br></div><h2 class="battle-history">Turn 25</h2><div class="spacer battle-history"><br></div><div class="battle-history">Roserade used <strong>Giga Drain</strong>!<br></div><div class="battle-history"><small>It's super effective!</small><br></div><div class="battle-history"><small>(The opposing Leo lost <abbr title="−141/362">39.0%</abbr> of its health!)</small><br></div><div class="battle-history"><small>The opposing Leo had its energy drained!</small><br></div><div class="spacer battle-history"><br></div><div class="battle-history">The opposing Leo fainted!<br></div><div class="spacer battle-history"><br></div><div class="battle-history"><small>Roserade restored a little HP using its Black Sludge!</small><br></div><div class="spacer battle-history"><br></div><div class="battle-history">Juan69696969 sent out Rosalina (<strong>Roserade</strong>)!<br></div><div class="battle-history"><small>Pointed stones dug into the opposing Rosalina!</small><br></div><div class="spacer battle-history"><br></div><h2 class="battle-history">Turn 26</h2><div class="spacer battle-history"><br></div><div class="battle-history">Roserade used <strong>Sludge Bomb</strong>!<br></div><div class="battle-history"><small>(The opposing Rosalina lost <abbr title="−130/320">40.6%</abbr> of its health!)</small><br></div><div class="spacer battle-history"><br></div><div class="battle-history">The opposing Rosalina used <strong>Toxic Spikes</strong>!<br></div><div class="battle-history"><small>Poison spikes were scattered on the ground all around your team!</small><br></div><div class="spacer battle-history"><br></div><div class="battle-history"><small>Roserade restored a little HP using its Black Sludge!</small><br></div><div class="battle-history"><small>The opposing Rosalina restored a little HP using its Black Sludge!</small><br></div><div class="spacer battle-history"><br></div><h2 class="battle-history">Turn 27</h2><div class="spacer battle-history"><br></div><div class="battle-history">Roserade used <strong>Sludge Bomb</strong>!<br></div><div class="battle-history"><small>(The opposing Rosalina lost <abbr title="−33/320">10.3%</abbr> of its health!)</small><br></div><div class="spacer battle-history"><br></div><div class="battle-history">The opposing Rosalina fainted!<br></div><div class="spacer battle-history"><br></div><div class="battle-history"><small>Roserade restored a little HP using its Black Sludge!</small><br></div><div class="spacer battle-history"><br></div><div class="battle-history">Juan69696969 sent out Lillith (<strong>Gardevoir</strong>)!<br></div><div class="battle-history"><small>Pointed stones dug into the opposing Lillith!</small><br></div><div class="battle-history"><small>[The opposing Lillith's Trace]</small><br><small>[The opposing Lillith's Natural Cure]</small><br><small>The opposing Lillith traced Roserade's Natural Cure!</small><br></div><div class="spacer battle-history"><br></div><h2 class="battle-history">Turn 28</h2><div class="spacer battle-history"><br></div><div class="battle-history">Roserade, come back!<br></div><div class="battle-history">Go! <strong>Tyrantrum</strong>!<br></div><div class="battle-history"><small>Tyrantrum was poisoned!</small><br></div><div class="spacer battle-history"><br></div><div class="battle-history">The opposing Lillith used <strong>Psyshock</strong>!<br></div><div class="battle-history"><small>(Tyrantrum lost <abbr title="−111/305">36.4%</abbr> of its health!)</small><br></div><div class="spacer battle-history"><br></div><div class="battle-history"><small>Tyrantrum was hurt by poison!</small><br></div><div class="spacer battle-history"><br></div><h2 class="battle-history">Turn 29</h2><div class="spacer battle-history"><br></div><div class="battle-history">The opposing Lillith used <strong>Psyshock</strong>!<br></div><div class="battle-history"><small>(Tyrantrum lost <abbr title="−121/305">39.7%</abbr> of its health!)</small><br></div><div class="spacer battle-history"><br></div><div class="battle-history">Tyrantrum used <strong>Head Smash</strong>!<br></div><div class="battle-history"><small>(The opposing Lillith lost <abbr title="−243/277">87.7%</abbr> of its health!)</small><br></div><div class="battle-history"><small>Tyrantrum lost some of its HP!</small><br></div><div class="spacer battle-history"><br></div><div class="battle-history">The opposing Lillith fainted!<br></div><div class="spacer battle-history"><br></div><div class="battle-history"><small>Tyrantrum was hurt by poison!</small><br></div><div class="spacer battle-history"><br></div><div class="battle-history">Tyrantrum fainted!<br></div><div class="spacer battle-history"><br></div><div class="battle-history">Go! <strong>Roserade</strong>!<br></div><div class="spacer battle-history"><br></div><div class="battle-history">Juan69696969 sent out Tiny Dancer (<strong>Florges-Blue</strong>)!<br></div><div class="battle-history"><small>The poison spikes disappeared from the ground around your team!</small><br></div><div class="battle-history"><small>Pointed stones dug into the opposing Tiny Dancer!</small><br></div><div class="spacer battle-history"><br></div><h2 class="battle-history">Turn 30</h2><div class="spacer battle-history"><br></div><div class="battle-history">The opposing Tiny Dancer used <strong>Protect</strong>!<br></div><div class="battle-history"><small>The opposing Tiny Dancer protected itself!</small><br></div><div class="spacer battle-history"><br></div><div class="battle-history">Roserade used <strong>Leech Seed</strong>!<br></div><div class="battle-history"><small>The opposing Tiny Dancer protected itself!</small><br></div><div class="spacer battle-history"><br></div><div class="battle-history"><small>Roserade restored a little HP using its Black Sludge!</small><br></div><div class="battle-history"><small>The opposing Tiny Dancer restored a little HP using its Leftovers!</small><br></div><div class="spacer battle-history"><br></div><h2 class="battle-history">Turn 31</h2><div class="spacer battle-history"><br></div><div class="battle-history"><small>Juan69696969 forfeited.</small><br></div><div class="spacer battle-history"><br></div><div class="battle-history"><strong>minolob</strong> won the battle!<br></div><div class="chat"><small>Juan69696969 left.</small></div></div><div class="inner-preempt"></div></div></div>
</div>
<script>
let daily = Math.floor(Date.now()/1000/60/60/24);document.write('<script src="https://play.pokemonshowdown.com/js/replay-embed.js?version'+daily+'"></'+'script>');
</script>
