<!DOCTYPE html>
<meta charset="utf-8" />
<!-- version 1 -->
<title>UU replay: tingui98 vs. The frozen lopunny</title>
<style>
html,body {font-family:Verdana, sans-serif;font-size:10pt;margin:0;padding:0;}body{padding:12px 0;} .battle-log {font-family:Verdana, sans-serif;font-size:10pt;} .battle-log-inline {border:1px solid #AAAAAA;background:#EEF2F5;color:black;max-width:640px;margin:0 auto 80px;padding-bottom:5px;} .battle-log .inner {padding:4px 8px 0px 8px;} .battle-log .inner-preempt {padding:0 8px 4px 8px;} .battle-log .inner-after {margin-top:0.5em;} .battle-log h2 {margin:0.5em -8px;padding:4px 8px;border:1px solid #AAAAAA;background:#E0E7EA;border-left:0;border-right:0;font-family:Verdana, sans-serif;font-size:13pt;} .battle-log .chat {vertical-align:middle;padding:3px 0 3px 0;font-size:8pt;} .battle-log .chat strong {color:#40576A;} .battle-log .chat em {padding:1px 4px 1px 3px;color:#000000;font-style:normal;} .chat.mine {background:rgba(0,0,0,0.05);margin-left:-8px;margin-right:-8px;padding-left:8px;padding-right:8px;} .spoiler {color:#BBBBBB;background:#BBBBBB;padding:0px 3px;} .spoiler:hover, .spoiler:active, .spoiler-shown {color:#000000;background:#E2E2E2;padding:0px 3px;} .spoiler a {color:#BBBBBB;} .spoiler:hover a, .spoiler:active a, .spoiler-shown a {color:#2288CC;} .chat code, .chat .spoiler:hover code, .chat .spoiler:active code, .chat .spoiler-shown code {border:1px solid #C0C0C0;background:#EEEEEE;color:black;padding:0 2px;} .chat .spoiler code {border:1px solid #CCCCCC;background:#CCCCCC;color:#CCCCCC;} .battle-log .rated {padding:3px 4px;} .battle-log .rated strong {color:white;background:#89A;padding:1px 4px;border-radius:4px;} .spacer {margin-top:0.5em;} .message-announce {background:#6688AA;color:white;padding:1px 4px 2px;} .message-announce a, .broadcast-green a, .broadcast-blue a, .broadcast-red a {color:#DDEEFF;} .broadcast-green {background-color:#559955;color:white;padding:2px 4px;} .broadcast-blue {background-color:#6688AA;color:white;padding:2px 4px;} .infobox {border:1px solid #6688AA;padding:2px 4px;} .infobox-limited {max-height:200px;overflow:auto;overflow-x:hidden;} .broadcast-red {background-color:#AA5544;color:white;padding:2px 4px;} .message-learn-canlearn {font-weight:bold;color:#228822;text-decoration:underline;} .message-learn-cannotlearn {font-weight:bold;color:#CC2222;text-decoration:underline;} .message-effect-weak {font-weight:bold;color:#CC2222;} .message-effect-resist {font-weight:bold;color:#6688AA;} .message-effect-immune {font-weight:bold;color:#666666;} .message-learn-list {margin-top:0;margin-bottom:0;} .message-throttle-notice, .message-error {color:#992222;} .message-overflow, .chat small.message-overflow {font-size:0pt;} .message-overflow::before {font-size:9pt;content:'...';} .subtle {color:#3A4A66;}
</style>
<div class="wrapper replay-wrapper" style="max-width:1180px;margin:0 auto">
<input type="hidden" name="replayid" value="uu-564796601" />
<div class="battle"></div><div class="battle-log"></div><div class="replay-controls"></div><div class="replay-controls-2"></div>
<h1 style="font-weight:normal;text-align:center"><strong>UU</strong><br /><a href="http://pokemonshowdown.com/users/tingui98" class="subtle" target="_blank">tingui98</a> vs. <a href="http://pokemonshowdown.com/users/thefrozenlopunny" class="subtle" target="_blank">The frozen lopunny</a></h1>
<script type="text/plain" class="battle-log-data">|j|tingui98
|j|The frozen lopunny
|player|p1|tingui98|118
|player|p2|The frozen lopunny|279
|gametype|singles
|gen|6
|tier|UU
|rated
|seed|17883,2090,1194,30893
|rule|Sleep Clause Mod: Limit one foe put to sleep
|rule|Species Clause: Limit one of each Pokémon
|rule|OHKO Clause: OHKO moves are banned
|rule|Moody Clause: Moody is banned
|rule|Evasion Moves Clause: Evasion moves are banned
|rule|Endless Battle Clause: Forcing endless battles is banned
|rule|HP Percentage Mod: HP is shown in percentages
|clearpoke
|poke|p1|Raichu, F|item
|poke|p1|Hitmonlee, M|item
|poke|p1|Sharpedo, F|item
|poke|p1|Steelix, F|item
|poke|p1|Chesnaught, M|item
|poke|p1|Beedrill, M|item
|poke|p2|Mienshao, F, shiny|item
|poke|p2|Whimsicott, M|item
|poke|p2|Vaporeon, M|item
|poke|p2|Forretress, M|item
|poke|p2|Krookodile, M|item
|poke|p2|Chandelure, F|item
|rule|Swagger Clause: Swagger is banned
|rule|Baton Pass Clause: Limit one Baton Passer, can't pass Spe and other stats simultaneously
|teampreview
|choice|team 6, team 2, team 3, team 4, team 5, team 1|team 1, team 2, team 3, team 4, team 5, team 6
|
|start
|switch|p1a: Beedrill|Beedrill, M|271\/271
|switch|p2a: ThisIsMyHappyFace|Mienshao, F, shiny|271\/271
|turn|1
|choice|move swordsdance|move stoneedge
|
|move|p2a: ThisIsMyHappyFace|Stone Edge|p1a: Beedrill
|-supereffective|p1a: Beedrill
|-damage|p1a: Beedrill|0 fnt
|faint|p1a: Beedrill
|
|upkeep
|choice|switch 5|
|
|switch|p1a: Chesnaught|Chesnaught, M|380\/380
|turn|2
|choice|move superfang|switch 4
|
|switch|p2a: Metal wallnut|Forretress, M|354\/354
|move|p1a: Chesnaught|Super Fang|p2a: Metal wallnut
|-damage|p2a: Metal wallnut|177\/354
|-damage|p1a: Chesnaught|342\/380|[from] item: Life Orb
|
|-heal|p2a: Metal wallnut|199\/354|[from] item: Leftovers
|upkeep
|turn|3
|choice|move superfang|move toxicspikes
|
|move|p1a: Chesnaught|Super Fang|p2a: Metal wallnut
|-damage|p2a: Metal wallnut|100\/354
|-damage|p1a: Chesnaught|304\/380|[from] item: Life Orb
|move|p2a: Metal wallnut|Toxic Spikes|p1a: Chesnaught
|-sidestart|p1: tingui98|move: Toxic Spikes
|
|-heal|p2a: Metal wallnut|122\/354|[from] item: Leftovers
|upkeep
|turn|4
|choice|move drainpunch|switch 6
|
|switch|p2a: Spook|Chandelure, F|261\/261
|move|p1a: Chesnaught|Drain Punch|p2a: Spook
|-immune|p2a: Spook|[msg]
|
|upkeep
|turn|5
|choice|move woodhammer|move psychic
|
|move|p2a: Spook|Psychic|p1a: Chesnaught
|-supereffective|p1a: Chesnaught
|-damage|p1a: Chesnaught|0 fnt
|faint|p1a: Chesnaught
|
|upkeep
|choice|switch 3|
|
|switch|p1a: Sharpedo|Sharpedo, F|281\/281
|-status|p1a: Sharpedo|psn
|turn|6
|choice|move waterfall|move energyball
|
|move|p1a: Sharpedo|Waterfall|p2a: Spook
|-supereffective|p2a: Spook
|-damage|p2a: Spook|0 fnt
|-damage|p1a: Sharpedo|253\/281 psn|[from] item: Life Orb
|faint|p2a: Spook
|
|-damage|p1a: Sharpedo|218\/281 psn|[from] psn
|-ability|p1a: Sharpedo|Speed Boost|boost
|-boost|p1a: Sharpedo|spe|1
|upkeep
|choice||switch 2
|
|switch|p2a: Poof|Whimsicott, M|311\/311
|turn|7
|choice|move nightslash|move encore
|
|move|p2a: Poof|Encore|p1a: Sharpedo
|-start|p1a: Sharpedo|Encore
|move|p1a: Sharpedo|Waterfall|p2a: Poof
|-resisted|p2a: Poof
|-damage|p2a: Poof|233\/311
|-damage|p1a: Sharpedo|190\/281 psn|[from] item: Life Orb
|
|-heal|p2a: Poof|252\/311|[from] item: Leftovers
|-damage|p1a: Sharpedo|155\/281 psn|[from] psn
|-ability|p1a: Sharpedo|Speed Boost|boost
|-boost|p1a: Sharpedo|spe|1
|upkeep
|turn|8
|choice|switch 2|move uturn
|
|switch|p1a: Hitmonlee|Hitmonlee, M|241\/241
|-status|p1a: Hitmonlee|psn
|move|p2a: Poof|U-turn|p1a: Hitmonlee
|-resisted|p1a: Hitmonlee
|-damage|p1a: Hitmonlee|214\/241 psn
|choice||switch 3
|
|switch|p2a: Catfish|Vaporeon, M|464\/464
|
|-damage|p1a: Hitmonlee|184\/241 psn|[from] psn
|upkeep
|turn|9
|choice|move rapidspin|move protect
|
|move|p2a: Catfish|Protect|p2a: Catfish
|-singleturn|p2a: Catfish|Protect
|move|p1a: Hitmonlee|Rapid Spin|p2a: Catfish
|-activate|p2a: Catfish|move: Protect
|
|-damage|p1a: Hitmonlee|154\/241 psn|[from] psn
|upkeep
|turn|10
|choice|move rapidspin|move scald
|
|move|p1a: Hitmonlee|Rapid Spin|p2a: Catfish
|-damage|p2a: Catfish|413\/464
|-sideend|p1: tingui98|Toxic Spikes|[from] move: Rapid Spin|[of] p1a: Hitmonlee
|move|p2a: Catfish|Scald|p1a: Hitmonlee
|-damage|p1a: Hitmonlee|63\/241 psn
|
|-heal|p2a: Catfish|442\/464|[from] item: Leftovers
|-damage|p1a: Hitmonlee|33\/241 psn|[from] psn
|upkeep
|turn|11
|choice|switch 6|move protect
|
|switch|p1a: Raichu|Raichu, F|261\/261
|move|p2a: Catfish|Protect|p2a: Catfish
|-fail|p2a: Catfish
|
|-heal|p2a: Catfish|464\/464|[from] item: Leftovers
|upkeep
|turn|12
|choice|move substitute|switch 3
|
|switch|p2a: Poof|Whimsicott, M|252\/311
|move|p1a: Raichu|Substitute|p1a: Raichu
|-start|p1a: Raichu|Substitute
|-damage|p1a: Raichu|196\/261
|
|-heal|p2a: Poof|271\/311|[from] item: Leftovers
|upkeep
|turn|13
|choice|move agility|move encore
|
|move|p2a: Poof|Encore|p1a: Raichu
|-start|p1a: Raichu|Encore
|move|p1a: Raichu|Substitute|p1a: Raichu
|-fail|p1a: Raichu|move: Substitute
|
|-heal|p2a: Poof|290\/311|[from] item: Leftovers
|upkeep
|turn|14
|choice|switch 4|move uturn
|
|switch|p1a: Steelix|Steelix, F|354\/354
|move|p2a: Poof|U-turn|p1a: Steelix
|-resisted|p1a: Steelix
|-damage|p1a: Steelix|345\/354
|choice||switch 6
|
|switch|p2a: Metal wallnut|Forretress, M|122\/354
|
|-heal|p2a: Metal wallnut|144\/354|[from] item: Leftovers
|upkeep
|turn|15
|choice|move gyroball|move toxicspikes
|
|move|p2a: Metal wallnut|Toxic Spikes|p1a: Steelix
|-sidestart|p1: tingui98|move: Toxic Spikes
|move|p1a: Steelix|Gyro Ball|p2a: Metal wallnut
|-resisted|p2a: Metal wallnut
|-damage|p2a: Metal wallnut|117\/354
|
|-heal|p2a: Metal wallnut|139\/354|[from] item: Leftovers
|upkeep
|turn|16
|choice|move earthquake|move toxicspikes
|
|move|p2a: Metal wallnut|Toxic Spikes|p1a: Steelix
|-sidestart|p1: tingui98|move: Toxic Spikes
|move|p1a: Steelix|Earthquake|p2a: Metal wallnut
|-damage|p2a: Metal wallnut|49\/354
|
|-heal|p2a: Metal wallnut|71\/354|[from] item: Leftovers
|upkeep
|turn|17
|choice|move earthquake|move stealthrock
|
|move|p2a: Metal wallnut|Stealth Rock|p1a: Steelix
|-sidestart|p1: tingui98|move: Stealth Rock
|move|p1a: Steelix|Earthquake|p2a: Metal wallnut
|-damage|p2a: Metal wallnut|0 fnt
|faint|p2a: Metal wallnut
|
|upkeep
|choice||switch 6
|
|switch|p2a: Poof|Whimsicott, M|290\/311
|turn|18
|choice|move gyroball|move encore
|
|move|p2a: Poof|Encore|p1a: Steelix
|-start|p1a: Steelix|Encore
|move|p1a: Steelix|Earthquake|p2a: Poof
|-resisted|p2a: Poof
|-damage|p2a: Poof|232\/311
|
|-heal|p2a: Poof|251\/311|[from] item: Leftovers
|upkeep
|turn|19
|choice|switch 6|move gigadrain
|
|switch|p1a: Hitmonlee|Hitmonlee, M|33\/241 psn
|-damage|p1a: Hitmonlee|18\/241 psn|[from] Stealth Rock
|move|p2a: Poof|Giga Drain|p1a: Hitmonlee
|-damage|p1a: Hitmonlee|0 fnt
|-heal|p2a: Poof|260\/311|[from] drain|[of] p1a: Hitmonlee
|faint|p1a: Hitmonlee
|
|-heal|p2a: Poof|279\/311|[from] item: Leftovers
|upkeep
|choice|switch 4|
|
|switch|p1a: Raichu|Raichu, F|196\/261
|-status|p1a: Raichu|tox
|-damage|p1a: Raichu|164\/261 tox|[from] Stealth Rock
|turn|20
|choice|move electroball|move gigadrain
|
|move|p1a: Raichu|Electro Ball|p2a: Poof
|-resisted|p2a: Poof
|-damage|p2a: Poof|216\/311
|move|p2a: Poof|Giga Drain|p1a: Raichu
|-damage|p1a: Raichu|73\/261 tox
|-heal|p2a: Poof|262\/311|[from] drain|[of] p1a: Raichu
|
|-heal|p2a: Poof|281\/311|[from] item: Leftovers
|-damage|p1a: Raichu|57\/261 tox|[from] psn
|upkeep
|turn|21
|choice|move signalbeam|move encore
|
|move|p2a: Poof|Encore|p1a: Raichu
|-start|p1a: Raichu|Encore
|move|p1a: Raichu|Electro Ball|p2a: Poof
|-resisted|p2a: Poof
|-damage|p2a: Poof|216\/311
|
|-heal|p2a: Poof|235\/311|[from] item: Leftovers
|-damage|p1a: Raichu|25\/261 tox|[from] psn
|upkeep
|turn|22
|choice|move electroball|move gigadrain
|
|move|p1a: Raichu|Electro Ball|p2a: Poof
|-resisted|p2a: Poof
|-damage|p2a: Poof|175\/311
|move|p2a: Poof|Giga Drain|p1a: Raichu
|-damage|p1a: Raichu|0 fnt
|-heal|p2a: Poof|188\/311|[from] drain|[of] p1a: Raichu
|faint|p1a: Raichu
|
|-heal|p2a: Poof|207\/311|[from] item: Leftovers
|upkeep
|choice|switch 2|
|
|switch|p1a: Sharpedo|Sharpedo, F|155\/281 psn
|-damage|p1a: Sharpedo|120\/281 psn|[from] Stealth Rock
|turn|23
|choice|move superfang|move gigadrain
|
|move|p2a: Poof|Giga Drain|p1a: Sharpedo
|-supereffective|p1a: Sharpedo
|-damage|p1a: Sharpedo|0 fnt
|-heal|p2a: Poof|267\/311|[from] drain|[of] p1a: Sharpedo
|faint|p1a: Sharpedo
|
|-heal|p2a: Poof|286\/311|[from] item: Leftovers
|upkeep
|choice|switch 6|
|
|switch|p1a: Steelix|Steelix, F|345\/354
|-damage|p1a: Steelix|334\/354|[from] Stealth Rock
|turn|24
|choice|move explosion|move uturn
|
|move|p2a: Poof|U-turn|p1a: Steelix
|-resisted|p1a: Steelix
|-damage|p1a: Steelix|324\/354
|choice||switch 3
|
|switch|p2a: Catfish|Vaporeon, M|464\/464
|move|p1a: Steelix|Explosion|p2a: Catfish
|-damage|p2a: Catfish|142\/464
|faint|p1a: Steelix
|
|win|The frozen lopunny
|raw|tingui98's rating: 1091 &rarr; <strong>1062<\/strong><br \/>(-29 for losing)
|raw|The frozen lopunny's rating: 1000 &rarr; <strong>1050<\/strong><br \/>(+50 for winning)
|l|tingui98</script>
</div>
<div class="battle-log battle-log-inline"><div class="inner"><div class="battle-options"></div><div class="inner"><div class="chat"><small>tingui98 joined.</small></div><div class="chat"><small>The frozen lopunny joined.</small></div><div class=""><small>Format:</small> <br><strong>UU</strong></div><div class="rated"><strong>Rated battle</strong></div><div class=""><small><em>Sleep Clause Mod:</em> Limit one foe put to sleep</small></div><div class=""><small><em>Species Clause:</em> Limit one of each Pokémon</small></div><div class=""><small><em>OHKO Clause:</em> OHKO moves are banned</small></div><div class=""><small><em>Moody Clause:</em> Moody is banned</small></div><div class=""><small><em>Evasion Moves Clause:</em> Evasion moves are banned</small></div><div class=""><small><em>Endless Battle Clause:</em> Forcing endless battles is banned</small></div><div class=""><small><em>HP Percentage Mod:</em> HP is shown in percentages</small></div><div class=""><small><em>Swagger Clause:</em> Swagger is banned</small></div><div class=""><small><em>Baton Pass Clause:</em> Limit one Baton Passer, can't pass Spe and other stats simultaneously</small></div><div class="chat battle-history"><strong>tingui98's team:</strong> <em style="color:#445566;display:block;">Raichu / Hitmonlee / Sharpedo / Steelix / Chesnaught / Beedrill</em></div><div class="chat battle-history"><strong>The frozen lopunny's team:</strong> <em style="color:#445566;display:block;">Mienshao / Whimsicott / Vaporeon / Forretress / Krookodile / Chandelure</em></div><div class="spacer battle-history"><br></div><div class="battle-history">Battle started between tingui98 and The frozen lopunny!<br></div><div class="spacer battle-history"><br></div><div class="battle-history">Go! <strong>Beedrill</strong>!<br></div><div class="spacer battle-history"><br></div><div class="battle-history">The frozen lopunny sent out ThisIsMyHappyFace (<strong>Mienshao</strong>)!<br></div><div class="spacer battle-history"><br></div><h2 class="battle-history">Turn 1</h2><div class="spacer battle-history"><br></div><div class="battle-history">The opposing ThisIsMyHappyFace used <strong>Stone Edge</strong>!<br></div><div class="battle-history"><small>It's super effective!</small><br></div><div class="battle-history"><small>(Beedrill lost <abbr title="−271/271">100%</abbr> of its health!)</small><br></div><div class="spacer battle-history"><br></div><div class="battle-history">Beedrill fainted!<br></div><div class="spacer battle-history"><br></div><div class="battle-history">Go! <strong>Chesnaught</strong>!<br></div><div class="spacer battle-history"><br></div><h2 class="battle-history">Turn 2</h2><div class="spacer battle-history"><br></div><div class="battle-history">The frozen lopunny withdrew ThisIsMyHappyFace!<br></div><div class="battle-history">The frozen lopunny sent out Metal wallnut (<strong>Forretress</strong>)!<br></div><div class="spacer battle-history"><br></div><div class="battle-history">Chesnaught used <strong>Super Fang</strong>!<br></div><div class="battle-history"><small>(The opposing Metal wallnut lost <abbr title="−177/354">50%</abbr> of its health!)</small><br></div><div class="battle-history"><small>Chesnaught lost some of its HP!</small><br></div><div class="spacer battle-history"><br></div><div class="battle-history"><small>The opposing Metal wallnut restored a little HP using its Leftovers!</small><br></div><div class="spacer battle-history"><br></div><h2 class="battle-history">Turn 3</h2><div class="spacer battle-history"><br></div><div class="battle-history">Chesnaught used <strong>Super Fang</strong>!<br></div><div class="battle-history"><small>(The opposing Metal wallnut lost <abbr title="−99/354">28.0%</abbr> of its health!)</small><br></div><div class="battle-history"><small>Chesnaught lost some of its HP!</small><br></div><div class="spacer battle-history"><br></div><div class="battle-history">The opposing Metal wallnut used <strong>Toxic Spikes</strong>!<br></div><div class="battle-history"><small>Poison spikes were scattered on the ground all around your team!</small><br></div><div class="spacer battle-history"><br></div><div class="battle-history"><small>The opposing Metal wallnut restored a little HP using its Leftovers!</small><br></div><div class="spacer battle-history"><br></div><h2 class="battle-history">Turn 4</h2><div class="spacer battle-history"><br></div><div class="battle-history">The frozen lopunny withdrew Metal wallnut!<br></div><div class="battle-history">The frozen lopunny sent out Spook (<strong>Chandelure</strong>)!<br></div><div class="spacer battle-history"><br></div><div class="battle-history">Chesnaught used <strong>Drain Punch</strong>!<br></div><div class="battle-history"><small>It doesn't affect the opposing Spook...</small><br></div><div class="spacer battle-history"><br></div><h2 class="battle-history">Turn 5</h2><div class="spacer battle-history"><br></div><div class="battle-history">The opposing Spook used <strong>Psychic</strong>!<br></div><div class="battle-history"><small>It's super effective!</small><br></div><div class="battle-history"><small>(Chesnaught lost <abbr title="−304/380">80%</abbr> of its health!)</small><br></div><div class="spacer battle-history"><br></div><div class="battle-history">Chesnaught fainted!<br></div><div class="spacer battle-history"><br></div><div class="battle-history">Go! <strong>Sharpedo</strong>!<br></div><div class="battle-history"><small>Sharpedo was poisoned!</small><br></div><div class="spacer battle-history"><br></div><h2 class="battle-history">Turn 6</h2><div class="spacer battle-history"><br></div><div class="battle-history">Sharpedo used <strong>Waterfall</strong>!<br></div><div class="battle-history"><small>It's super effective!</small><br></div><div class="battle-history"><small>(The opposing Spook lost <abbr title="−261/261">100%</abbr> of its health!)</small><br></div><div class="battle-history"><small>Sharpedo lost some of its HP!</small><br></div><div class="spacer battle-history"><br></div><div class="battle-history">The opposing Spook fainted!<br></div><div class="spacer battle-history"><br></div><div class="battle-history"><small>Sharpedo was hurt by poison!</small><br></div><div class="battle-history"><small>[Sharpedo's Speed Boost]</small><br></div><div class="battle-history"><small>Sharpedo's Speed rose!</small><br></div><div class="spacer battle-history"><br></div><div class="battle-history">The frozen lopunny sent out Poof (<strong>Whimsicott</strong>)!<br></div><div class="spacer battle-history"><br></div><h2 class="battle-history">Turn 7</h2><div class="spacer battle-history"><br></div><div class="battle-history">The opposing Poof used <strong>Encore</strong>!<br></div><div class="battle-history"><small>Sharpedo received an encore!</small><br></div><div class="spacer battle-history"><br></div><div class="battle-history">Sharpedo used <strong>Waterfall</strong>!<br></div><div class="battle-history"><small>It's not very effective...</small><br></div><div class="battle-history"><small>(The opposing Poof lost <abbr title="−78/311">25.1%</abbr> of its health!)</small><br></div><div class="battle-history"><small>Sharpedo lost some of its HP!</small><br></div><div class="spacer battle-history"><br></div><div class="battle-history"><small>The opposing Poof restored a little HP using its Leftovers!</small><br></div><div class="battle-history"><small>Sharpedo was hurt by poison!</small><br></div><div class="battle-history"><small>[Sharpedo's Speed Boost]</small><br></div><div class="battle-history"><small>Sharpedo's Speed rose!</small><br></div><div class="spacer battle-history"><br></div><h2 class="battle-history">Turn 8</h2><div class="spacer battle-history"><br></div><div class="battle-history">Sharpedo, come back!<br></div><div class="battle-history">Go! <strong>Hitmonlee</strong>!<br></div><div class="battle-history"><small>Hitmonlee was poisoned!</small><br></div><div class="spacer battle-history"><br></div><div class="battle-history">The opposing Poof used <strong>U-turn</strong>!<br></div><div class="battle-history"><small>It's not very effective...</small><br></div><div class="battle-history"><small>(Hitmonlee lost <abbr title="−27/241">11.2%</abbr> of its health!)</small><br></div><div class="spacer battle-history"><br></div><div class="battle-history">The opposing Poof went back to The frozen lopunny!<br></div><div class="battle-history">The frozen lopunny sent out Catfish (<strong>Vaporeon</strong>)!<br></div><div class="spacer battle-history"><br></div><div class="battle-history"><small>Hitmonlee was hurt by poison!</small><br></div><div class="spacer battle-history"><br></div><h2 class="battle-history">Turn 9</h2><div class="spacer battle-history"><br></div><div class="battle-history">The opposing Catfish used <strong>Protect</strong>!<br></div><div class="battle-history"><small>The opposing Catfish protected itself!</small><br></div><div class="spacer battle-history"><br></div><div class="battle-history">Hitmonlee used <strong>Rapid Spin</strong>!<br></div><div class="battle-history"><small>The opposing Catfish protected itself!</small><br></div><div class="spacer battle-history"><br></div><div class="battle-history"><small>Hitmonlee was hurt by poison!</small><br></div><div class="spacer battle-history"><br></div><h2 class="battle-history">Turn 10</h2><div class="spacer battle-history"><br></div><div class="battle-history">Hitmonlee used <strong>Rapid Spin</strong>!<br></div><div class="battle-history"><small>(The opposing Catfish lost <abbr title="−51/464">11.0%</abbr> of its health!)</small><br></div><div class="battle-history"><small>The poison spikes disappeared from the ground around your team!</small><br></div><div class="spacer battle-history"><br></div><div class="battle-history">The opposing Catfish used <strong>Scald</strong>!<br></div><div class="battle-history"><small>(Hitmonlee lost <abbr title="−91/241">37.8%</abbr> of its health!)</small><br></div><div class="spacer battle-history"><br></div><div class="battle-history"><small>The opposing Catfish restored a little HP using its Leftovers!</small><br></div><div class="battle-history"><small>Hitmonlee was hurt by poison!</small><br></div><div class="spacer battle-history"><br></div><h2 class="battle-history">Turn 11</h2><div class="spacer battle-history"><br></div><div class="battle-history">Hitmonlee, come back!<br></div><div class="battle-history">Go! <strong>Raichu</strong>!<br></div><div class="spacer battle-history"><br></div><div class="battle-history">The opposing Catfish used <strong>Protect</strong>!<br></div><div class="battle-history"><small>But it failed!</small><br></div><div class="spacer battle-history"><br></div><div class="battle-history"><small>The opposing Catfish restored a little HP using its Leftovers!</small><br></div><div class="spacer battle-history"><br></div><h2 class="battle-history">Turn 12</h2><div class="spacer battle-history"><br></div><div class="battle-history">The frozen lopunny withdrew Catfish!<br></div><div class="battle-history">The frozen lopunny sent out Poof (<strong>Whimsicott</strong>)!<br></div><div class="spacer battle-history"><br></div><div class="battle-history">Raichu used <strong>Substitute</strong>!<br></div><div class="battle-history"><small>Raichu put in a substitute!</small><br></div><div class="battle-history"><small>(Raichu lost <abbr title="−65/261">24.9%</abbr> of its health!)</small><br></div><div class="spacer battle-history"><br></div><div class="battle-history"><small>The opposing Poof restored a little HP using its Leftovers!</small><br></div><div class="spacer battle-history"><br></div><h2 class="battle-history">Turn 13</h2><div class="spacer battle-history"><br></div><div class="battle-history">The opposing Poof used <strong>Encore</strong>!<br></div><div class="battle-history"><small>Raichu received an encore!</small><br></div><div class="spacer battle-history"><br></div><div class="battle-history">Raichu used <strong>Substitute</strong>!<br></div><div class="battle-history"><small>Raichu already has a substitute!</small><br></div><div class="spacer battle-history"><br></div><div class="battle-history"><small>The opposing Poof restored a little HP using its Leftovers!</small><br></div><div class="spacer battle-history"><br></div><h2 class="battle-history">Turn 14</h2><div class="spacer battle-history"><br></div><div class="battle-history">Raichu, come back!<br></div><div class="battle-history">Go! <strong>Steelix</strong>!<br></div><div class="spacer battle-history"><br></div><div class="battle-history">The opposing Poof used <strong>U-turn</strong>!<br></div><div class="battle-history"><small>It's not very effective...</small><br></div><div class="battle-history"><small>(Steelix lost <abbr title="−9/354">2.5%</abbr> of its health!)</small><br></div><div class="spacer battle-history"><br></div><div class="battle-history">The opposing Poof went back to The frozen lopunny!<br></div><div class="battle-history">The frozen lopunny sent out Metal wallnut (<strong>Forretress</strong>)!<br></div><div class="spacer battle-history"><br></div><div class="battle-history"><small>The opposing Metal wallnut restored a little HP using its Leftovers!</small><br></div><div class="spacer battle-history"><br></div><h2 class="battle-history">Turn 15</h2><div class="spacer battle-history"><br></div><div class="battle-history">The opposing Metal wallnut used <strong>Toxic Spikes</strong>!<br></div><div class="battle-history"><small>Poison spikes were scattered on the ground all around your team!</small><br></div><div class="spacer battle-history"><br></div><div class="battle-history">Steelix used <strong>Gyro Ball</strong>!<br></div><div class="battle-history"><small>It's not very effective...</small><br></div><div class="battle-history"><small>(The opposing Metal wallnut lost <abbr title="−27/354">7.6%</abbr> of its health!)</small><br></div><div class="spacer battle-history"><br></div><div class="battle-history"><small>The opposing Metal wallnut restored a little HP using its Leftovers!</small><br></div><div class="spacer battle-history"><br></div><h2 class="battle-history">Turn 16</h2><div class="spacer battle-history"><br></div><div class="battle-history">The opposing Metal wallnut used <strong>Toxic Spikes</strong>!<br></div><div class="battle-history"><small>Poison spikes were scattered on the ground all around your team!</small><br></div><div class="spacer battle-history"><br></div><div class="battle-history">Steelix used <strong>Earthquake</strong>!<br></div><div class="battle-history"><small>(The opposing Metal wallnut lost <abbr title="−90/354">25.4%</abbr> of its health!)</small><br></div><div class="spacer battle-history"><br></div><div class="battle-history"><small>The opposing Metal wallnut restored a little HP using its Leftovers!</small><br></div><div class="spacer battle-history"><br></div><h2 class="battle-history">Turn 17</h2><div class="spacer battle-history"><br></div><div class="battle-history">The opposing Metal wallnut used <strong>Stealth Rock</strong>!<br></div><div class="battle-history"><small>Pointed stones float in the air around your team!</small><br></div><div class="spacer battle-history"><br></div><div class="battle-history">Steelix used <strong>Earthquake</strong>!<br></div><div class="battle-history"><small>(The opposing Metal wallnut lost <abbr title="−71/354">20.1%</abbr> of its health!)</small><br></div><div class="spacer battle-history"><br></div><div class="battle-history">The opposing Metal wallnut fainted!<br></div><div class="spacer battle-history"><br></div><div class="battle-history">The frozen lopunny sent out Poof (<strong>Whimsicott</strong>)!<br></div><div class="spacer battle-history"><br></div><h2 class="battle-history">Turn 18</h2><div class="spacer battle-history"><br></div><div class="battle-history">The opposing Poof used <strong>Encore</strong>!<br></div><div class="battle-history"><small>Steelix received an encore!</small><br></div><div class="spacer battle-history"><br></div><div class="battle-history">Steelix used <strong>Earthquake</strong>!<br></div><div class="battle-history"><small>It's not very effective...</small><br></div><div class="battle-history"><small>(The opposing Poof lost <abbr title="−58/311">18.6%</abbr> of its health!)</small><br></div><div class="spacer battle-history"><br></div><div class="battle-history"><small>The opposing Poof restored a little HP using its Leftovers!</small><br></div><div class="spacer battle-history"><br></div><h2 class="battle-history">Turn 19</h2><div class="spacer battle-history"><br></div><div class="battle-history">Steelix, come back!<br></div><div class="battle-history">Go! <strong>Hitmonlee</strong>!<br></div><div class="battle-history"><small>Pointed stones dug into Hitmonlee!</small><br></div><div class="spacer battle-history"><br></div><div class="battle-history">The opposing Poof used <strong>Giga Drain</strong>!<br></div><div class="battle-history"><small>(Hitmonlee lost <abbr title="−18/241">7.5%</abbr> of its health!)</small><br></div><div class="battle-history"><small>Hitmonlee had its energy drained!</small><br></div><div class="spacer battle-history"><br></div><div class="battle-history">Hitmonlee fainted!<br></div><div class="spacer battle-history"><br></div><div class="battle-history"><small>The opposing Poof restored a little HP using its Leftovers!</small><br></div><div class="spacer battle-history"><br></div><div class="battle-history">Go! <strong>Raichu</strong>!<br></div><div class="battle-history"><small>Raichu was badly poisoned!</small><br></div><div class="battle-history"><small>Pointed stones dug into Raichu!</small><br></div><div class="spacer battle-history"><br></div><h2 class="battle-history">Turn 20</h2><div class="spacer battle-history"><br></div><div class="battle-history">Raichu used <strong>Electro Ball</strong>!<br></div><div class="battle-history"><small>It's not very effective...</small><br></div><div class="battle-history"><small>(The opposing Poof lost <abbr title="−63/311">20.3%</abbr> of its health!)</small><br></div><div class="spacer battle-history"><br></div><div class="battle-history">The opposing Poof used <strong>Giga Drain</strong>!<br></div><div class="battle-history"><small>(Raichu lost <abbr title="−91/261">34.9%</abbr> of its health!)</small><br></div><div class="battle-history"><small>Raichu had its energy drained!</small><br></div><div class="spacer battle-history"><br></div><div class="battle-history"><small>The opposing Poof restored a little HP using its Leftovers!</small><br></div><div class="battle-history"><small>Raichu was hurt by poison!</small><br></div><div class="spacer battle-history"><br></div><h2 class="battle-history">Turn 21</h2><div class="spacer battle-history"><br></div><div class="battle-history">The opposing Poof used <strong>Encore</strong>!<br></div><div class="battle-history"><small>Raichu received an encore!</small><br></div><div class="spacer battle-history"><br></div><div class="battle-history">Raichu used <strong>Electro Ball</strong>!<br></div><div class="battle-history"><small>It's not very effective...</small><br></div><div class="battle-history"><small>(The opposing Poof lost <abbr title="−65/311">20.9%</abbr> of its health!)</small><br></div><div class="spacer battle-history"><br></div><div class="battle-history"><small>The opposing Poof restored a little HP using its Leftovers!</small><br></div><div class="battle-history"><small>Raichu was hurt by poison!</small><br></div><div class="spacer battle-history"><br></div><h2 class="battle-history">Turn 22</h2><div class="spacer battle-history"><br></div><div class="battle-history">Raichu used <strong>Electro Ball</strong>!<br></div><div class="battle-history"><small>It's not very effective...</small><br></div><div class="battle-history"><small>(The opposing Poof lost <abbr title="−60/311">19.3%</abbr> of its health!)</small><br></div><div class="spacer battle-history"><br></div><div class="battle-history">The opposing Poof used <strong>Giga Drain</strong>!<br></div><div class="battle-history"><small>(Raichu lost <abbr title="−25/261">9.6%</abbr> of its health!)</small><br></div><div class="battle-history"><small>Raichu had its energy drained!</small><br></div><div class="spacer battle-history"><br></div><div class="battle-history">Raichu fainted!<br></div><div class="spacer battle-history"><br></div><div class="battle-history"><small>The opposing Poof restored a little HP using its Leftovers!</small><br></div><div class="spacer battle-history"><br></div><div class="battle-history">Go! <strong>Sharpedo</strong>!<br></div><div class="battle-history"><small>Pointed stones dug into Sharpedo!</small><br></div><div class="spacer battle-history"><br></div><h2 class="battle-history">Turn 23</h2><div class="spacer battle-history"><br></div><div class="battle-history">The opposing Poof used <strong>Giga Drain</strong>!<br></div><div class="battle-history"><small>It's super effective!</small><br></div><div class="battle-history"><small>(Sharpedo lost <abbr title="−120/281">42.7%</abbr> of its health!)</small><br></div><div class="battle-history"><small>Sharpedo had its energy drained!</small><br></div><div class="spacer battle-history"><br></div><div class="battle-history">Sharpedo fainted!<br></div><div class="spacer battle-history"><br></div><div class="battle-history"><small>The opposing Poof restored a little HP using its Leftovers!</small><br></div><div class="spacer battle-history"><br></div><div class="battle-history">Go! <strong>Steelix</strong>!<br></div><div class="battle-history"><small>Pointed stones dug into Steelix!</small><br></div><div class="spacer battle-history"><br></div><h2 class="battle-history">Turn 24</h2><div class="spacer battle-history"><br></div><div class="battle-history">The opposing Poof used <strong>U-turn</strong>!<br></div><div class="battle-history"><small>It's not very effective...</small><br></div><div class="battle-history"><small>(Steelix lost <abbr title="−10/354">2.8%</abbr> of its health!)</small><br></div><div class="spacer battle-history"><br></div><div class="battle-history">The opposing Poof went back to The frozen lopunny!<br></div><div class="battle-history">The frozen lopunny sent out Catfish (<strong>Vaporeon</strong>)!<br></div><div class="spacer battle-history"><br></div><div class="battle-history">Steelix used <strong>Explosion</strong>!<br></div><div class="battle-history"><small>(The opposing Catfish lost <abbr title="−322/464">69.4%</abbr> of its health!)</small><br></div><div class="spacer battle-history"><br></div><div class="battle-history">Steelix fainted!<br></div><div class="spacer battle-history"><br></div><div class="battle-history"><strong>The frozen lopunny</strong> won the battle!<br></div><div class="chat">tingui98's rating: 1091 → <strong>1062</strong><br>(-29 for losing)</div><div class="chat">The frozen lopunny's rating: 1000 → <strong>1050</strong><br>(+50 for winning)</div><div class="chat"><small>tingui98 left.</small></div></div><div class="inner-preempt"></div></div></div>
</div>
<script>
let daily = Math.floor(Date.now()/1000/60/60/24);document.write('<script src="https://play.pokemonshowdown.com/js/replay-embed.js?version'+daily+'"></'+'script>');
</script>
