<!DOCTYPE html>
<meta charset="utf-8" />
<!-- version 1 -->
<title>UU replay: AlvinrowAB vs. BillyTree</title>
<style>
html,body {font-family:Verdana, sans-serif;font-size:10pt;margin:0;padding:0;}body{padding:12px 0;} .battle-log {font-family:Verdana, sans-serif;font-size:10pt;} .battle-log-inline {border:1px solid #AAAAAA;background:#EEF2F5;color:black;max-width:640px;margin:0 auto 80px;padding-bottom:5px;} .battle-log .inner {padding:4px 8px 0px 8px;} .battle-log .inner-preempt {padding:0 8px 4px 8px;} .battle-log .inner-after {margin-top:0.5em;} .battle-log h2 {margin:0.5em -8px;padding:4px 8px;border:1px solid #AAAAAA;background:#E0E7EA;border-left:0;border-right:0;font-family:Verdana, sans-serif;font-size:13pt;} .battle-log .chat {vertical-align:middle;padding:3px 0 3px 0;font-size:8pt;} .battle-log .chat strong {color:#40576A;} .battle-log .chat em {padding:1px 4px 1px 3px;color:#000000;font-style:normal;} .chat.mine {background:rgba(0,0,0,0.05);margin-left:-8px;margin-right:-8px;padding-left:8px;padding-right:8px;} .spoiler {color:#BBBBBB;background:#BBBBBB;padding:0px 3px;} .spoiler:hover, .spoiler:active, .spoiler-shown {color:#000000;background:#E2E2E2;padding:0px 3px;} .spoiler a {color:#BBBBBB;} .spoiler:hover a, .spoiler:active a, .spoiler-shown a {color:#2288CC;} .chat code, .chat .spoiler:hover code, .chat .spoiler:active code, .chat .spoiler-shown code {border:1px solid #C0C0C0;background:#EEEEEE;color:black;padding:0 2px;} .chat .spoiler code {border:1px solid #CCCCCC;background:#CCCCCC;color:#CCCCCC;} .battle-log .rated {padding:3px 4px;} .battle-log .rated strong {color:white;background:#89A;padding:1px 4px;border-radius:4px;} .spacer {margin-top:0.5em;} .message-announce {background:#6688AA;color:white;padding:1px 4px 2px;} .message-announce a, .broadcast-green a, .broadcast-blue a, .broadcast-red a {color:#DDEEFF;} .broadcast-green {background-color:#559955;color:white;padding:2px 4px;} .broadcast-blue {background-color:#6688AA;color:white;padding:2px 4px;} .infobox {border:1px solid #6688AA;padding:2px 4px;} .infobox-limited {max-height:200px;overflow:auto;overflow-x:hidden;} .broadcast-red {background-color:#AA5544;color:white;padding:2px 4px;} .message-learn-canlearn {font-weight:bold;color:#228822;text-decoration:underline;} .message-learn-cannotlearn {font-weight:bold;color:#CC2222;text-decoration:underline;} .message-effect-weak {font-weight:bold;color:#CC2222;} .message-effect-resist {font-weight:bold;color:#6688AA;} .message-effect-immune {font-weight:bold;color:#666666;} .message-learn-list {margin-top:0;margin-bottom:0;} .message-throttle-notice, .message-error {color:#992222;} .message-overflow, .chat small.message-overflow {font-size:0pt;} .message-overflow::before {font-size:9pt;content:'...';} .subtle {color:#3A4A66;}
</style>
<div class="wrapper replay-wrapper" style="max-width:1180px;margin:0 auto">
<input type="hidden" name="replayid" value="uu-536974627" />
<div class="battle"></div><div class="battle-log"></div><div class="replay-controls"></div><div class="replay-controls-2"></div>
<h1 style="font-weight:normal;text-align:center"><strong>UU</strong><br /><a href="http://pokemonshowdown.com/users/alvinrowab" class="subtle" target="_blank">AlvinrowAB</a> vs. <a href="http://pokemonshowdown.com/users/billytree" class="subtle" target="_blank">BillyTree</a></h1>
<script type="text/plain" class="battle-log-data">|j|AlvinrowAB
|j|BillyTree
|player|p1|AlvinrowAB|161
|player|p2|BillyTree|1
|gametype|singles
|gen|6
|tier|UU
|rated
|seed|1448,734,25838,4703
|rule|Sleep Clause Mod: Limit one foe put to sleep
|rule|Species Clause: Limit one of each Pokémon
|rule|OHKO Clause: OHKO moves are banned
|rule|Moody Clause: Moody is banned
|rule|Evasion Moves Clause: Evasion moves are banned
|rule|Endless Battle Clause: Forcing endless battles is banned
|rule|HP Percentage Mod: HP is shown in percentages
|clearpoke
|poke|p1|Venusaur, F|item
|poke|p1|Cloyster, F|item
|poke|p1|Galvantula, F|item
|poke|p1|Chandelure, F|item
|poke|p1|Haxorus, F|item
|poke|p1|Aggron, F|item
|poke|p2|Swampert, F|item
|poke|p2|Roserade, F|item
|poke|p2|Tornadus, M|
|poke|p2|Lucario, F|item
|poke|p2|Slurpuff, M|item
|poke|p2|Sharpedo, M|item
|rule|Swagger Clause: Swagger is banned
|rule|Baton Pass Clause: Limit one Baton Passer, can't pass Spe and other stats simultaneously
|teampreview
|choice|team 3, team 2, team 1, team 4, team 5, team 6|team 3, team 2, team 1, team 4, team 5, team 6
|
|start
|switch|p1a: Galvantula|Galvantula, F|281\/281
|switch|p2a: Tornadus|Tornadus, M|299\/299
|turn|1
|choice|move stickyweb|move acrobatics
|
|move|p2a: Tornadus|Acrobatics|p1a: Galvantula
|-enditem|p1a: Galvantula|Focus Sash
|-damage|p1a: Galvantula|1\/281
|move|p1a: Galvantula|Sticky Web|p2a: Tornadus
|-sidestart|p2: BillyTree|move: Sticky Web
|
|upkeep
|turn|2
|choice|move thunder|move acrobatics
|
|move|p2a: Tornadus|Acrobatics|p1a: Galvantula
|-damage|p1a: Galvantula|0 fnt
|faint|p1a: Galvantula
|
|upkeep
|choice|switch 6|
|
|switch|p1a: Aggron|Aggron, F|303\/303
|turn|3
|choice|move ironhead mega|move superpower
|
|detailschange|p1a: Aggron|Aggron-Mega, F
|-mega|p1a: Aggron|Aggron|Aggronite
|move|p2a: Tornadus|Superpower|p1a: Aggron
|-supereffective|p1a: Aggron
|-damage|p1a: Aggron|212\/303
|-unboost|p2a: Tornadus|atk|1
|-unboost|p2a: Tornadus|def|1
|move|p1a: Aggron|Iron Head|p2a: Tornadus
|-damage|p2a: Tornadus|0 fnt
|faint|p2a: Tornadus
|
|upkeep
|choice||switch 3
|
|switch|p2a: Swampert|Swampert, F|401\/401
|-activate|p2a: Swampert|move: Sticky Web
|-unboost|p2a: Swampert|spe|1
|turn|4
|choice|move stealthrock|move stealthrock
|
|move|p1a: Aggron|Stealth Rock|p2a: Swampert
|-sidestart|p2: BillyTree|move: Stealth Rock
|move|p2a: Swampert|Stealth Rock|p1a: Aggron
|-sidestart|p1: AlvinrowAB|move: Stealth Rock
|
|upkeep
|turn|5
|choice|move dragontail|move earthquake
|
|move|p2a: Swampert|Earthquake|p1a: Aggron
|-supereffective|p1a: Aggron
|-damage|p1a: Aggron|122\/303
|move|p1a: Aggron|Dragon Tail|p2a: Swampert
|-damage|p2a: Swampert|341\/401
|drag|p2a: Lucario|Lucario, F|281\/281
|-activate|p2a: Lucario|move: Sticky Web
|-unboost|p2a: Lucario|spe|1
|-damage|p2a: Lucario|273\/281|[from] Stealth Rock
|
|upkeep
|turn|6
|choice|move thunderwave|move closecombat
|
|move|p2a: Lucario|Close Combat|p1a: Aggron
|-supereffective|p1a: Aggron
|-damage|p1a: Aggron|0 fnt
|-unboost|p2a: Lucario|def|1
|-unboost|p2a: Lucario|spd|1
|-damage|p2a: Lucario|245\/281|[from] item: Life Orb
|faint|p1a: Aggron
|
|upkeep
|choice|switch 5|
|
|switch|p1a: Haxorus|Haxorus, F|293\/293
|-damage|p1a: Haxorus|257\/293|[from] Stealth Rock
|-ability|p1a: Haxorus|Mold Breaker
|turn|7
|choice|move earthquake|move icepunch
|
|move|p1a: Haxorus|Earthquake|p2a: Lucario
|-supereffective|p2a: Lucario
|-damage|p2a: Lucario|0 fnt
|faint|p2a: Lucario
|
|upkeep
|choice||switch 6
|
|switch|p2a: Sharpedo|Sharpedo, M|281\/281
|-activate|p2a: Sharpedo|move: Sticky Web
|-unboost|p2a: Sharpedo|spe|1
|-damage|p2a: Sharpedo|246\/281|[from] Stealth Rock
|turn|8
|choice|move earthquake|move protect
|
|move|p2a: Sharpedo|Protect|p2a: Sharpedo
|-singleturn|p2a: Sharpedo|Protect
|move|p1a: Haxorus|Earthquake|p2a: Sharpedo
|-activate|p2a: Sharpedo|move: Protect
|
|-ability|p2a: Sharpedo|Speed Boost|boost
|-boost|p2a: Sharpedo|spe|1
|upkeep
|turn|9
|choice|move earthquake|move icefang mega
|
|detailschange|p2a: Sharpedo|Sharpedo-Mega, M
|-mega|p2a: Sharpedo|Sharpedo|Sharpedonite
|move|p2a: Sharpedo|Ice Fang|p1a: Haxorus
|-supereffective|p1a: Haxorus
|-damage|p1a: Haxorus|0 fnt
|faint|p1a: Haxorus
|
|upkeep
|choice|switch 3|
|
|switch|p1a: Venusaur|Venusaur, F|364\/364
|-damage|p1a: Venusaur|319\/364|[from] Stealth Rock
|turn|10
|choice|move gigadrain|move crunch
|
|move|p2a: Sharpedo|Crunch|p1a: Venusaur
|-damage|p1a: Venusaur|63\/364
|move|p1a: Venusaur|Giga Drain|p2a: Sharpedo
|-supereffective|p2a: Sharpedo
|-damage|p2a: Sharpedo|0 fnt
|-heal|p1a: Venusaur|186\/364|[from] drain|[of] p2a: Sharpedo
|faint|p2a: Sharpedo
|
|-heal|p1a: Venusaur|208\/364|[from] item: Black Sludge
|upkeep
|choice||switch 2
|
|switch|p2a: Roserade|Roserade, F|321\/321
|-activate|p2a: Roserade|move: Sticky Web
|-unboost|p2a: Roserade|spe|1
|-damage|p2a: Roserade|281\/321|[from] Stealth Rock
|turn|11
|choice|move protect|move sludgebomb
|
|move|p1a: Venusaur|Protect|p1a: Venusaur
|-singleturn|p1a: Venusaur|Protect
|move|p2a: Roserade|Sludge Bomb|p1a: Venusaur
|-activate|p1a: Venusaur|move: Protect
|
|-heal|p1a: Venusaur|230\/364|[from] item: Black Sludge
|-heal|p2a: Roserade|301\/321|[from] item: Black Sludge
|upkeep
|turn|12
|choice|move gigadrain|move sleeppowder
|
|move|p1a: Venusaur|Giga Drain|p2a: Roserade
|-resisted|p2a: Roserade
|-damage|p2a: Roserade|286\/321
|-heal|p1a: Venusaur|238\/364|[from] drain|[of] p2a: Roserade
|move|p2a: Roserade|Sleep Powder|p1a: Venusaur
|-immune|p1a: Venusaur|[msg]
|
|-heal|p1a: Venusaur|260\/364|[from] item: Black Sludge
|-heal|p2a: Roserade|306\/321|[from] item: Black Sludge
|upkeep
|turn|13
|choice|move gigadrain|move sludgebomb
|
|move|p1a: Venusaur|Giga Drain|p2a: Roserade
|-resisted|p2a: Roserade
|-damage|p2a: Roserade|291\/321
|-heal|p1a: Venusaur|268\/364|[from] drain|[of] p2a: Roserade
|move|p2a: Roserade|Sludge Bomb|p1a: Venusaur
|-damage|p1a: Venusaur|169\/364
|
|-heal|p1a: Venusaur|191\/364|[from] item: Black Sludge
|-heal|p2a: Roserade|311\/321|[from] item: Black Sludge
|upkeep
|turn|14
|choice|move toxic|move sleeppowder
|
|move|p1a: Venusaur|Toxic|p2a: Roserade
|-immune|p2a: Roserade|[msg]
|move|p2a: Roserade|Sleep Powder|p1a: Venusaur
|-immune|p1a: Venusaur|[msg]
|
|-heal|p1a: Venusaur|213\/364|[from] item: Black Sludge
|-heal|p2a: Roserade|321\/321|[from] item: Black Sludge
|upkeep
|turn|15
|choice|move gigadrain|move sludgebomb
|
|move|p1a: Venusaur|Giga Drain|p2a: Roserade
|-resisted|p2a: Roserade
|-damage|p2a: Roserade|306\/321
|-heal|p1a: Venusaur|221\/364|[from] drain|[of] p2a: Roserade
|move|p2a: Roserade|Sludge Bomb|p1a: Venusaur
|-damage|p1a: Venusaur|136\/364
|
|-heal|p1a: Venusaur|158\/364|[from] item: Black Sludge
|-heal|p2a: Roserade|321\/321|[from] item: Black Sludge
|upkeep
|turn|16
|choice|switch 4|move sludgebomb
|
|switch|p1a: Chandelure|Chandelure, F|324\/324
|-damage|p1a: Chandelure|243\/324|[from] Stealth Rock
|move|p2a: Roserade|Sludge Bomb|p1a: Chandelure
|-resisted|p1a: Chandelure
|-damage|p1a: Chandelure|177\/324
|
|-heal|p1a: Chandelure|197\/324|[from] item: Leftovers
|upkeep
|turn|17
|choice|move flamethrower|move sleeppowder
|
|move|p1a: Chandelure|Flamethrower|p2a: Roserade
|-supereffective|p2a: Roserade
|-damage|p2a: Roserade|39\/321
|move|p2a: Roserade|Sleep Powder|p1a: Chandelure
|-status|p1a: Chandelure|slp
|
|-heal|p1a: Chandelure|217\/324 slp|[from] item: Leftovers
|-heal|p2a: Roserade|59\/321|[from] item: Black Sludge
|upkeep
|turn|18
|choice|move flamethrower|switch 4
|
|switch|p2a: Swampert|Swampert, F|341\/401
|-damage|p2a: Swampert|316\/401|[from] Stealth Rock
|-activate|p2a: Swampert|move: Sticky Web
|-unboost|p2a: Swampert|spe|1
|cant|p1a: Chandelure|slp
|
|-heal|p1a: Chandelure|237\/324 slp|[from] item: Leftovers
|-heal|p2a: Swampert|341\/401|[from] item: Leftovers
|upkeep
|turn|19
|choice|move flamethrower|move earthquake
|
|cant|p1a: Chandelure|slp
|move|p2a: Swampert|Earthquake|p1a: Chandelure
|-supereffective|p1a: Chandelure
|-damage|p1a: Chandelure|0 fnt
|faint|p1a: Chandelure
|
|-heal|p2a: Swampert|366\/401|[from] item: Leftovers
|upkeep
|choice|switch 4|
|
|switch|p1a: Venusaur|Venusaur, F|158\/364
|-damage|p1a: Venusaur|113\/364|[from] Stealth Rock
|turn|20
|choice|move gigadrain|switch 4
|
|switch|p2a: Roserade|Roserade, F|59\/321
|-damage|p2a: Roserade|19\/321|[from] Stealth Rock
|-activate|p2a: Roserade|move: Sticky Web
|-unboost|p2a: Roserade|spe|1
|move|p1a: Venusaur|Giga Drain|p2a: Roserade
|-resisted|p2a: Roserade
|-damage|p2a: Roserade|0 fnt
|-heal|p1a: Venusaur|123\/364|[from] drain|[of] p2a: Roserade
|faint|p2a: Roserade
|
|-heal|p1a: Venusaur|145\/364|[from] item: Black Sludge
|upkeep
|choice||switch 5
|
|switch|p2a: Slurpuff|Slurpuff, M|312\/312
|-activate|p2a: Slurpuff|move: Sticky Web
|-unboost|p2a: Slurpuff|spe|1
|-damage|p2a: Slurpuff|273\/312|[from] Stealth Rock
|turn|21
|choice|move gigadrain|move bellydrum
|
|move|p1a: Venusaur|Giga Drain|p2a: Slurpuff
|-damage|p2a: Slurpuff|159\/312
|-heal|p1a: Venusaur|202\/364|[from] drain|[of] p2a: Slurpuff
|move|p2a: Slurpuff|Belly Drum|p2a: Slurpuff
|-damage|p2a: Slurpuff|3\/312
|-setboost|p2a: Slurpuff|atk|6|[from] move: Belly Drum
|-enditem|p2a: Slurpuff|Sitrus Berry|[eat]
|-heal|p2a: Slurpuff|81\/312|[from] item: Sitrus Berry
|
|-heal|p1a: Venusaur|224\/364|[from] item: Black Sludge
|upkeep
|turn|22
|choice|move gigadrain|move return
|
|move|p2a: Slurpuff|Return|p1a: Venusaur
|-damage|p1a: Venusaur|0 fnt
|faint|p1a: Venusaur
|
|upkeep
|choice|switch 2|
|
|switch|p1a: Cloyster|Cloyster, F|241\/241
|-damage|p1a: Cloyster|181\/241|[from] Stealth Rock
|turn|23
|c|★BillyTree|gg
|choice|move iceshard|move drainpunch
|
|move|p1a: Cloyster|Ice Shard|p2a: Slurpuff
|-damage|p2a: Slurpuff|2\/312
|move|p2a: Slurpuff|Drain Punch|p1a: Cloyster
|-supereffective|p1a: Cloyster
|-damage|p1a: Cloyster|0 fnt
|-heal|p2a: Slurpuff|93\/312|[from] drain|[of] p1a: Cloyster
|faint|p1a: Cloyster
|
|win|BillyTree
|player|p1
|player|p2
|c|★AlvinrowAB|no
|c|★AlvinrowAB|gg
|raw|AlvinrowAB's rating: 1366 &rarr; <strong>1351<\/strong><br \/>(-15 for losing)
|raw|BillyTree's rating: 1455 &rarr; <strong>1470<\/strong><br \/>(+15 for winning)
|l|AlvinrowAB</script>
</div>
<div class="battle-log battle-log-inline"><div class="inner"><div class="battle-options"></div><div class="inner"><div class="chat"><small>AlvinrowAB joined.</small></div><div class="chat"><small>BillyTree joined.</small></div><div class=""><small>Format:</small> <br><strong>UU</strong></div><div class="rated"><strong>Rated battle</strong></div><div class=""><small><em>Sleep Clause Mod:</em> Limit one foe put to sleep</small></div><div class=""><small><em>Species Clause:</em> Limit one of each Pokémon</small></div><div class=""><small><em>OHKO Clause:</em> OHKO moves are banned</small></div><div class=""><small><em>Moody Clause:</em> Moody is banned</small></div><div class=""><small><em>Evasion Moves Clause:</em> Evasion moves are banned</small></div><div class=""><small><em>Endless Battle Clause:</em> Forcing endless battles is banned</small></div><div class=""><small><em>HP Percentage Mod:</em> HP is shown in percentages</small></div><div class=""><small><em>Swagger Clause:</em> Swagger is banned</small></div><div class=""><small><em>Baton Pass Clause:</em> Limit one Baton Passer, can't pass Spe and other stats simultaneously</small></div><div class="chat battle-history"><strong>AlvinrowAB's team:</strong> <em style="color:#445566;display:block;">Venusaur / Cloyster / Galvantula / Chandelure / Haxorus / Aggron</em></div><div class="chat battle-history"><strong>BillyTree's team:</strong> <em style="color:#445566;display:block;">Swampert / Roserade / Tornadus / Lucario / Slurpuff / Sharpedo</em></div><div class="spacer battle-history"><br></div><div class="battle-history">Battle started between AlvinrowAB and BillyTree!<br></div><div class="spacer battle-history"><br></div><div class="battle-history">Go! <strong>Galvantula</strong>!<br></div><div class="spacer battle-history"><br></div><div class="battle-history">BillyTree sent out <strong>Tornadus</strong>!<br></div><div class="spacer battle-history"><br></div><h2 class="battle-history">Turn 1</h2><div class="spacer battle-history"><br></div><div class="battle-history">The opposing Tornadus used <strong>Acrobatics</strong>!<br></div><div class="battle-history"><small>Galvantula hung on using its Focus Sash!</small><br></div><div class="battle-history"><small>(Galvantula lost <abbr title="−280/281">99.6%</abbr> of its health!)</small><br></div><div class="spacer battle-history"><br></div><div class="battle-history">Galvantula used <strong>Sticky Web</strong>!<br></div><div class="battle-history"><small>A sticky web spreads out on the ground around the opposing team!</small><br></div><div class="spacer battle-history"><br></div><h2 class="battle-history">Turn 2</h2><div class="spacer battle-history"><br></div><div class="battle-history">The opposing Tornadus used <strong>Acrobatics</strong>!<br></div><div class="battle-history"><small>(Galvantula lost <abbr title="−1/281">0.4%</abbr> of its health!)</small><br></div><div class="spacer battle-history"><br></div><div class="battle-history">Galvantula fainted!<br></div><div class="spacer battle-history"><br></div><div class="battle-history">Go! <strong>Aggron</strong>!<br></div><div class="spacer battle-history"><br></div><h2 class="battle-history">Turn 3</h2><div class="spacer battle-history"><br></div><div class="battle-history"><small>Aggron's Aggronite is reacting to AlvinrowAB's Mega Bracelet!</small><br>Aggron has Mega Evolved into Mega Aggron!<br></div><div class="spacer battle-history"><br></div><div class="battle-history">The opposing Tornadus used <strong>Superpower</strong>!<br></div><div class="battle-history"><small>It's super effective!</small><br></div><div class="battle-history"><small>(Aggron lost <abbr title="−91/303">30.0%</abbr> of its health!)</small><br></div><div class="battle-history"><small>The opposing Tornadus's Attack fell!</small><br></div><div class="battle-history"><small>The opposing Tornadus's Defense fell!</small><br></div><div class="spacer battle-history"><br></div><div class="battle-history">Aggron used <strong>Iron Head</strong>!<br></div><div class="battle-history"><small>(The opposing Tornadus lost <abbr title="−299/299">100%</abbr> of its health!)</small><br></div><div class="spacer battle-history"><br></div><div class="battle-history">The opposing Tornadus fainted!<br></div><div class="spacer battle-history"><br></div><div class="battle-history">BillyTree sent out <strong>Swampert</strong>!<br></div><div class="battle-history"><small>The opposing Swampert was caught in a sticky web!</small><br></div><div class="battle-history"><small>The opposing Swampert's Speed fell!</small><br></div><div class="spacer battle-history"><br></div><h2 class="battle-history">Turn 4</h2><div class="spacer battle-history"><br></div><div class="battle-history">Aggron used <strong>Stealth Rock</strong>!<br></div><div class="battle-history"><small>Pointed stones float in the air around the opposing team!</small><br></div><div class="spacer battle-history"><br></div><div class="battle-history">The opposing Swampert used <strong>Stealth Rock</strong>!<br></div><div class="battle-history"><small>Pointed stones float in the air around your team!</small><br></div><div class="spacer battle-history"><br></div><h2 class="battle-history">Turn 5</h2><div class="spacer battle-history"><br></div><div class="battle-history">The opposing Swampert used <strong>Earthquake</strong>!<br></div><div class="battle-history"><small>It's super effective!</small><br></div><div class="battle-history"><small>(Aggron lost <abbr title="−90/303">29.7%</abbr> of its health!)</small><br></div><div class="spacer battle-history"><br></div><div class="battle-history">Aggron used <strong>Dragon Tail</strong>!<br></div><div class="battle-history"><small>(The opposing Swampert lost <abbr title="−60/401">15.0%</abbr> of its health!)</small><br></div><div class="spacer battle-history"><br></div><div class="battle-history"><strong>Lucario</strong> was dragged out!<br></div><div class="battle-history"><small>The opposing Lucario was caught in a sticky web!</small><br></div><div class="battle-history"><small>The opposing Lucario's Speed fell!</small><br></div><div class="battle-history"><small>Pointed stones dug into the opposing Lucario!</small><br></div><div class="spacer battle-history"><br></div><h2 class="battle-history">Turn 6</h2><div class="spacer battle-history"><br></div><div class="battle-history">The opposing Lucario used <strong>Close Combat</strong>!<br></div><div class="battle-history"><small>It's super effective!</small><br></div><div class="battle-history"><small>(Aggron lost <abbr title="−122/303">40.3%</abbr> of its health!)</small><br></div><div class="battle-history"><small>The opposing Lucario's Defense fell!</small><br></div><div class="battle-history"><small>The opposing Lucario's Special Defense fell!</small><br></div><div class="battle-history"><small>The opposing Lucario lost some of its HP!</small><br></div><div class="spacer battle-history"><br></div><div class="battle-history">Aggron fainted!<br></div><div class="spacer battle-history"><br></div><div class="battle-history">Go! <strong>Haxorus</strong>!<br></div><div class="battle-history"><small>Pointed stones dug into Haxorus!</small><br></div><div class="battle-history"><small>[Haxorus's Mold Breaker]</small><br><small>Haxorus breaks the mold!</small><br></div><div class="spacer battle-history"><br></div><h2 class="battle-history">Turn 7</h2><div class="spacer battle-history"><br></div><div class="battle-history">Haxorus used <strong>Earthquake</strong>!<br></div><div class="battle-history"><small>It's super effective!</small><br></div><div class="battle-history"><small>(The opposing Lucario lost <abbr title="−245/281">87.2%</abbr> of its health!)</small><br></div><div class="spacer battle-history"><br></div><div class="battle-history">The opposing Lucario fainted!<br></div><div class="spacer battle-history"><br></div><div class="battle-history">BillyTree sent out <strong>Sharpedo</strong>!<br></div><div class="battle-history"><small>The opposing Sharpedo was caught in a sticky web!</small><br></div><div class="battle-history"><small>The opposing Sharpedo's Speed fell!</small><br></div><div class="battle-history"><small>Pointed stones dug into the opposing Sharpedo!</small><br></div><div class="spacer battle-history"><br></div><h2 class="battle-history">Turn 8</h2><div class="spacer battle-history"><br></div><div class="battle-history">The opposing Sharpedo used <strong>Protect</strong>!<br></div><div class="battle-history"><small>The opposing Sharpedo protected itself!</small><br></div><div class="spacer battle-history"><br></div><div class="battle-history">Haxorus used <strong>Earthquake</strong>!<br></div><div class="battle-history"><small>The opposing Sharpedo protected itself!</small><br></div><div class="spacer battle-history"><br></div><div class="battle-history"><small>[The opposing Sharpedo's Speed Boost]</small><br></div><div class="battle-history"><small>The opposing Sharpedo's Speed rose!</small><br></div><div class="spacer battle-history"><br></div><h2 class="battle-history">Turn 9</h2><div class="spacer battle-history"><br></div><div class="battle-history"><small>The opposing Sharpedo's Sharpedonite is reacting to BillyTree's Mega Bracelet!</small><br>The opposing Sharpedo has Mega Evolved into Mega Sharpedo!<br></div><div class="spacer battle-history"><br></div><div class="battle-history">The opposing Sharpedo used <strong>Ice Fang</strong>!<br></div><div class="battle-history"><small>It's super effective!</small><br></div><div class="battle-history"><small>(Haxorus lost <abbr title="−257/293">87.7%</abbr> of its health!)</small><br></div><div class="spacer battle-history"><br></div><div class="battle-history">Haxorus fainted!<br></div><div class="spacer battle-history"><br></div><div class="battle-history">Go! <strong>Venusaur</strong>!<br></div><div class="battle-history"><small>Pointed stones dug into Venusaur!</small><br></div><div class="spacer battle-history"><br></div><h2 class="battle-history">Turn 10</h2><div class="spacer battle-history"><br></div><div class="battle-history">The opposing Sharpedo used <strong>Crunch</strong>!<br></div><div class="battle-history"><small>(Venusaur lost <abbr title="−256/364">70.3%</abbr> of its health!)</small><br></div><div class="spacer battle-history"><br></div><div class="battle-history">Venusaur used <strong>Giga Drain</strong>!<br></div><div class="battle-history"><small>It's super effective!</small><br></div><div class="battle-history"><small>(The opposing Sharpedo lost <abbr title="−246/281">87.5%</abbr> of its health!)</small><br></div><div class="battle-history"><small>The opposing Sharpedo had its energy drained!</small><br></div><div class="spacer battle-history"><br></div><div class="battle-history">The opposing Sharpedo fainted!<br></div><div class="spacer battle-history"><br></div><div class="battle-history"><small>Venusaur restored a little HP using its Black Sludge!</small><br></div><div class="spacer battle-history"><br></div><div class="battle-history">BillyTree sent out <strong>Roserade</strong>!<br></div><div class="battle-history"><small>The opposing Roserade was caught in a sticky web!</small><br></div><div class="battle-history"><small>The opposing Roserade's Speed fell!</small><br></div><div class="battle-history"><small>Pointed stones dug into the opposing Roserade!</small><br></div><div class="spacer battle-history"><br></div><h2 class="battle-history">Turn 11</h2><div class="spacer battle-history"><br></div><div class="battle-history">Venusaur used <strong>Protect</strong>!<br></div><div class="battle-history"><small>Venusaur protected itself!</small><br></div><div class="spacer battle-history"><br></div><div class="battle-history">The opposing Roserade used <strong>Sludge Bomb</strong>!<br></div><div class="battle-history"><small>Venusaur protected itself!</small><br></div><div class="spacer battle-history"><br></div><div class="battle-history"><small>Venusaur restored a little HP using its Black Sludge!</small><br></div><div class="battle-history"><small>The opposing Roserade restored a little HP using its Black Sludge!</small><br></div><div class="spacer battle-history"><br></div><h2 class="battle-history">Turn 12</h2><div class="spacer battle-history"><br></div><div class="battle-history">Venusaur used <strong>Giga Drain</strong>!<br></div><div class="battle-history"><small>It's not very effective...</small><br></div><div class="battle-history"><small>(The opposing Roserade lost <abbr title="−15/321">4.7%</abbr> of its health!)</small><br></div><div class="battle-history"><small>The opposing Roserade had its energy drained!</small><br></div><div class="spacer battle-history"><br></div><div class="battle-history">The opposing Roserade used <strong>Sleep Powder</strong>!<br></div><div class="battle-history"><small>It doesn't affect Venusaur...</small><br></div><div class="spacer battle-history"><br></div><div class="battle-history"><small>Venusaur restored a little HP using its Black Sludge!</small><br></div><div class="battle-history"><small>The opposing Roserade restored a little HP using its Black Sludge!</small><br></div><div class="spacer battle-history"><br></div><h2 class="battle-history">Turn 13</h2><div class="spacer battle-history"><br></div><div class="battle-history">Venusaur used <strong>Giga Drain</strong>!<br></div><div class="battle-history"><small>It's not very effective...</small><br></div><div class="battle-history"><small>(The opposing Roserade lost <abbr title="−15/321">4.7%</abbr> of its health!)</small><br></div><div class="battle-history"><small>The opposing Roserade had its energy drained!</small><br></div><div class="spacer battle-history"><br></div><div class="battle-history">The opposing Roserade used <strong>Sludge Bomb</strong>!<br></div><div class="battle-history"><small>(Venusaur lost <abbr title="−99/364">27.2%</abbr> of its health!)</small><br></div><div class="spacer battle-history"><br></div><div class="battle-history"><small>Venusaur restored a little HP using its Black Sludge!</small><br></div><div class="battle-history"><small>The opposing Roserade restored a little HP using its Black Sludge!</small><br></div><div class="spacer battle-history"><br></div><h2 class="battle-history">Turn 14</h2><div class="spacer battle-history"><br></div><div class="battle-history">Venusaur used <strong>Toxic</strong>!<br></div><div class="battle-history"><small>It doesn't affect the opposing Roserade...</small><br></div><div class="spacer battle-history"><br></div><div class="battle-history">The opposing Roserade used <strong>Sleep Powder</strong>!<br></div><div class="battle-history"><small>It doesn't affect Venusaur...</small><br></div><div class="spacer battle-history"><br></div><div class="battle-history"><small>Venusaur restored a little HP using its Black Sludge!</small><br></div><div class="battle-history"><small>The opposing Roserade restored a little HP using its Black Sludge!</small><br></div><div class="spacer battle-history"><br></div><h2 class="battle-history">Turn 15</h2><div class="spacer battle-history"><br></div><div class="battle-history">Venusaur used <strong>Giga Drain</strong>!<br></div><div class="battle-history"><small>It's not very effective...</small><br></div><div class="battle-history"><small>(The opposing Roserade lost <abbr title="−15/321">4.7%</abbr> of its health!)</small><br></div><div class="battle-history"><small>The opposing Roserade had its energy drained!</small><br></div><div class="spacer battle-history"><br></div><div class="battle-history">The opposing Roserade used <strong>Sludge Bomb</strong>!<br></div><div class="battle-history"><small>(Venusaur lost <abbr title="−85/364">23.4%</abbr> of its health!)</small><br></div><div class="spacer battle-history"><br></div><div class="battle-history"><small>Venusaur restored a little HP using its Black Sludge!</small><br></div><div class="battle-history"><small>The opposing Roserade restored a little HP using its Black Sludge!</small><br></div><div class="spacer battle-history"><br></div><h2 class="battle-history">Turn 16</h2><div class="spacer battle-history"><br></div><div class="battle-history">Venusaur, come back!<br></div><div class="battle-history">Go! <strong>Chandelure</strong>!<br></div><div class="battle-history"><small>Pointed stones dug into Chandelure!</small><br></div><div class="spacer battle-history"><br></div><div class="battle-history">The opposing Roserade used <strong>Sludge Bomb</strong>!<br></div><div class="battle-history"><small>It's not very effective...</small><br></div><div class="battle-history"><small>(Chandelure lost <abbr title="−66/324">20.4%</abbr> of its health!)</small><br></div><div class="spacer battle-history"><br></div><div class="battle-history"><small>Chandelure restored a little HP using its Leftovers!</small><br></div><div class="spacer battle-history"><br></div><h2 class="battle-history">Turn 17</h2><div class="spacer battle-history"><br></div><div class="battle-history">Chandelure used <strong>Flamethrower</strong>!<br></div><div class="battle-history"><small>It's super effective!</small><br></div><div class="battle-history"><small>(The opposing Roserade lost <abbr title="−282/321">87.9%</abbr> of its health!)</small><br></div><div class="spacer battle-history"><br></div><div class="battle-history">The opposing Roserade used <strong>Sleep Powder</strong>!<br></div><div class="battle-history"><small>Chandelure fell asleep!</small><br></div><div class="spacer battle-history"><br></div><div class="battle-history"><small>Chandelure restored a little HP using its Leftovers!</small><br></div><div class="battle-history"><small>The opposing Roserade restored a little HP using its Black Sludge!</small><br></div><div class="spacer battle-history"><br></div><h2 class="battle-history">Turn 18</h2><div class="spacer battle-history"><br></div><div class="battle-history">BillyTree withdrew Roserade!<br></div><div class="battle-history">BillyTree sent out <strong>Swampert</strong>!<br></div><div class="battle-history"><small>Pointed stones dug into the opposing Swampert!</small><br></div><div class="battle-history"><small>The opposing Swampert was caught in a sticky web!</small><br></div><div class="battle-history"><small>The opposing Swampert's Speed fell!</small><br></div><div class="spacer battle-history"><br></div><div class="battle-history">Chandelure is fast asleep.<br></div><div class="spacer battle-history"><br></div><div class="battle-history"><small>Chandelure restored a little HP using its Leftovers!</small><br></div><div class="battle-history"><small>The opposing Swampert restored a little HP using its Leftovers!</small><br></div><div class="spacer battle-history"><br></div><h2 class="battle-history">Turn 19</h2><div class="spacer battle-history"><br></div><div class="battle-history">Chandelure is fast asleep.<br></div><div class="spacer battle-history"><br></div><div class="battle-history">The opposing Swampert used <strong>Earthquake</strong>!<br></div><div class="battle-history"><small>It's super effective!</small><br></div><div class="battle-history"><small>(Chandelure lost <abbr title="−237/324">73.1%</abbr> of its health!)</small><br></div><div class="spacer battle-history"><br></div><div class="battle-history">Chandelure fainted!<br></div><div class="spacer battle-history"><br></div><div class="battle-history"><small>The opposing Swampert restored a little HP using its Leftovers!</small><br></div><div class="spacer battle-history"><br></div><div class="battle-history">Go! <strong>Venusaur</strong>!<br></div><div class="battle-history"><small>Pointed stones dug into Venusaur!</small><br></div><div class="spacer battle-history"><br></div><h2 class="battle-history">Turn 20</h2><div class="spacer battle-history"><br></div><div class="battle-history">BillyTree withdrew Swampert!<br></div><div class="battle-history">BillyTree sent out <strong>Roserade</strong>!<br></div><div class="battle-history"><small>Pointed stones dug into the opposing Roserade!</small><br></div><div class="battle-history"><small>The opposing Roserade was caught in a sticky web!</small><br></div><div class="battle-history"><small>The opposing Roserade's Speed fell!</small><br></div><div class="spacer battle-history"><br></div><div class="battle-history">Venusaur used <strong>Giga Drain</strong>!<br></div><div class="battle-history"><small>It's not very effective...</small><br></div><div class="battle-history"><small>(The opposing Roserade lost <abbr title="−19/321">5.9%</abbr> of its health!)</small><br></div><div class="battle-history"><small>The opposing Roserade had its energy drained!</small><br></div><div class="spacer battle-history"><br></div><div class="battle-history">The opposing Roserade fainted!<br></div><div class="spacer battle-history"><br></div><div class="battle-history"><small>Venusaur restored a little HP using its Black Sludge!</small><br></div><div class="spacer battle-history"><br></div><div class="battle-history">BillyTree sent out <strong>Slurpuff</strong>!<br></div><div class="battle-history"><small>The opposing Slurpuff was caught in a sticky web!</small><br></div><div class="battle-history"><small>The opposing Slurpuff's Speed fell!</small><br></div><div class="battle-history"><small>Pointed stones dug into the opposing Slurpuff!</small><br></div><div class="spacer battle-history"><br></div><h2 class="battle-history">Turn 21</h2><div class="spacer battle-history"><br></div><div class="battle-history">Venusaur used <strong>Giga Drain</strong>!<br></div><div class="battle-history"><small>(The opposing Slurpuff lost <abbr title="−114/312">36.5%</abbr> of its health!)</small><br></div><div class="battle-history"><small>The opposing Slurpuff had its energy drained!</small><br></div><div class="spacer battle-history"><br></div><div class="battle-history">The opposing Slurpuff used <strong>Belly Drum</strong>!<br></div><div class="battle-history"><small>(The opposing Slurpuff lost <abbr title="−156/312">50%</abbr> of its health!)</small><br></div><div class="battle-history"><small>The opposing Slurpuff cut its own HP and maximized its Attack!</small><br></div><div class="battle-history"><small>The opposing Slurpuff ate its Sitrus Berry!</small><br></div><div class="battle-history"><small>The opposing Slurpuff restored HP using its Sitrus Berry!</small><br></div><div class="spacer battle-history"><br></div><div class="battle-history"><small>Venusaur restored a little HP using its Black Sludge!</small><br></div><div class="spacer battle-history"><br></div><h2 class="battle-history">Turn 22</h2><div class="spacer battle-history"><br></div><div class="battle-history">The opposing Slurpuff used <strong>Return</strong>!<br></div><div class="battle-history"><small>(Venusaur lost <abbr title="−224/364">61.5%</abbr> of its health!)</small><br></div><div class="spacer battle-history"><br></div><div class="battle-history">Venusaur fainted!<br></div><div class="spacer battle-history"><br></div><div class="battle-history">Go! <strong>Cloyster</strong>!<br></div><div class="battle-history"><small>Pointed stones dug into Cloyster!</small><br></div><div class="spacer battle-history"><br></div><h2 class="battle-history">Turn 23</h2><div class="chat chatmessage-billytree"><strong style="color:hsl(252,60%,62.15636453918721%)"><small>★</small><span class="username" data-name="BillyTree">BillyTree</span>:</strong> <em>gg</em></div><div class="spacer battle-history"><br></div><div class="battle-history">Cloyster used <strong>Ice Shard</strong>!<br></div><div class="battle-history"><small>(The opposing Slurpuff lost <abbr title="−79/312">25.3%</abbr> of its health!)</small><br></div><div class="spacer battle-history"><br></div><div class="battle-history">The opposing Slurpuff used <strong>Drain Punch</strong>!<br></div><div class="battle-history"><small>It's super effective!</small><br></div><div class="battle-history"><small>(Cloyster lost <abbr title="−181/241">75.1%</abbr> of its health!)</small><br></div><div class="battle-history"><small>Cloyster had its energy drained!</small><br></div><div class="spacer battle-history"><br></div><div class="battle-history">Cloyster fainted!<br></div><div class="spacer battle-history"><br></div><div class="battle-history"><strong>BillyTree</strong> won the battle!<br></div><div class="chat chatmessage-alvinrowab"><strong style="color:hsl(284,85%,45%)"><small>★</small><span class="username" data-name="AlvinrowAB">AlvinrowAB</span>:</strong> <em>no</em></div><div class="chat chatmessage-alvinrowab"><strong style="color:hsl(284,85%,45%)"><small>★</small><span class="username" data-name="AlvinrowAB">AlvinrowAB</span>:</strong> <em>gg</em></div><div class="chat">AlvinrowAB's rating: 1366 → <strong>1351</strong><br>(-15 for losing)</div><div class="chat">BillyTree's rating: 1455 → <strong>1470</strong><br>(+15 for winning)</div><div class="chat"><small>AlvinrowAB left.</small></div></div><div class="inner-preempt"></div></div></div>
</div>
<script>
let daily = Math.floor(Date.now()/1000/60/60/24);document.write('<script src="https://play.pokemonshowdown.com/js/replay-embed.js?version'+daily+'"></'+'script>');
</script>
