<!DOCTYPE html>
<meta charset="utf-8" />
<!-- version 1 -->
<title>UU replay: Rodriblutar ✘ vs. xMarth</title>
<style>
html,body {font-family:Verdana, sans-serif;font-size:10pt;margin:0;padding:0;}body{padding:12px 0;} .battle-log {font-family:Verdana, sans-serif;font-size:10pt;} .battle-log-inline {border:1px solid #AAAAAA;background:#EEF2F5;color:black;max-width:640px;margin:0 auto 80px;padding-bottom:5px;} .battle-log .inner {padding:4px 8px 0px 8px;} .battle-log .inner-preempt {padding:0 8px 4px 8px;} .battle-log .inner-after {margin-top:0.5em;} .battle-log h2 {margin:0.5em -8px;padding:4px 8px;border:1px solid #AAAAAA;background:#E0E7EA;border-left:0;border-right:0;font-family:Verdana, sans-serif;font-size:13pt;} .battle-log .chat {vertical-align:middle;padding:3px 0 3px 0;font-size:8pt;} .battle-log .chat strong {color:#40576A;} .battle-log .chat em {padding:1px 4px 1px 3px;color:#000000;font-style:normal;} .chat.mine {background:rgba(0,0,0,0.05);margin-left:-8px;margin-right:-8px;padding-left:8px;padding-right:8px;} .spoiler {color:#BBBBBB;background:#BBBBBB;padding:0px 3px;} .spoiler:hover, .spoiler:active, .spoiler-shown {color:#000000;background:#E2E2E2;padding:0px 3px;} .spoiler a {color:#BBBBBB;} .spoiler:hover a, .spoiler:active a, .spoiler-shown a {color:#2288CC;} .chat code, .chat .spoiler:hover code, .chat .spoiler:active code, .chat .spoiler-shown code {border:1px solid #C0C0C0;background:#EEEEEE;color:black;padding:0 2px;} .chat .spoiler code {border:1px solid #CCCCCC;background:#CCCCCC;color:#CCCCCC;} .battle-log .rated {padding:3px 4px;} .battle-log .rated strong {color:white;background:#89A;padding:1px 4px;border-radius:4px;} .spacer {margin-top:0.5em;} .message-announce {background:#6688AA;color:white;padding:1px 4px 2px;} .message-announce a, .broadcast-green a, .broadcast-blue a, .broadcast-red a {color:#DDEEFF;} .broadcast-green {background-color:#559955;color:white;padding:2px 4px;} .broadcast-blue {background-color:#6688AA;color:white;padding:2px 4px;} .infobox {border:1px solid #6688AA;padding:2px 4px;} .infobox-limited {max-height:200px;overflow:auto;overflow-x:hidden;} .broadcast-red {background-color:#AA5544;color:white;padding:2px 4px;} .message-learn-canlearn {font-weight:bold;color:#228822;text-decoration:underline;} .message-learn-cannotlearn {font-weight:bold;color:#CC2222;text-decoration:underline;} .message-effect-weak {font-weight:bold;color:#CC2222;} .message-effect-resist {font-weight:bold;color:#6688AA;} .message-effect-immune {font-weight:bold;color:#666666;} .message-learn-list {margin-top:0;margin-bottom:0;} .message-throttle-notice, .message-error {color:#992222;} .message-overflow, .chat small.message-overflow {font-size:0pt;} .message-overflow::before {font-size:9pt;content:'...';} .subtle {color:#3A4A66;}
</style>
<div class="wrapper replay-wrapper" style="max-width:1180px;margin:0 auto">
<input type="hidden" name="replayid" value="smogtours-uu-278819" />
<div class="battle"></div><div class="battle-log"></div><div class="replay-controls"></div><div class="replay-controls-2"></div>
<h1 style="font-weight:normal;text-align:center"><strong>UU</strong><br /><a href="http://pokemonshowdown.com/users/rodriblutar" class="subtle" target="_blank">Rodriblutar ✘</a> vs. <a href="http://pokemonshowdown.com/users/xmarth" class="subtle" target="_blank">xMarth</a></h1>
<script type="text/plain" class="battle-log-data">|inactive|Battle timer is ON: inactive players will automatically lose when time's up.
|J|Rodriblutar ✘
|J|xMarth
|player|p1|Rodriblutar ✘|32
|player|p2|xMarth|153
|gametype|singles
|gen|6
|tier|UU
|seed|36713,39765,30238,37312
|rule|Sleep Clause Mod: Limit one foe put to sleep
|rule|Species Clause: Limit one of each Pokémon
|rule|OHKO Clause: OHKO moves are banned
|rule|Moody Clause: Moody is banned
|rule|Evasion Moves Clause: Evasion moves are banned
|rule|Endless Battle Clause: Forcing endless battles is banned
|rule|HP Percentage Mod: HP is shown in percentages
|clearpoke
|poke|p1|Hydreigon, M|item
|poke|p1|Sylveon, F|item
|poke|p1|Bronzong|item
|poke|p1|Tentacruel, F|item
|poke|p1|Aerodactyl, M|item
|poke|p1|Conkeldurr, M|item
|poke|p2|Lucario, F|item
|poke|p2|Aerodactyl, F|item
|poke|p2|Cresselia, F|item
|poke|p2|Milotic, M|item
|poke|p2|Hydreigon, M|item
|poke|p2|Nidoqueen, F|item
|rule|Swagger Clause: Swagger is banned
|rule|Baton Pass Clause: Limit one Baton Passer, can't pass Spe and other stats simultaneously
|teampreview
|J|Pearl ★
|J|Fish18
|c|☆Rodriblutar ✘|Hf
|J|MohHum952
|J|Bushtush
|c|☆xMarth|u2
|J|r0ady
|c|%Pearl ★|xmarth's squad looking super fresh
|c|+r0ady|godriblutar
|J|LUCK>SKILL
|c|+Bushtush|-xmarthhhhhhhhhhhh
|c|%Pearl ★|some1 should run dodrio in sm uu 
|J|Accelgor
|J|hogg
|J|Bouff +++
|c|%Pearl ★|just to call it
|J|Amaroq
|J|confide
|c|%Pearl ★|"dodriblutar"
|J|Aquadext
|J|Kalalokki☭☭
|J|Threw☭
|J|Arifeen
|J|ABR
|choice|team 1, team 2, team 3, team 4, team 5, team 6|team 1, team 2, team 3, team 4, team 5, team 6
|
|start
|switch|p1a: Hydreigon|Hydreigon, M|325\/325
|switch|p2a: Lucario|Lucario, F|281\/281
|turn|1
|choice|move uturn|switch 4
|
|switch|p2a: Milotic|Milotic, M|393\/393
|move|p1a: Hydreigon|U-turn|p2a: Milotic
|-damage|p2a: Milotic|352\/393
|L|ABR
|c|+Aquadext|go rodri
|L|LUCK>SKILL
|J|Poek
|J|Ict
|choice|switch 3|
|
|switch|p1a: Bronzong|Bronzong|338\/338
|
|-heal|p2a: Milotic|376\/393|[from] item: Leftovers
|upkeep
|turn|2
|J|Cynde
|J|choolio
|choice|move stealthrock|move scald
|
|move|p2a: Milotic|Scald|p1a: Bronzong
|-damage|p1a: Bronzong|278\/338
|move|p1a: Bronzong|Stealth Rock|p2a: Milotic
|-sidestart|p2: xMarth|move: Stealth Rock
|
|-heal|p2a: Milotic|393\/393|[from] item: Leftovers
|-heal|p1a: Bronzong|299\/338|[from] item: Leftovers
|upkeep
|turn|3
|choice|switch 6|switch 5
|
|switch|p2a: Hydreigon|Hydreigon, M|325\/325
|-damage|p2a: Hydreigon|285\/325|[from] Stealth Rock
|switch|p1a: Conkeldurr|Conkeldurr, M|411\/411
|
|upkeep
|turn|4
|choice|switch 2|switch 3
|
|switch|p2a: Cresselia|Cresselia, F|439\/439
|-damage|p2a: Cresselia|385\/439|[from] Stealth Rock
|switch|p1a: Sylveon|Sylveon, F|394\/394
|
|upkeep
|turn|5
|choice|switch 6|move toxic
|
|switch|p1a: Bronzong|Bronzong|299\/338
|move|p2a: Cresselia|Toxic|p1a: Bronzong
|-immune|p1a: Bronzong|[msg]
|
|-heal|p1a: Bronzong|320\/338|[from] item: Leftovers
|upkeep
|turn|6
|J|wooden chair
|choice|switch 3|switch 6
|
|switch|p2a: Nidoqueen|Nidoqueen, F|329\/329
|-damage|p2a: Nidoqueen|309\/329|[from] Stealth Rock
|switch|p1a: Hydreigon|Hydreigon, M|325\/325
|
|upkeep
|turn|7
|choice|move darkpulse|move stealthrock
|
|move|p1a: Hydreigon|Dark Pulse|p2a: Nidoqueen
|-crit|p2a: Nidoqueen
|-damage|p2a: Nidoqueen|0 fnt
|faint|p2a: Nidoqueen
|
|upkeep
|choice||switch 4
|
|switch|p2a: Lucario|Lucario, F|281\/281
|-damage|p2a: Lucario|273\/281|[from] Stealth Rock
|turn|8
|c|+Bushtush|wrlgjn ;w5 h
|J|J0RIS
|c|+Bushtush|35kh \
|L|hogg
|c|+r0ady|bop
|choice|switch 4|move nastyplot
|
|switch|p1a: Tentacruel|Tentacruel, F|361\/361
|move|p2a: Lucario|Nasty Plot|p2a: Lucario
|-boost|p2a: Lucario|spa|2
|
|upkeep
|turn|9
|choice|move scald|move shadowball
|
|move|p2a: Lucario|Shadow Ball|p1a: Tentacruel
|-damage|p1a: Tentacruel|173\/361
|-damage|p2a: Lucario|245\/281|[from] item: Life Orb
|move|p1a: Tentacruel|Scald|p2a: Lucario
|-damage|p2a: Lucario|146\/281
|
|-heal|p1a: Tentacruel|195\/361|[from] item: Black Sludge
|upkeep
|turn|10
|choice|move scald|move shadowball
|
|move|p2a: Lucario|Shadow Ball|p1a: Tentacruel
|-crit|p1a: Tentacruel
|-damage|p1a: Tentacruel|0 fnt
|-damage|p2a: Lucario|118\/281|[from] item: Life Orb
|faint|p1a: Tentacruel
|
|upkeep
|J|Eyan .
|choice|switch 2|
|
|switch|p1a: Conkeldurr|Conkeldurr, M|411\/411
|turn|11
|choice|move machpunch|switch 6
|
|switch|p2a: Cresselia|Cresselia, F|385\/439
|-damage|p2a: Cresselia|331\/439|[from] Stealth Rock
|move|p1a: Conkeldurr|Mach Punch|p2a: Cresselia
|-resisted|p2a: Cresselia
|-damage|p2a: Cresselia|310\/439
|
|upkeep
|turn|12
|J|hamhamhamham
|J|Derk
|choice|switch 3|switch 5
|
|switch|p2a: Milotic|Milotic, M|393\/393
|-damage|p2a: Milotic|344\/393|[from] Stealth Rock
|switch|p1a: Bronzong|Bronzong|320\/338
|
|-heal|p2a: Milotic|368\/393|[from] item: Leftovers
|-heal|p1a: Bronzong|338\/338|[from] item: Leftovers
|upkeep
|turn|13
|choice|move toxic|move scald
|
|move|p2a: Milotic|Scald|p1a: Bronzong
|-damage|p1a: Bronzong|275\/338
|-status|p1a: Bronzong|brn
|move|p1a: Bronzong|Toxic|p2a: Milotic
|-status|p2a: Milotic|tox
|
|-heal|p2a: Milotic|392\/393 tox|[from] item: Leftovers
|-heal|p1a: Bronzong|296\/338 brn|[from] item: Leftovers
|-damage|p2a: Milotic|368\/393 tox|[from] psn
|-damage|p1a: Bronzong|254\/338 brn|[from] brn
|upkeep
|turn|14
|L|Dances on Clouds
|choice|switch 3|switch 2
|
|switch|p2a: Aerodactyl|Aerodactyl, F|301\/301
|-ability|p2a: Aerodactyl|Unnerve|p1: Rodriblutar ✘
|-damage|p2a: Aerodactyl|226\/301|[from] Stealth Rock
|switch|p1a: Conkeldurr|Conkeldurr, M|411\/411
|
|upkeep
|turn|15
|choice|switch 6|switch 5
|
|switch|p2a: Cresselia|Cresselia, F|310\/439
|-damage|p2a: Cresselia|256\/439|[from] Stealth Rock
|switch|p1a: Sylveon|Sylveon, F|394\/394
|
|upkeep
|turn|16
|J|Luispeikou ͜..
|c|+Luispeikou ͜..|uupl?
|J|Trace
|J|Christo
|choice|move healbell|switch 6
|
|switch|p2a: Lucario|Lucario, F|118\/281
|-damage|p2a: Lucario|110\/281|[from] Stealth Rock
|move|p1a: Sylveon|Heal Bell|p1a: Sylveon
|-activate|p1a: Sylveon|move: Heal Bell
|-curestatus|p1: Bronzong|brn|[msg]
|
|upkeep
|turn|17
|c|+Christo|oh shit
|c|+Christo|go xmarth
|choice|switch 3|move flashcannon
|
|switch|p1a: Bronzong|Bronzong|254\/338
|move|p2a: Lucario|Flash Cannon|p1a: Bronzong
|-resisted|p1a: Bronzong
|-damage|p1a: Bronzong|196\/338
|-damage|p2a: Lucario|82\/281|[from] item: Life Orb
|
|-heal|p1a: Bronzong|217\/338|[from] item: Leftovers
|upkeep
|turn|18
|choice|switch 6|move shadowball
|
|switch|p1a: Conkeldurr|Conkeldurr, M|411\/411
|move|p2a: Lucario|Shadow Ball|p1a: Conkeldurr
|-damage|p1a: Conkeldurr|289\/411
|-unboost|p1a: Conkeldurr|spd|1
|-damage|p2a: Lucario|54\/281|[from] item: Life Orb
|
|-heal|p1a: Conkeldurr|314\/411|[from] item: Leftovers
|upkeep
|turn|19
|L|hamhamhamham
|choice|move machpunch|switch 6
|
|switch|p2a: Cresselia|Cresselia, F|256\/439
|-damage|p2a: Cresselia|202\/439|[from] Stealth Rock
|move|p1a: Conkeldurr|Mach Punch|p2a: Cresselia
|-resisted|p2a: Cresselia
|-damage|p2a: Cresselia|181\/439
|
|-heal|p1a: Conkeldurr|339\/411|[from] item: Leftovers
|upkeep
|turn|20
|choice|switch 6|move moonlight
|
|switch|p1a: Bronzong|Bronzong|217\/338
|move|p2a: Cresselia|Moonlight|p2a: Cresselia
|-heal|p2a: Cresselia|400\/439
|
|-heal|p1a: Bronzong|238\/338|[from] item: Leftovers
|upkeep
|turn|21
|choice|move heavyslam|switch 6
|
|switch|p2a: Lucario|Lucario, F|54\/281
|-damage|p2a: Lucario|46\/281|[from] Stealth Rock
|move|p1a: Bronzong|Heavy Slam|p2a: Lucario
|-resisted|p2a: Lucario
|-damage|p2a: Lucario|0 fnt
|faint|p2a: Lucario
|
|-heal|p1a: Bronzong|259\/338|[from] item: Leftovers
|upkeep
|choice||switch 3
|
|switch|p2a: Hydreigon|Hydreigon, M|285\/325
|-damage|p2a: Hydreigon|245\/325|[from] Stealth Rock
|turn|22
|choice|move protect|move fireblast
|
|move|p1a: Bronzong|Protect|p1a: Bronzong
|-singleturn|p1a: Bronzong|Protect
|move|p2a: Hydreigon|Fire Blast|p1a: Bronzong
|-activate|p1a: Bronzong|move: Protect
|
|-heal|p1a: Bronzong|280\/338|[from] item: Leftovers
|upkeep
|turn|23
|choice|switch 3|move fireblast
|
|switch|p1a: Sylveon|Sylveon, F|394\/394
|move|p2a: Hydreigon|Fire Blast|p1a: Sylveon
|-crit|p1a: Sylveon
|-damage|p1a: Sylveon|229\/394
|
|-heal|p1a: Sylveon|253\/394|[from] item: Leftovers
|upkeep
|turn|24
|choice|move wish|switch 6
|
|switch|p2a: Cresselia|Cresselia, F|400\/439
|-damage|p2a: Cresselia|346\/439|[from] Stealth Rock
|move|p1a: Sylveon|Wish|p1a: Sylveon
|
|-heal|p1a: Sylveon|277\/394|[from] item: Leftovers
|upkeep
|turn|25
|L|wooden chair
|L|Derk
|L|Bushtush
|choice|move protect|move moonblast
|
|move|p1a: Sylveon|Protect|p1a: Sylveon
|-singleturn|p1a: Sylveon|Protect
|move|p2a: Cresselia|Moonblast|p1a: Sylveon
|-activate|p1a: Sylveon|move: Protect
|
|-heal|p1a: Sylveon|394\/394|[from] move: Wish|[wisher] Sylveon
|upkeep
|turn|26
|choice|switch 3|move toxic
|
|switch|p1a: Bronzong|Bronzong|280\/338
|move|p2a: Cresselia|Toxic|p1a: Bronzong
|-immune|p1a: Bronzong|[msg]
|
|-heal|p1a: Bronzong|301\/338|[from] item: Leftovers
|upkeep
|turn|27
|choice|move heavyslam|switch 2
|
|switch|p2a: Milotic|Milotic, M|368\/393 tox
|-damage|p2a: Milotic|319\/393 tox|[from] Stealth Rock
|move|p1a: Bronzong|Heavy Slam|p2a: Milotic
|-resisted|p2a: Milotic
|-damage|p2a: Milotic|308\/393 tox
|
|-heal|p2a: Milotic|332\/393 tox|[from] item: Leftovers
|-heal|p1a: Bronzong|322\/338|[from] item: Leftovers
|-damage|p2a: Milotic|308\/393 tox|[from] psn
|upkeep
|turn|28
|choice|switch 6|move scald
|
|switch|p1a: Conkeldurr|Conkeldurr, M|339\/411
|move|p2a: Milotic|Scald|p1a: Conkeldurr
|-damage|p1a: Conkeldurr|243\/411
|
|-heal|p2a: Milotic|332\/393 tox|[from] item: Leftovers
|-heal|p1a: Conkeldurr|268\/411|[from] item: Leftovers
|-damage|p2a: Milotic|284\/393 tox|[from] psn
|upkeep
|turn|29
|choice|move knockoff|switch 2
|
|switch|p2a: Cresselia|Cresselia, F|346\/439
|-damage|p2a: Cresselia|292\/439|[from] Stealth Rock
|move|p1a: Conkeldurr|Knock Off|p2a: Cresselia
|-supereffective|p2a: Cresselia
|-enditem|p2a: Cresselia|Colbur Berry|[eat]
|-enditem|p2a: Cresselia|Colbur Berry|[weaken]
|-damage|p2a: Cresselia|220\/439
|
|-heal|p1a: Conkeldurr|293\/411|[from] item: Leftovers
|upkeep
|turn|30
|choice|switch 6|move moonlight
|
|switch|p1a: Bronzong|Bronzong|322\/338
|move|p2a: Cresselia|Moonlight|p2a: Cresselia
|-heal|p2a: Cresselia|439\/439
|
|-heal|p1a: Bronzong|338\/338|[from] item: Leftovers
|upkeep
|turn|31
|choice|move heavyslam|switch 2
|
|switch|p2a: Milotic|Milotic, M|284\/393 tox
|-damage|p2a: Milotic|235\/393 tox|[from] Stealth Rock
|move|p1a: Bronzong|Heavy Slam|p2a: Milotic
|-resisted|p2a: Milotic
|-damage|p2a: Milotic|223\/393 tox
|
|-heal|p2a: Milotic|247\/393 tox|[from] item: Leftovers
|-damage|p2a: Milotic|223\/393 tox|[from] psn
|upkeep
|turn|32
|choice|switch 6|move scald
|
|switch|p1a: Conkeldurr|Conkeldurr, M|293\/411
|move|p2a: Milotic|Scald|p1a: Conkeldurr
|-damage|p1a: Conkeldurr|202\/411
|-status|p1a: Conkeldurr|brn
|
|-heal|p2a: Milotic|247\/393 tox|[from] item: Leftovers
|-heal|p1a: Conkeldurr|227\/411 brn|[from] item: Leftovers
|-damage|p2a: Milotic|199\/393 tox|[from] psn
|-damage|p1a: Conkeldurr|176\/411 brn|[from] brn
|upkeep
|turn|33
|choice|move drainpunch|switch 2
|
|switch|p2a: Cresselia|Cresselia, F|439\/439
|-damage|p2a: Cresselia|385\/439|[from] Stealth Rock
|move|p1a: Conkeldurr|Drain Punch|p2a: Cresselia
|-resisted|p2a: Cresselia
|-damage|p2a: Cresselia|327\/439
|-heal|p1a: Conkeldurr|205\/411 brn|[from] drain|[of] p2a: Cresselia
|
|-heal|p1a: Conkeldurr|230\/411 brn|[from] item: Leftovers
|-damage|p1a: Conkeldurr|179\/411 brn|[from] brn
|upkeep
|turn|34
|L|Fish18
|choice|switch 6|move moonblast
|
|switch|p1a: Bronzong|Bronzong|338\/338
|move|p2a: Cresselia|Moonblast|p1a: Bronzong
|-resisted|p1a: Bronzong
|-damage|p1a: Bronzong|320\/338
|-unboost|p1a: Bronzong|spa|1
|
|-heal|p1a: Bronzong|338\/338|[from] item: Leftovers
|upkeep
|turn|35
|choice|switch 4|move moonblast
|
|switch|p1a: Hydreigon|Hydreigon, M|325\/325
|move|p2a: Cresselia|Moonblast|p1a: Hydreigon
|-supereffective|p1a: Hydreigon
|-damage|p1a: Hydreigon|81\/325
|-unboost|p1a: Hydreigon|spa|1
|
|upkeep
|turn|36
|choice|switch 4|move moonlight
|
|switch|p1a: Bronzong|Bronzong|338\/338
|move|p2a: Cresselia|Moonlight|p2a: Cresselia
|-heal|p2a: Cresselia|439\/439
|
|upkeep
|turn|37
|choice|switch 3|switch 2
|
|switch|p2a: Milotic|Milotic, M|199\/393 tox
|-damage|p2a: Milotic|150\/393 tox|[from] Stealth Rock
|switch|p1a: Sylveon|Sylveon, F|394\/394
|
|-heal|p2a: Milotic|174\/393 tox|[from] item: Leftovers
|-damage|p2a: Milotic|150\/393 tox|[from] psn
|upkeep
|turn|38
|J|little sebastian
|choice|move hypervoice|move recover
|
|move|p2a: Milotic|Recover|p2a: Milotic
|-heal|p2a: Milotic|347\/393 tox
|move|p1a: Sylveon|Hyper Voice|p2a: Milotic
|-damage|p2a: Milotic|220\/393 tox
|
|-heal|p2a: Milotic|244\/393 tox|[from] item: Leftovers
|-damage|p2a: Milotic|196\/393 tox|[from] psn
|upkeep
|turn|39
|choice|move hypervoice|switch 2
|
|switch|p2a: Cresselia|Cresselia, F|439\/439
|-damage|p2a: Cresselia|385\/439|[from] Stealth Rock
|move|p1a: Sylveon|Hyper Voice|p2a: Cresselia
|-damage|p2a: Cresselia|268\/439
|
|upkeep
|turn|40
|choice|switch 3|move toxic
|
|switch|p1a: Bronzong|Bronzong|338\/338
|move|p2a: Cresselia|Toxic|p1a: Bronzong
|-immune|p1a: Bronzong|[msg]
|
|upkeep
|turn|41
|choice|switch 3|switch 2
|
|switch|p2a: Milotic|Milotic, M|196\/393 tox
|-damage|p2a: Milotic|147\/393 tox|[from] Stealth Rock
|switch|p1a: Sylveon|Sylveon, F|394\/394
|
|-heal|p2a: Milotic|171\/393 tox|[from] item: Leftovers
|-damage|p2a: Milotic|147\/393 tox|[from] psn
|upkeep
|turn|42
|J|Bushtush
|choice|move hypervoice|move recover
|
|move|p2a: Milotic|Recover|p2a: Milotic
|-heal|p2a: Milotic|344\/393 tox
|move|p1a: Sylveon|Hyper Voice|p2a: Milotic
|-damage|p2a: Milotic|229\/393 tox
|
|-heal|p2a: Milotic|253\/393 tox|[from] item: Leftovers
|-damage|p2a: Milotic|205\/393 tox|[from] psn
|upkeep
|turn|43
|choice|move wish|switch 2
|
|switch|p2a: Cresselia|Cresselia, F|268\/439
|-damage|p2a: Cresselia|214\/439|[from] Stealth Rock
|move|p1a: Sylveon|Wish|p1a: Sylveon
|
|upkeep
|turn|44
|choice|switch 3|move moonlight
|
|switch|p1a: Bronzong|Bronzong|338\/338
|move|p2a: Cresselia|Moonlight|p2a: Cresselia
|-heal|p2a: Cresselia|433\/439
|
|upkeep
|turn|45
|choice|move toxic|switch 2
|
|switch|p2a: Milotic|Milotic, M|205\/393 tox
|-damage|p2a: Milotic|156\/393 tox|[from] Stealth Rock
|move|p1a: Bronzong|Toxic|p2a: Milotic|[miss]
|-miss|p1a: Bronzong|p2a: Milotic
|
|-heal|p2a: Milotic|180\/393 tox|[from] item: Leftovers
|-damage|p2a: Milotic|156\/393 tox|[from] psn
|upkeep
|turn|46
|choice|switch 3|move recover
|
|switch|p1a: Sylveon|Sylveon, F|394\/394
|move|p2a: Milotic|Recover|p2a: Milotic
|-heal|p2a: Milotic|353\/393 tox
|
|-heal|p2a: Milotic|377\/393 tox|[from] item: Leftovers
|-damage|p2a: Milotic|329\/393 tox|[from] psn
|upkeep
|turn|47
|choice|move wish|move scald
|
|move|p2a: Milotic|Scald|p1a: Sylveon
|-crit|p1a: Sylveon
|-damage|p1a: Sylveon|289\/394
|move|p1a: Sylveon|Wish|p1a: Sylveon
|
|-heal|p2a: Milotic|353\/393 tox|[from] item: Leftovers
|-heal|p1a: Sylveon|313\/394|[from] item: Leftovers
|-damage|p2a: Milotic|281\/393 tox|[from] psn
|upkeep
|turn|48
|choice|switch 6|move icebeam
|
|switch|p1a: Conkeldurr|Conkeldurr, M|179\/411 brn
|move|p2a: Milotic|Ice Beam|p1a: Conkeldurr
|-damage|p1a: Conkeldurr|100\/411 brn
|
|-heal|p1a: Conkeldurr|297\/411 brn|[from] move: Wish|[wisher] Sylveon
|-heal|p2a: Milotic|305\/393 tox|[from] item: Leftovers
|-heal|p1a: Conkeldurr|322\/411 brn|[from] item: Leftovers
|-damage|p2a: Milotic|209\/393 tox|[from] psn
|-damage|p1a: Conkeldurr|271\/411 brn|[from] brn
|upkeep
|turn|49
|J|RockyHelmetButplug
|choice|move knockoff|switch 2
|
|switch|p2a: Cresselia|Cresselia, F|433\/439
|-damage|p2a: Cresselia|379\/439|[from] Stealth Rock
|move|p1a: Conkeldurr|Knock Off|p2a: Cresselia
|-supereffective|p2a: Cresselia
|-damage|p2a: Cresselia|223\/439
|
|-heal|p1a: Conkeldurr|296\/411 brn|[from] item: Leftovers
|-damage|p1a: Conkeldurr|245\/411 brn|[from] brn
|upkeep
|turn|50
|choice|switch 3|switch 6
|
|switch|p2a: Hydreigon|Hydreigon, M|245\/325
|-damage|p2a: Hydreigon|205\/325|[from] Stealth Rock
|switch|p1a: Bronzong|Bronzong|338\/338
|
|upkeep
|turn|51
|choice|move protect|move fireblast
|
|move|p1a: Bronzong|Protect|p1a: Bronzong
|-singleturn|p1a: Bronzong|Protect
|move|p2a: Hydreigon|Fire Blast|p1a: Bronzong
|-activate|p1a: Bronzong|move: Protect
|
|upkeep
|turn|52
|choice|switch 5|move fireblast
|
|switch|p1a: Aerodactyl|Aerodactyl, M|301\/301
|-ability|p1a: Aerodactyl|Unnerve|p2: xMarth
|move|p2a: Hydreigon|Fire Blast|p1a: Aerodactyl
|-resisted|p1a: Aerodactyl
|-damage|p1a: Aerodactyl|228\/301
|
|upkeep
|turn|53
|choice|move wingattack mega|move fireblast
|
|detailschange|p1a: Aerodactyl|Aerodactyl-Mega, M
|-mega|p1a: Aerodactyl|Aerodactyl|Aerodactylite
|move|p2a: Hydreigon|Fire Blast|p1a: Aerodactyl
|-resisted|p1a: Aerodactyl
|-damage|p1a: Aerodactyl|159\/301
|move|p1a: Aerodactyl|Wing Attack|p2a: Hydreigon
|-damage|p2a: Hydreigon|46\/325
|
|upkeep
|turn|54
|choice|move roost|move fireblast
|
|move|p2a: Hydreigon|Fire Blast|p1a: Aerodactyl
|-resisted|p1a: Aerodactyl
|-damage|p1a: Aerodactyl|97\/301
|move|p1a: Aerodactyl|Roost|p1a: Aerodactyl
|-heal|p1a: Aerodactyl|248\/301
|
|upkeep
|turn|55
|choice|move wingattack|move fireblast
|
|move|p2a: Hydreigon|Fire Blast|p1a: Aerodactyl
|-resisted|p1a: Aerodactyl
|-damage|p1a: Aerodactyl|179\/301
|move|p1a: Aerodactyl|Wing Attack|p2a: Hydreigon
|-damage|p2a: Hydreigon|0 fnt
|faint|p2a: Hydreigon
|
|upkeep
|choice||switch 6
|
|switch|p2a: Cresselia|Cresselia, F|223\/439
|-damage|p2a: Cresselia|169\/439|[from] Stealth Rock
|turn|56
|choice|switch 5|move moonlight
|
|switch|p1a: Bronzong|Bronzong|338\/338
|move|p2a: Cresselia|Moonlight|p2a: Cresselia
|-heal|p2a: Cresselia|388\/439
|
|upkeep
|turn|57
|J|hamhamhamham
|choice|switch 6|switch 2
|
|switch|p2a: Milotic|Milotic, M|209\/393 tox
|-damage|p2a: Milotic|160\/393 tox|[from] Stealth Rock
|switch|p1a: Sylveon|Sylveon, F|313\/394
|
|-heal|p2a: Milotic|184\/393 tox|[from] item: Leftovers
|-heal|p1a: Sylveon|337\/394|[from] item: Leftovers
|-damage|p2a: Milotic|160\/393 tox|[from] psn
|upkeep
|turn|58
|choice|move hypervoice|move recover
|
|move|p2a: Milotic|Recover|p2a: Milotic
|-heal|p2a: Milotic|357\/393 tox
|move|p1a: Sylveon|Hyper Voice|p2a: Milotic
|-damage|p2a: Milotic|237\/393 tox
|
|-heal|p2a: Milotic|261\/393 tox|[from] item: Leftovers
|-heal|p1a: Sylveon|361\/394|[from] item: Leftovers
|-damage|p2a: Milotic|213\/393 tox|[from] psn
|upkeep
|turn|59
|choice|move hypervoice|move scald
|
|move|p2a: Milotic|Scald|p1a: Sylveon
|-damage|p1a: Sylveon|282\/394
|move|p1a: Sylveon|Hyper Voice|p2a: Milotic
|-damage|p2a: Milotic|93\/393 tox
|
|-heal|p2a: Milotic|117\/393 tox|[from] item: Leftovers
|-heal|p1a: Sylveon|306\/394|[from] item: Leftovers
|-damage|p2a: Milotic|45\/393 tox|[from] psn
|upkeep
|turn|60
|choice|move hypervoice|move scald
|
|move|p2a: Milotic|Scald|p1a: Sylveon
|-damage|p1a: Sylveon|228\/394
|-status|p1a: Sylveon|brn
|move|p1a: Sylveon|Hyper Voice|p2a: Milotic
|-damage|p2a: Milotic|0 fnt
|faint|p2a: Milotic
|
|-heal|p1a: Sylveon|252\/394 brn|[from] item: Leftovers
|-damage|p1a: Sylveon|203\/394 brn|[from] brn
|upkeep
|choice||switch 5
|
|switch|p2a: Aerodactyl|Aerodactyl, F|226\/301
|-ability|p2a: Aerodactyl|Unnerve|p1: Rodriblutar ✘
|-damage|p2a: Aerodactyl|151\/301|[from] Stealth Rock
|turn|61
|J|Omfuga
|choice|move hypervoice|move roost mega
|
|detailschange|p2a: Aerodactyl|Aerodactyl-Mega, F
|-mega|p2a: Aerodactyl|Aerodactyl|Aerodactylite
|move|p2a: Aerodactyl|Roost|p2a: Aerodactyl
|-heal|p2a: Aerodactyl|301\/301
|move|p1a: Sylveon|Hyper Voice|p2a: Aerodactyl
|-damage|p2a: Aerodactyl|133\/301
|
|-heal|p1a: Sylveon|227\/394 brn|[from] item: Leftovers
|-damage|p1a: Sylveon|178\/394 brn|[from] brn
|upkeep
|turn|62
|choice|switch 6|move stoneedge
|
|switch|p1a: Bronzong|Bronzong|338\/338
|move|p2a: Aerodactyl|Stone Edge|p1a: Bronzong
|-resisted|p1a: Bronzong
|-damage|p1a: Bronzong|251\/338
|
|-heal|p1a: Bronzong|272\/338|[from] item: Leftovers
|upkeep
|turn|63
|choice|move heavyslam|move aquatail
|
|move|p2a: Aerodactyl|Aqua Tail|p1a: Bronzong
|-damage|p1a: Bronzong|147\/338
|move|p1a: Bronzong|Heavy Slam|p2a: Aerodactyl
|-supereffective|p2a: Aerodactyl
|-damage|p2a: Aerodactyl|0 fnt
|faint|p2a: Aerodactyl
|
|-heal|p1a: Bronzong|168\/338|[from] item: Leftovers
|upkeep
|choice||switch 2
|
|switch|p2a: Cresselia|Cresselia, F|388\/439
|-damage|p2a: Cresselia|334\/439|[from] Stealth Rock
|turn|64
|choice|move toxic|move moonblast
|
|move|p2a: Cresselia|Moonblast|p1a: Bronzong
|-resisted|p1a: Bronzong
|-damage|p1a: Bronzong|150\/338
|-unboost|p1a: Bronzong|spa|1
|move|p1a: Bronzong|Toxic|p2a: Cresselia
|-status|p2a: Cresselia|tox
|
|-heal|p1a: Bronzong|171\/338|[from] item: Leftovers
|-damage|p2a: Cresselia|307\/439 tox|[from] psn
|upkeep
|turn|65
|c|☆Rodriblutar ✘|Gg
|choice|move heavyslam|move moonblast
|
|move|p2a: Cresselia|Moonblast|p1a: Bronzong
|-resisted|p1a: Bronzong
|-damage|p1a: Bronzong|152\/338
|-unboost|p1a: Bronzong|spa|1
|move|p1a: Bronzong|Heavy Slam|p2a: Cresselia
|-damage|p2a: Cresselia|267\/439 tox
|
|-heal|p1a: Bronzong|173\/338|[from] item: Leftovers
|-damage|p2a: Cresselia|213\/439 tox|[from] psn
|upkeep
|turn|66
|J|wooden chair
|c|☆xMarth|gg
|choice|move heavyslam|move moonblast
|
|move|p2a: Cresselia|Moonblast|p1a: Bronzong
|-resisted|p1a: Bronzong
|-damage|p1a: Bronzong|154\/338
|-unboost|p1a: Bronzong|spa|1
|move|p1a: Bronzong|Heavy Slam|p2a: Cresselia
|-damage|p2a: Cresselia|170\/439 tox
|
|-heal|p1a: Bronzong|175\/338|[from] item: Leftovers
|-damage|p2a: Cresselia|89\/439 tox|[from] psn
|upkeep
|turn|67
|L|Bushtush
|choice|move heavyslam|move moonblast
|
|move|p2a: Cresselia|Moonblast|p1a: Bronzong
|-resisted|p1a: Bronzong
|-damage|p1a: Bronzong|157\/338
|move|p1a: Bronzong|Heavy Slam|p2a: Cresselia
|-damage|p2a: Cresselia|49\/439 tox
|
|-heal|p1a: Bronzong|178\/338|[from] item: Leftovers
|-damage|p2a: Cresselia|0 fnt|[from] psn
|upkeep
|faint|p2a: Cresselia
|
|win|Rodriblutar ✘
|L|xMarth
|L|wooden chair
|L|Omfuga
|L|Arifeen
|L|r0ady
|L|MohHum952
|L|Kalalokki☭☭
|L|Aquadext
|L|Threw☭
|L|Pearl ★
|L|hamhamhamham
|L|choolio
|L|Ict
|L|Trace
|L|Eyan .
|L|Luispeikou ͜..
|L|Cynde
|L|RockyHelmetButplug
|L|Rodriblutar ✘
|L|little sebastian
|L|Christo
|J|agans
|J|Sacri !!_!!
|L|agans
|L|Sacri !!_!!
|J|Trace
|L|Trace
|J|Ernesto_1.3
|J|King♥UU</script>
</div>
<div class="battle-log battle-log-inline"><div class="inner"><div class="battle-options"></div><div class="inner"><div class="chat message-error">Battle timer is ON: inactive players will automatically lose when time's up.</div><div class=""><small>Format:</small> <br><strong>UU</strong></div><div class=""><small><em>Sleep Clause Mod:</em> Limit one foe put to sleep</small></div><div class=""><small><em>Species Clause:</em> Limit one of each Pokémon</small></div><div class=""><small><em>OHKO Clause:</em> OHKO moves are banned</small></div><div class=""><small><em>Moody Clause:</em> Moody is banned</small></div><div class=""><small><em>Evasion Moves Clause:</em> Evasion moves are banned</small></div><div class=""><small><em>Endless Battle Clause:</em> Forcing endless battles is banned</small></div><div class=""><small><em>HP Percentage Mod:</em> HP is shown in percentages</small></div><div class=""><small><em>Swagger Clause:</em> Swagger is banned</small></div><div class=""><small><em>Baton Pass Clause:</em> Limit one Baton Passer, can't pass Spe and other stats simultaneously</small></div><div class="chat battle-history"><strong>Rodriblutar ✘'s team:</strong> <em style="color:#445566;display:block;">Hydreigon / Sylveon / Bronzong / Tentacruel / Aerodactyl / Conkeldurr</em></div><div class="chat battle-history"><strong>xMarth's team:</strong> <em style="color:#445566;display:block;">Lucario / Aerodactyl / Cresselia / Milotic / Hydreigon / Nidoqueen</em></div><div class="chat chatmessage-rodriblutar"><strong style="color:hsl(280,58%,53.69668823944782%)"><small>☆</small><span class="username" data-name="Rodriblutar ✘">Rodriblutar ✘</span>:</strong> <em>Hf</em></div><div class="chat chatmessage-xmarth"><strong style="color:hsl(78,49%,42.780745412407%)"><small>☆</small><span class="username" data-name="xMarth">xMarth</span>:</strong> <em>u2</em></div><div class="chat chatmessage-pearl"><strong style="color:hsl(137,70%,38.48887992080507%)"><small>%</small><span class="username" data-name="Pearl ★">Pearl ★</span>:</strong> <em>xmarth's squad looking super fresh</em></div><div class="chat chatmessage-r0ady"><strong style="color:hsl(306,70%,44.2804644005872%)"><small>+</small><span class="username" data-name="r0ady">r0ady</span>:</strong> <em>godriblutar</em></div><div class="chat chatmessage-bushtush"><strong style="color:hsl(162,66%,38.83954643534721%)"><small>+</small><span class="username" data-name="Bushtush">Bushtush</span>:</strong> <em>-xmarthhhhhhhhhhhh</em></div><div class="chat chatmessage-pearl"><strong style="color:hsl(137,70%,38.48887992080507%)"><small>%</small><span class="username" data-name="Pearl ★">Pearl ★</span>:</strong> <em>some1 should run dodrio in sm uu </em></div><div class="chat chatmessage-pearl"><strong style="color:hsl(137,70%,38.48887992080507%)"><small>%</small><span class="username" data-name="Pearl ★">Pearl ★</span>:</strong> <em>just to call it</em></div><div class="chat chatmessage-pearl"><strong style="color:hsl(137,70%,38.48887992080507%)"><small>%</small><span class="username" data-name="Pearl ★">Pearl ★</span>:</strong> <em>"dodriblutar"</em></div><div class="spacer battle-history"><br></div><div class="battle-history">Battle started between Rodriblutar ✘ and xMarth!<br></div><div class="spacer battle-history"><br></div><div class="battle-history">Go! <strong>Hydreigon</strong>!<br></div><div class="spacer battle-history"><br></div><div class="battle-history">xMarth sent out <strong>Lucario</strong>!<br></div><div class="spacer battle-history"><br></div><h2 class="battle-history">Turn 1</h2><div class="spacer battle-history"><br></div><div class="battle-history">xMarth withdrew Lucario!<br></div><div class="battle-history">xMarth sent out <strong>Milotic</strong>!<br></div><div class="spacer battle-history"><br></div><div class="battle-history">Hydreigon used <strong>U-turn</strong>!<br></div><div class="battle-history"><small>(The opposing Milotic lost <abbr title="−41/393">10.4%</abbr> of its health!)</small><br></div><div class="chat chatmessage-aquadext"><strong style="color:hsl(118,45%,45.12820301120184%)"><small>+</small><span class="username" data-name="Aquadext">Aquadext</span>:</strong> <em>go rodri</em></div><div class="spacer battle-history"><br></div><div class="battle-history">Hydreigon went back to Rodriblutar ✘!<br></div><div class="battle-history">Go! <strong>Bronzong</strong>!<br></div><div class="spacer battle-history"><br></div><div class="battle-history"><small>The opposing Milotic restored a little HP using its Leftovers!</small><br></div><div class="spacer battle-history"><br></div><h2 class="battle-history">Turn 2</h2><div class="spacer battle-history"><br></div><div class="battle-history">The opposing Milotic used <strong>Scald</strong>!<br></div><div class="battle-history"><small>(Bronzong lost <abbr title="−60/338">17.8%</abbr> of its health!)</small><br></div><div class="spacer battle-history"><br></div><div class="battle-history">Bronzong used <strong>Stealth Rock</strong>!<br></div><div class="battle-history"><small>Pointed stones float in the air around the opposing team!</small><br></div><div class="spacer battle-history"><br></div><div class="battle-history"><small>The opposing Milotic restored a little HP using its Leftovers!</small><br></div><div class="battle-history"><small>Bronzong restored a little HP using its Leftovers!</small><br></div><div class="spacer battle-history"><br></div><h2 class="battle-history">Turn 3</h2><div class="spacer battle-history"><br></div><div class="battle-history">xMarth withdrew Milotic!<br></div><div class="battle-history">xMarth sent out <strong>Hydreigon</strong>!<br></div><div class="battle-history"><small>Pointed stones dug into the opposing Hydreigon!</small><br></div><div class="spacer battle-history"><br></div><div class="battle-history">Bronzong, come back!<br></div><div class="battle-history">Go! <strong>Conkeldurr</strong>!<br></div><div class="spacer battle-history"><br></div><h2 class="battle-history">Turn 4</h2><div class="spacer battle-history"><br></div><div class="battle-history">xMarth withdrew Hydreigon!<br></div><div class="battle-history">xMarth sent out <strong>Cresselia</strong>!<br></div><div class="battle-history"><small>Pointed stones dug into the opposing Cresselia!</small><br></div><div class="spacer battle-history"><br></div><div class="battle-history">Conkeldurr, come back!<br></div><div class="battle-history">Go! <strong>Sylveon</strong>!<br></div><div class="spacer battle-history"><br></div><h2 class="battle-history">Turn 5</h2><div class="spacer battle-history"><br></div><div class="battle-history">Sylveon, come back!<br></div><div class="battle-history">Go! <strong>Bronzong</strong>!<br></div><div class="spacer battle-history"><br></div><div class="battle-history">The opposing Cresselia used <strong>Toxic</strong>!<br></div><div class="battle-history"><small>It doesn't affect Bronzong...</small><br></div><div class="spacer battle-history"><br></div><div class="battle-history"><small>Bronzong restored a little HP using its Leftovers!</small><br></div><div class="spacer battle-history"><br></div><h2 class="battle-history">Turn 6</h2><div class="spacer battle-history"><br></div><div class="battle-history">xMarth withdrew Cresselia!<br></div><div class="battle-history">xMarth sent out <strong>Nidoqueen</strong>!<br></div><div class="battle-history"><small>Pointed stones dug into the opposing Nidoqueen!</small><br></div><div class="spacer battle-history"><br></div><div class="battle-history">Bronzong, come back!<br></div><div class="battle-history">Go! <strong>Hydreigon</strong>!<br></div><div class="spacer battle-history"><br></div><h2 class="battle-history">Turn 7</h2><div class="spacer battle-history"><br></div><div class="battle-history">Hydreigon used <strong>Dark Pulse</strong>!<br></div><div class="battle-history"><small>A critical hit!</small><br></div><div class="battle-history"><small>(The opposing Nidoqueen lost <abbr title="−309/329">93.9%</abbr> of its health!)</small><br></div><div class="spacer battle-history"><br></div><div class="battle-history">The opposing Nidoqueen fainted!<br></div><div class="spacer battle-history"><br></div><div class="battle-history">xMarth sent out <strong>Lucario</strong>!<br></div><div class="battle-history"><small>Pointed stones dug into the opposing Lucario!</small><br></div><div class="spacer battle-history"><br></div><h2 class="battle-history">Turn 8</h2><div class="chat chatmessage-bushtush"><strong style="color:hsl(162,66%,38.83954643534721%)"><small>+</small><span class="username" data-name="Bushtush">Bushtush</span>:</strong> <em>wrlgjn ;w5 h</em></div><div class="chat chatmessage-bushtush"><strong style="color:hsl(162,66%,38.83954643534721%)"><small>+</small><span class="username" data-name="Bushtush">Bushtush</span>:</strong> <em>35kh \</em></div><div class="chat chatmessage-r0ady"><strong style="color:hsl(306,70%,44.2804644005872%)"><small>+</small><span class="username" data-name="r0ady">r0ady</span>:</strong> <em>bop</em></div><div class="spacer battle-history"><br></div><div class="battle-history">Hydreigon, come back!<br></div><div class="battle-history">Go! <strong>Tentacruel</strong>!<br></div><div class="spacer battle-history"><br></div><div class="battle-history">The opposing Lucario used <strong>Nasty Plot</strong>!<br></div><div class="battle-history"><small>The opposing Lucario's Special Attack rose sharply!</small><br></div><div class="spacer battle-history"><br></div><h2 class="battle-history">Turn 9</h2><div class="spacer battle-history"><br></div><div class="battle-history">The opposing Lucario used <strong>Shadow Ball</strong>!<br></div><div class="battle-history"><small>(Tentacruel lost <abbr title="−188/361">52.1%</abbr> of its health!)</small><br></div><div class="battle-history"><small>The opposing Lucario lost some of its HP!</small><br></div><div class="spacer battle-history"><br></div><div class="battle-history">Tentacruel used <strong>Scald</strong>!<br></div><div class="battle-history"><small>(The opposing Lucario lost <abbr title="−99/281">35.2%</abbr> of its health!)</small><br></div><div class="spacer battle-history"><br></div><div class="battle-history"><small>Tentacruel restored a little HP using its Black Sludge!</small><br></div><div class="spacer battle-history"><br></div><h2 class="battle-history">Turn 10</h2><div class="spacer battle-history"><br></div><div class="battle-history">The opposing Lucario used <strong>Shadow Ball</strong>!<br></div><div class="battle-history"><small>A critical hit!</small><br></div><div class="battle-history"><small>(Tentacruel lost <abbr title="−195/361">54.0%</abbr> of its health!)</small><br></div><div class="battle-history"><small>The opposing Lucario lost some of its HP!</small><br></div><div class="spacer battle-history"><br></div><div class="battle-history">Tentacruel fainted!<br></div><div class="spacer battle-history"><br></div><div class="battle-history">Go! <strong>Conkeldurr</strong>!<br></div><div class="spacer battle-history"><br></div><h2 class="battle-history">Turn 11</h2><div class="spacer battle-history"><br></div><div class="battle-history">xMarth withdrew Lucario!<br></div><div class="battle-history">xMarth sent out <strong>Cresselia</strong>!<br></div><div class="battle-history"><small>Pointed stones dug into the opposing Cresselia!</small><br></div><div class="spacer battle-history"><br></div><div class="battle-history">Conkeldurr used <strong>Mach Punch</strong>!<br></div><div class="battle-history"><small>It's not very effective...</small><br></div><div class="battle-history"><small>(The opposing Cresselia lost <abbr title="−21/439">4.8%</abbr> of its health!)</small><br></div><div class="spacer battle-history"><br></div><h2 class="battle-history">Turn 12</h2><div class="spacer battle-history"><br></div><div class="battle-history">xMarth withdrew Cresselia!<br></div><div class="battle-history">xMarth sent out <strong>Milotic</strong>!<br></div><div class="battle-history"><small>Pointed stones dug into the opposing Milotic!</small><br></div><div class="spacer battle-history"><br></div><div class="battle-history">Conkeldurr, come back!<br></div><div class="battle-history">Go! <strong>Bronzong</strong>!<br></div><div class="spacer battle-history"><br></div><div class="battle-history"><small>The opposing Milotic restored a little HP using its Leftovers!</small><br></div><div class="battle-history"><small>Bronzong restored a little HP using its Leftovers!</small><br></div><div class="spacer battle-history"><br></div><h2 class="battle-history">Turn 13</h2><div class="spacer battle-history"><br></div><div class="battle-history">The opposing Milotic used <strong>Scald</strong>!<br></div><div class="battle-history"><small>(Bronzong lost <abbr title="−63/338">18.6%</abbr> of its health!)</small><br></div><div class="battle-history"><small>Bronzong was burned!</small><br></div><div class="spacer battle-history"><br></div><div class="battle-history">Bronzong used <strong>Toxic</strong>!<br></div><div class="battle-history"><small>The opposing Milotic was badly poisoned!</small><br></div><div class="spacer battle-history"><br></div><div class="battle-history"><small>The opposing Milotic restored a little HP using its Leftovers!</small><br></div><div class="battle-history"><small>Bronzong restored a little HP using its Leftovers!</small><br></div><div class="battle-history"><small>The opposing Milotic was hurt by poison!</small><br></div><div class="battle-history"><small>Bronzong was hurt by its burn!</small><br></div><div class="spacer battle-history"><br></div><h2 class="battle-history">Turn 14</h2><div class="spacer battle-history"><br></div><div class="battle-history">xMarth withdrew Milotic!<br></div><div class="battle-history">xMarth sent out <strong>Aerodactyl</strong>!<br></div><div class="battle-history"><small>[The opposing Aerodactyl's Unnerve]</small><br><small>Your team is too nervous to eat Berries!</small><br></div><div class="battle-history"><small>Pointed stones dug into the opposing Aerodactyl!</small><br></div><div class="spacer battle-history"><br></div><div class="battle-history">Bronzong, come back!<br></div><div class="battle-history">Go! <strong>Conkeldurr</strong>!<br></div><div class="spacer battle-history"><br></div><h2 class="battle-history">Turn 15</h2><div class="spacer battle-history"><br></div><div class="battle-history">xMarth withdrew Aerodactyl!<br></div><div class="battle-history">xMarth sent out <strong>Cresselia</strong>!<br></div><div class="battle-history"><small>Pointed stones dug into the opposing Cresselia!</small><br></div><div class="spacer battle-history"><br></div><div class="battle-history">Conkeldurr, come back!<br></div><div class="battle-history">Go! <strong>Sylveon</strong>!<br></div><div class="spacer battle-history"><br></div><h2 class="battle-history">Turn 16</h2><div class="chat chatmessage-luispeikou"><strong style="color:hsl(42,41%,45%)"><small>+</small><span class="username" data-name="Luispeikou ͜..">Luispeikou ͜..</span>:</strong> <em>uupl?</em></div><div class="spacer battle-history"><br></div><div class="battle-history">xMarth withdrew Cresselia!<br></div><div class="battle-history">xMarth sent out <strong>Lucario</strong>!<br></div><div class="battle-history"><small>Pointed stones dug into the opposing Lucario!</small><br></div><div class="spacer battle-history"><br></div><div class="battle-history">Sylveon used <strong>Heal Bell</strong>!<br></div><div class="battle-history"><small>A bell chimed!</small><br></div><div class="battle-history"><small>Bronzong's burn was healed.</small><br></div><div class="spacer battle-history"><br></div><h2 class="battle-history">Turn 17</h2><div class="chat chatmessage-christo"><strong style="color:hsl(194,62%,39.333333333333336%)"><small>+</small><span class="username" data-name="Christo">Christo</span>:</strong> <em>oh shit</em></div><div class="chat chatmessage-christo"><strong style="color:hsl(194,62%,39.333333333333336%)"><small>+</small><span class="username" data-name="Christo">Christo</span>:</strong> <em>go xmarth</em></div><div class="spacer battle-history"><br></div><div class="battle-history">Sylveon, come back!<br></div><div class="battle-history">Go! <strong>Bronzong</strong>!<br></div><div class="spacer battle-history"><br></div><div class="battle-history">The opposing Lucario used <strong>Flash Cannon</strong>!<br></div><div class="battle-history"><small>It's not very effective...</small><br></div><div class="battle-history"><small>(Bronzong lost <abbr title="−58/338">17.2%</abbr> of its health!)</small><br></div><div class="battle-history"><small>The opposing Lucario lost some of its HP!</small><br></div><div class="spacer battle-history"><br></div><div class="battle-history"><small>Bronzong restored a little HP using its Leftovers!</small><br></div><div class="spacer battle-history"><br></div><h2 class="battle-history">Turn 18</h2><div class="spacer battle-history"><br></div><div class="battle-history">Bronzong, come back!<br></div><div class="battle-history">Go! <strong>Conkeldurr</strong>!<br></div><div class="spacer battle-history"><br></div><div class="battle-history">The opposing Lucario used <strong>Shadow Ball</strong>!<br></div><div class="battle-history"><small>(Conkeldurr lost <abbr title="−122/411">29.7%</abbr> of its health!)</small><br></div><div class="battle-history"><small>Conkeldurr's Special Defense fell!</small><br></div><div class="battle-history"><small>The opposing Lucario lost some of its HP!</small><br></div><div class="spacer battle-history"><br></div><div class="battle-history"><small>Conkeldurr restored a little HP using its Leftovers!</small><br></div><div class="spacer battle-history"><br></div><h2 class="battle-history">Turn 19</h2><div class="spacer battle-history"><br></div><div class="battle-history">xMarth withdrew Lucario!<br></div><div class="battle-history">xMarth sent out <strong>Cresselia</strong>!<br></div><div class="battle-history"><small>Pointed stones dug into the opposing Cresselia!</small><br></div><div class="spacer battle-history"><br></div><div class="battle-history">Conkeldurr used <strong>Mach Punch</strong>!<br></div><div class="battle-history"><small>It's not very effective...</small><br></div><div class="battle-history"><small>(The opposing Cresselia lost <abbr title="−21/439">4.8%</abbr> of its health!)</small><br></div><div class="spacer battle-history"><br></div><div class="battle-history"><small>Conkeldurr restored a little HP using its Leftovers!</small><br></div><div class="spacer battle-history"><br></div><h2 class="battle-history">Turn 20</h2><div class="spacer battle-history"><br></div><div class="battle-history">Conkeldurr, come back!<br></div><div class="battle-history">Go! <strong>Bronzong</strong>!<br></div><div class="spacer battle-history"><br></div><div class="battle-history">The opposing Cresselia used <strong>Moonlight</strong>!<br></div><div class="battle-history"><small>The opposing Cresselia restored its HP.</small><br></div><div class="spacer battle-history"><br></div><div class="battle-history"><small>Bronzong restored a little HP using its Leftovers!</small><br></div><div class="spacer battle-history"><br></div><h2 class="battle-history">Turn 21</h2><div class="spacer battle-history"><br></div><div class="battle-history">xMarth withdrew Cresselia!<br></div><div class="battle-history">xMarth sent out <strong>Lucario</strong>!<br></div><div class="battle-history"><small>Pointed stones dug into the opposing Lucario!</small><br></div><div class="spacer battle-history"><br></div><div class="battle-history">Bronzong used <strong>Heavy Slam</strong>!<br></div><div class="battle-history"><small>It's not very effective...</small><br></div><div class="battle-history"><small>(The opposing Lucario lost <abbr title="−46/281">16.4%</abbr> of its health!)</small><br></div><div class="spacer battle-history"><br></div><div class="battle-history">The opposing Lucario fainted!<br></div><div class="spacer battle-history"><br></div><div class="battle-history"><small>Bronzong restored a little HP using its Leftovers!</small><br></div><div class="spacer battle-history"><br></div><div class="battle-history">xMarth sent out <strong>Hydreigon</strong>!<br></div><div class="battle-history"><small>Pointed stones dug into the opposing Hydreigon!</small><br></div><div class="spacer battle-history"><br></div><h2 class="battle-history">Turn 22</h2><div class="spacer battle-history"><br></div><div class="battle-history">Bronzong used <strong>Protect</strong>!<br></div><div class="battle-history"><small>Bronzong protected itself!</small><br></div><div class="spacer battle-history"><br></div><div class="battle-history">The opposing Hydreigon used <strong>Fire Blast</strong>!<br></div><div class="battle-history"><small>Bronzong protected itself!</small><br></div><div class="spacer battle-history"><br></div><div class="battle-history"><small>Bronzong restored a little HP using its Leftovers!</small><br></div><div class="spacer battle-history"><br></div><h2 class="battle-history">Turn 23</h2><div class="spacer battle-history"><br></div><div class="battle-history">Bronzong, come back!<br></div><div class="battle-history">Go! <strong>Sylveon</strong>!<br></div><div class="spacer battle-history"><br></div><div class="battle-history">The opposing Hydreigon used <strong>Fire Blast</strong>!<br></div><div class="battle-history"><small>A critical hit!</small><br></div><div class="battle-history"><small>(Sylveon lost <abbr title="−165/394">41.9%</abbr> of its health!)</small><br></div><div class="spacer battle-history"><br></div><div class="battle-history"><small>Sylveon restored a little HP using its Leftovers!</small><br></div><div class="spacer battle-history"><br></div><h2 class="battle-history">Turn 24</h2><div class="spacer battle-history"><br></div><div class="battle-history">xMarth withdrew Hydreigon!<br></div><div class="battle-history">xMarth sent out <strong>Cresselia</strong>!<br></div><div class="battle-history"><small>Pointed stones dug into the opposing Cresselia!</small><br></div><div class="spacer battle-history"><br></div><div class="battle-history">Sylveon used <strong>Wish</strong>!<br></div><div class="spacer battle-history"><br></div><div class="battle-history"><small>Sylveon restored a little HP using its Leftovers!</small><br></div><div class="spacer battle-history"><br></div><h2 class="battle-history">Turn 25</h2><div class="spacer battle-history"><br></div><div class="battle-history">Sylveon used <strong>Protect</strong>!<br></div><div class="battle-history"><small>Sylveon protected itself!</small><br></div><div class="spacer battle-history"><br></div><div class="battle-history">The opposing Cresselia used <strong>Moonblast</strong>!<br></div><div class="battle-history"><small>Sylveon protected itself!</small><br></div><div class="spacer battle-history"><br></div><div class="battle-history"><small>Sylveon's wish came true!</small><br></div><div class="spacer battle-history"><br></div><h2 class="battle-history">Turn 26</h2><div class="spacer battle-history"><br></div><div class="battle-history">Sylveon, come back!<br></div><div class="battle-history">Go! <strong>Bronzong</strong>!<br></div><div class="spacer battle-history"><br></div><div class="battle-history">The opposing Cresselia used <strong>Toxic</strong>!<br></div><div class="battle-history"><small>It doesn't affect Bronzong...</small><br></div><div class="spacer battle-history"><br></div><div class="battle-history"><small>Bronzong restored a little HP using its Leftovers!</small><br></div><div class="spacer battle-history"><br></div><h2 class="battle-history">Turn 27</h2><div class="spacer battle-history"><br></div><div class="battle-history">xMarth withdrew Cresselia!<br></div><div class="battle-history">xMarth sent out <strong>Milotic</strong>!<br></div><div class="battle-history"><small>Pointed stones dug into the opposing Milotic!</small><br></div><div class="spacer battle-history"><br></div><div class="battle-history">Bronzong used <strong>Heavy Slam</strong>!<br></div><div class="battle-history"><small>It's not very effective...</small><br></div><div class="battle-history"><small>(The opposing Milotic lost <abbr title="−11/393">2.8%</abbr> of its health!)</small><br></div><div class="spacer battle-history"><br></div><div class="battle-history"><small>The opposing Milotic restored a little HP using its Leftovers!</small><br></div><div class="battle-history"><small>Bronzong restored a little HP using its Leftovers!</small><br></div><div class="battle-history"><small>The opposing Milotic was hurt by poison!</small><br></div><div class="spacer battle-history"><br></div><h2 class="battle-history">Turn 28</h2><div class="spacer battle-history"><br></div><div class="battle-history">Bronzong, come back!<br></div><div class="battle-history">Go! <strong>Conkeldurr</strong>!<br></div><div class="spacer battle-history"><br></div><div class="battle-history">The opposing Milotic used <strong>Scald</strong>!<br></div><div class="battle-history"><small>(Conkeldurr lost <abbr title="−96/411">23.4%</abbr> of its health!)</small><br></div><div class="spacer battle-history"><br></div><div class="battle-history"><small>The opposing Milotic restored a little HP using its Leftovers!</small><br></div><div class="battle-history"><small>Conkeldurr restored a little HP using its Leftovers!</small><br></div><div class="battle-history"><small>The opposing Milotic was hurt by poison!</small><br></div><div class="spacer battle-history"><br></div><h2 class="battle-history">Turn 29</h2><div class="spacer battle-history"><br></div><div class="battle-history">xMarth withdrew Milotic!<br></div><div class="battle-history">xMarth sent out <strong>Cresselia</strong>!<br></div><div class="battle-history"><small>Pointed stones dug into the opposing Cresselia!</small><br></div><div class="spacer battle-history"><br></div><div class="battle-history">Conkeldurr used <strong>Knock Off</strong>!<br></div><div class="battle-history"><small>It's super effective!</small><br></div><div class="battle-history"><small>The opposing Cresselia ate its Colbur Berry!</small><br></div><div class="battle-history"><small>The Colbur Berry weakened the damage to the opposing Cresselia!</small><br></div><div class="battle-history"><small>(The opposing Cresselia lost <abbr title="−72/439">16.4%</abbr> of its health!)</small><br></div><div class="spacer battle-history"><br></div><div class="battle-history"><small>Conkeldurr restored a little HP using its Leftovers!</small><br></div><div class="spacer battle-history"><br></div><h2 class="battle-history">Turn 30</h2><div class="spacer battle-history"><br></div><div class="battle-history">Conkeldurr, come back!<br></div><div class="battle-history">Go! <strong>Bronzong</strong>!<br></div><div class="spacer battle-history"><br></div><div class="battle-history">The opposing Cresselia used <strong>Moonlight</strong>!<br></div><div class="battle-history"><small>The opposing Cresselia restored its HP.</small><br></div><div class="spacer battle-history"><br></div><div class="battle-history"><small>Bronzong restored a little HP using its Leftovers!</small><br></div><div class="spacer battle-history"><br></div><h2 class="battle-history">Turn 31</h2><div class="spacer battle-history"><br></div><div class="battle-history">xMarth withdrew Cresselia!<br></div><div class="battle-history">xMarth sent out <strong>Milotic</strong>!<br></div><div class="battle-history"><small>Pointed stones dug into the opposing Milotic!</small><br></div><div class="spacer battle-history"><br></div><div class="battle-history">Bronzong used <strong>Heavy Slam</strong>!<br></div><div class="battle-history"><small>It's not very effective...</small><br></div><div class="battle-history"><small>(The opposing Milotic lost <abbr title="−12/393">3.1%</abbr> of its health!)</small><br></div><div class="spacer battle-history"><br></div><div class="battle-history"><small>The opposing Milotic restored a little HP using its Leftovers!</small><br></div><div class="battle-history"><small>The opposing Milotic was hurt by poison!</small><br></div><div class="spacer battle-history"><br></div><h2 class="battle-history">Turn 32</h2><div class="spacer battle-history"><br></div><div class="battle-history">Bronzong, come back!<br></div><div class="battle-history">Go! <strong>Conkeldurr</strong>!<br></div><div class="spacer battle-history"><br></div><div class="battle-history">The opposing Milotic used <strong>Scald</strong>!<br></div><div class="battle-history"><small>(Conkeldurr lost <abbr title="−91/411">22.1%</abbr> of its health!)</small><br></div><div class="battle-history"><small>Conkeldurr was burned!</small><br></div><div class="spacer battle-history"><br></div><div class="battle-history"><small>The opposing Milotic restored a little HP using its Leftovers!</small><br></div><div class="battle-history"><small>Conkeldurr restored a little HP using its Leftovers!</small><br></div><div class="battle-history"><small>The opposing Milotic was hurt by poison!</small><br></div><div class="battle-history"><small>Conkeldurr was hurt by its burn!</small><br></div><div class="spacer battle-history"><br></div><h2 class="battle-history">Turn 33</h2><div class="spacer battle-history"><br></div><div class="battle-history">xMarth withdrew Milotic!<br></div><div class="battle-history">xMarth sent out <strong>Cresselia</strong>!<br></div><div class="battle-history"><small>Pointed stones dug into the opposing Cresselia!</small><br></div><div class="spacer battle-history"><br></div><div class="battle-history">Conkeldurr used <strong>Drain Punch</strong>!<br></div><div class="battle-history"><small>It's not very effective...</small><br></div><div class="battle-history"><small>(The opposing Cresselia lost <abbr title="−58/439">13.2%</abbr> of its health!)</small><br></div><div class="battle-history"><small>The opposing Cresselia had its energy drained!</small><br></div><div class="spacer battle-history"><br></div><div class="battle-history"><small>Conkeldurr restored a little HP using its Leftovers!</small><br></div><div class="battle-history"><small>Conkeldurr was hurt by its burn!</small><br></div><div class="spacer battle-history"><br></div><h2 class="battle-history">Turn 34</h2><div class="spacer battle-history"><br></div><div class="battle-history">Conkeldurr, come back!<br></div><div class="battle-history">Go! <strong>Bronzong</strong>!<br></div><div class="spacer battle-history"><br></div><div class="battle-history">The opposing Cresselia used <strong>Moonblast</strong>!<br></div><div class="battle-history"><small>It's not very effective...</small><br></div><div class="battle-history"><small>(Bronzong lost <abbr title="−18/338">5.3%</abbr> of its health!)</small><br></div><div class="battle-history"><small>Bronzong's Special Attack fell!</small><br></div><div class="spacer battle-history"><br></div><div class="battle-history"><small>Bronzong restored a little HP using its Leftovers!</small><br></div><div class="spacer battle-history"><br></div><h2 class="battle-history">Turn 35</h2><div class="spacer battle-history"><br></div><div class="battle-history">Bronzong, come back!<br></div><div class="battle-history">Go! <strong>Hydreigon</strong>!<br></div><div class="spacer battle-history"><br></div><div class="battle-history">The opposing Cresselia used <strong>Moonblast</strong>!<br></div><div class="battle-history"><small>It's super effective!</small><br></div><div class="battle-history"><small>(Hydreigon lost <abbr title="−244/325">75.1%</abbr> of its health!)</small><br></div><div class="battle-history"><small>Hydreigon's Special Attack fell!</small><br></div><div class="spacer battle-history"><br></div><h2 class="battle-history">Turn 36</h2><div class="spacer battle-history"><br></div><div class="battle-history">Hydreigon, come back!<br></div><div class="battle-history">Go! <strong>Bronzong</strong>!<br></div><div class="spacer battle-history"><br></div><div class="battle-history">The opposing Cresselia used <strong>Moonlight</strong>!<br></div><div class="battle-history"><small>The opposing Cresselia restored its HP.</small><br></div><div class="spacer battle-history"><br></div><h2 class="battle-history">Turn 37</h2><div class="spacer battle-history"><br></div><div class="battle-history">xMarth withdrew Cresselia!<br></div><div class="battle-history">xMarth sent out <strong>Milotic</strong>!<br></div><div class="battle-history"><small>Pointed stones dug into the opposing Milotic!</small><br></div><div class="spacer battle-history"><br></div><div class="battle-history">Bronzong, come back!<br></div><div class="battle-history">Go! <strong>Sylveon</strong>!<br></div><div class="spacer battle-history"><br></div><div class="battle-history"><small>The opposing Milotic restored a little HP using its Leftovers!</small><br></div><div class="battle-history"><small>The opposing Milotic was hurt by poison!</small><br></div><div class="spacer battle-history"><br></div><h2 class="battle-history">Turn 38</h2><div class="spacer battle-history"><br></div><div class="battle-history">The opposing Milotic used <strong>Recover</strong>!<br></div><div class="battle-history"><small>The opposing Milotic restored its HP.</small><br></div><div class="spacer battle-history"><br></div><div class="battle-history">Sylveon used <strong>Hyper Voice</strong>!<br></div><div class="battle-history"><small>(The opposing Milotic lost <abbr title="−127/393">32.3%</abbr> of its health!)</small><br></div><div class="spacer battle-history"><br></div><div class="battle-history"><small>The opposing Milotic restored a little HP using its Leftovers!</small><br></div><div class="battle-history"><small>The opposing Milotic was hurt by poison!</small><br></div><div class="spacer battle-history"><br></div><h2 class="battle-history">Turn 39</h2><div class="spacer battle-history"><br></div><div class="battle-history">xMarth withdrew Milotic!<br></div><div class="battle-history">xMarth sent out <strong>Cresselia</strong>!<br></div><div class="battle-history"><small>Pointed stones dug into the opposing Cresselia!</small><br></div><div class="spacer battle-history"><br></div><div class="battle-history">Sylveon used <strong>Hyper Voice</strong>!<br></div><div class="battle-history"><small>(The opposing Cresselia lost <abbr title="−117/439">26.7%</abbr> of its health!)</small><br></div><div class="spacer battle-history"><br></div><h2 class="battle-history">Turn 40</h2><div class="spacer battle-history"><br></div><div class="battle-history">Sylveon, come back!<br></div><div class="battle-history">Go! <strong>Bronzong</strong>!<br></div><div class="spacer battle-history"><br></div><div class="battle-history">The opposing Cresselia used <strong>Toxic</strong>!<br></div><div class="battle-history"><small>It doesn't affect Bronzong...</small><br></div><div class="spacer battle-history"><br></div><h2 class="battle-history">Turn 41</h2><div class="spacer battle-history"><br></div><div class="battle-history">xMarth withdrew Cresselia!<br></div><div class="battle-history">xMarth sent out <strong>Milotic</strong>!<br></div><div class="battle-history"><small>Pointed stones dug into the opposing Milotic!</small><br></div><div class="spacer battle-history"><br></div><div class="battle-history">Bronzong, come back!<br></div><div class="battle-history">Go! <strong>Sylveon</strong>!<br></div><div class="spacer battle-history"><br></div><div class="battle-history"><small>The opposing Milotic restored a little HP using its Leftovers!</small><br></div><div class="battle-history"><small>The opposing Milotic was hurt by poison!</small><br></div><div class="spacer battle-history"><br></div><h2 class="battle-history">Turn 42</h2><div class="spacer battle-history"><br></div><div class="battle-history">The opposing Milotic used <strong>Recover</strong>!<br></div><div class="battle-history"><small>The opposing Milotic restored its HP.</small><br></div><div class="spacer battle-history"><br></div><div class="battle-history">Sylveon used <strong>Hyper Voice</strong>!<br></div><div class="battle-history"><small>(The opposing Milotic lost <abbr title="−115/393">29.3%</abbr> of its health!)</small><br></div><div class="spacer battle-history"><br></div><div class="battle-history"><small>The opposing Milotic restored a little HP using its Leftovers!</small><br></div><div class="battle-history"><small>The opposing Milotic was hurt by poison!</small><br></div><div class="spacer battle-history"><br></div><h2 class="battle-history">Turn 43</h2><div class="spacer battle-history"><br></div><div class="battle-history">xMarth withdrew Milotic!<br></div><div class="battle-history">xMarth sent out <strong>Cresselia</strong>!<br></div><div class="battle-history"><small>Pointed stones dug into the opposing Cresselia!</small><br></div><div class="spacer battle-history"><br></div><div class="battle-history">Sylveon used <strong>Wish</strong>!<br></div><div class="spacer battle-history"><br></div><h2 class="battle-history">Turn 44</h2><div class="spacer battle-history"><br></div><div class="battle-history">Sylveon, come back!<br></div><div class="battle-history">Go! <strong>Bronzong</strong>!<br></div><div class="spacer battle-history"><br></div><div class="battle-history">The opposing Cresselia used <strong>Moonlight</strong>!<br></div><div class="battle-history"><small>The opposing Cresselia restored its HP.</small><br></div><div class="spacer battle-history"><br></div><h2 class="battle-history">Turn 45</h2><div class="spacer battle-history"><br></div><div class="battle-history">xMarth withdrew Cresselia!<br></div><div class="battle-history">xMarth sent out <strong>Milotic</strong>!<br></div><div class="battle-history"><small>Pointed stones dug into the opposing Milotic!</small><br></div><div class="spacer battle-history"><br></div><div class="battle-history">Bronzong used <strong>Toxic</strong>!<br></div><div class="battle-history"><small>The opposing Milotic avoided the attack!</small><br></div><div class="spacer battle-history"><br></div><div class="battle-history"><small>The opposing Milotic restored a little HP using its Leftovers!</small><br></div><div class="battle-history"><small>The opposing Milotic was hurt by poison!</small><br></div><div class="spacer battle-history"><br></div><h2 class="battle-history">Turn 46</h2><div class="spacer battle-history"><br></div><div class="battle-history">Bronzong, come back!<br></div><div class="battle-history">Go! <strong>Sylveon</strong>!<br></div><div class="spacer battle-history"><br></div><div class="battle-history">The opposing Milotic used <strong>Recover</strong>!<br></div><div class="battle-history"><small>The opposing Milotic restored its HP.</small><br></div><div class="spacer battle-history"><br></div><div class="battle-history"><small>The opposing Milotic restored a little HP using its Leftovers!</small><br></div><div class="battle-history"><small>The opposing Milotic was hurt by poison!</small><br></div><div class="spacer battle-history"><br></div><h2 class="battle-history">Turn 47</h2><div class="spacer battle-history"><br></div><div class="battle-history">The opposing Milotic used <strong>Scald</strong>!<br></div><div class="battle-history"><small>A critical hit!</small><br></div><div class="battle-history"><small>(Sylveon lost <abbr title="−105/394">26.6%</abbr> of its health!)</small><br></div><div class="spacer battle-history"><br></div><div class="battle-history">Sylveon used <strong>Wish</strong>!<br></div><div class="spacer battle-history"><br></div><div class="battle-history"><small>The opposing Milotic restored a little HP using its Leftovers!</small><br></div><div class="battle-history"><small>Sylveon restored a little HP using its Leftovers!</small><br></div><div class="battle-history"><small>The opposing Milotic was hurt by poison!</small><br></div><div class="spacer battle-history"><br></div><h2 class="battle-history">Turn 48</h2><div class="spacer battle-history"><br></div><div class="battle-history">Sylveon, come back!<br></div><div class="battle-history">Go! <strong>Conkeldurr</strong>!<br></div><div class="spacer battle-history"><br></div><div class="battle-history">The opposing Milotic used <strong>Ice Beam</strong>!<br></div><div class="battle-history"><small>(Conkeldurr lost <abbr title="−79/411">19.2%</abbr> of its health!)</small><br></div><div class="spacer battle-history"><br></div><div class="battle-history"><small>Sylveon's wish came true!</small><br></div><div class="battle-history"><small>The opposing Milotic restored a little HP using its Leftovers!</small><br></div><div class="battle-history"><small>Conkeldurr restored a little HP using its Leftovers!</small><br></div><div class="battle-history"><small>The opposing Milotic was hurt by poison!</small><br></div><div class="battle-history"><small>Conkeldurr was hurt by its burn!</small><br></div><div class="spacer battle-history"><br></div><h2 class="battle-history">Turn 49</h2><div class="spacer battle-history"><br></div><div class="battle-history">xMarth withdrew Milotic!<br></div><div class="battle-history">xMarth sent out <strong>Cresselia</strong>!<br></div><div class="battle-history"><small>Pointed stones dug into the opposing Cresselia!</small><br></div><div class="spacer battle-history"><br></div><div class="battle-history">Conkeldurr used <strong>Knock Off</strong>!<br></div><div class="battle-history"><small>It's super effective!</small><br></div><div class="battle-history"><small>(The opposing Cresselia lost <abbr title="−156/439">35.5%</abbr> of its health!)</small><br></div><div class="spacer battle-history"><br></div><div class="battle-history"><small>Conkeldurr restored a little HP using its Leftovers!</small><br></div><div class="battle-history"><small>Conkeldurr was hurt by its burn!</small><br></div><div class="spacer battle-history"><br></div><h2 class="battle-history">Turn 50</h2><div class="spacer battle-history"><br></div><div class="battle-history">xMarth withdrew Cresselia!<br></div><div class="battle-history">xMarth sent out <strong>Hydreigon</strong>!<br></div><div class="battle-history"><small>Pointed stones dug into the opposing Hydreigon!</small><br></div><div class="spacer battle-history"><br></div><div class="battle-history">Conkeldurr, come back!<br></div><div class="battle-history">Go! <strong>Bronzong</strong>!<br></div><div class="spacer battle-history"><br></div><h2 class="battle-history">Turn 51</h2><div class="spacer battle-history"><br></div><div class="battle-history">Bronzong used <strong>Protect</strong>!<br></div><div class="battle-history"><small>Bronzong protected itself!</small><br></div><div class="spacer battle-history"><br></div><div class="battle-history">The opposing Hydreigon used <strong>Fire Blast</strong>!<br></div><div class="battle-history"><small>Bronzong protected itself!</small><br></div><div class="spacer battle-history"><br></div><h2 class="battle-history">Turn 52</h2><div class="spacer battle-history"><br></div><div class="battle-history">Bronzong, come back!<br></div><div class="battle-history">Go! <strong>Aerodactyl</strong>!<br></div><div class="battle-history"><small>[Aerodactyl's Unnerve]</small><br><small>The opposing team is too nervous to eat Berries!</small><br></div><div class="spacer battle-history"><br></div><div class="battle-history">The opposing Hydreigon used <strong>Fire Blast</strong>!<br></div><div class="battle-history"><small>It's not very effective...</small><br></div><div class="battle-history"><small>(Aerodactyl lost <abbr title="−73/301">24.3%</abbr> of its health!)</small><br></div><div class="spacer battle-history"><br></div><h2 class="battle-history">Turn 53</h2><div class="spacer battle-history"><br></div><div class="battle-history"><small>Aerodactyl's Aerodactylite is reacting to Rodriblutar ✘'s Mega Bracelet!</small><br>Aerodactyl has Mega Evolved into Mega Aerodactyl!<br></div><div class="spacer battle-history"><br></div><div class="battle-history">The opposing Hydreigon used <strong>Fire Blast</strong>!<br></div><div class="battle-history"><small>It's not very effective...</small><br></div><div class="battle-history"><small>(Aerodactyl lost <abbr title="−69/301">22.9%</abbr> of its health!)</small><br></div><div class="spacer battle-history"><br></div><div class="battle-history">Aerodactyl used <strong>Wing Attack</strong>!<br></div><div class="battle-history"><small>(The opposing Hydreigon lost <abbr title="−159/325">48.9%</abbr> of its health!)</small><br></div><div class="spacer battle-history"><br></div><h2 class="battle-history">Turn 54</h2><div class="spacer battle-history"><br></div><div class="battle-history">The opposing Hydreigon used <strong>Fire Blast</strong>!<br></div><div class="battle-history"><small>It's not very effective...</small><br></div><div class="battle-history"><small>(Aerodactyl lost <abbr title="−62/301">20.6%</abbr> of its health!)</small><br></div><div class="spacer battle-history"><br></div><div class="battle-history">Aerodactyl used <strong>Roost</strong>!<br></div><div class="battle-history"><small>Aerodactyl restored its HP.</small><br></div><div class="spacer battle-history"><br></div><h2 class="battle-history">Turn 55</h2><div class="spacer battle-history"><br></div><div class="battle-history">The opposing Hydreigon used <strong>Fire Blast</strong>!<br></div><div class="battle-history"><small>It's not very effective...</small><br></div><div class="battle-history"><small>(Aerodactyl lost <abbr title="−69/301">22.9%</abbr> of its health!)</small><br></div><div class="spacer battle-history"><br></div><div class="battle-history">Aerodactyl used <strong>Wing Attack</strong>!<br></div><div class="battle-history"><small>(The opposing Hydreigon lost <abbr title="−46/325">14.2%</abbr> of its health!)</small><br></div><div class="spacer battle-history"><br></div><div class="battle-history">The opposing Hydreigon fainted!<br></div><div class="spacer battle-history"><br></div><div class="battle-history">xMarth sent out <strong>Cresselia</strong>!<br></div><div class="battle-history"><small>Pointed stones dug into the opposing Cresselia!</small><br></div><div class="spacer battle-history"><br></div><h2 class="battle-history">Turn 56</h2><div class="spacer battle-history"><br></div><div class="battle-history">Aerodactyl, come back!<br></div><div class="battle-history">Go! <strong>Bronzong</strong>!<br></div><div class="spacer battle-history"><br></div><div class="battle-history">The opposing Cresselia used <strong>Moonlight</strong>!<br></div><div class="battle-history"><small>The opposing Cresselia restored its HP.</small><br></div><div class="spacer battle-history"><br></div><h2 class="battle-history">Turn 57</h2><div class="spacer battle-history"><br></div><div class="battle-history">xMarth withdrew Cresselia!<br></div><div class="battle-history">xMarth sent out <strong>Milotic</strong>!<br></div><div class="battle-history"><small>Pointed stones dug into the opposing Milotic!</small><br></div><div class="spacer battle-history"><br></div><div class="battle-history">Bronzong, come back!<br></div><div class="battle-history">Go! <strong>Sylveon</strong>!<br></div><div class="spacer battle-history"><br></div><div class="battle-history"><small>The opposing Milotic restored a little HP using its Leftovers!</small><br></div><div class="battle-history"><small>Sylveon restored a little HP using its Leftovers!</small><br></div><div class="battle-history"><small>The opposing Milotic was hurt by poison!</small><br></div><div class="spacer battle-history"><br></div><h2 class="battle-history">Turn 58</h2><div class="spacer battle-history"><br></div><div class="battle-history">The opposing Milotic used <strong>Recover</strong>!<br></div><div class="battle-history"><small>The opposing Milotic restored its HP.</small><br></div><div class="spacer battle-history"><br></div><div class="battle-history">Sylveon used <strong>Hyper Voice</strong>!<br></div><div class="battle-history"><small>(The opposing Milotic lost <abbr title="−120/393">30.5%</abbr> of its health!)</small><br></div><div class="spacer battle-history"><br></div><div class="battle-history"><small>The opposing Milotic restored a little HP using its Leftovers!</small><br></div><div class="battle-history"><small>Sylveon restored a little HP using its Leftovers!</small><br></div><div class="battle-history"><small>The opposing Milotic was hurt by poison!</small><br></div><div class="spacer battle-history"><br></div><h2 class="battle-history">Turn 59</h2><div class="spacer battle-history"><br></div><div class="battle-history">The opposing Milotic used <strong>Scald</strong>!<br></div><div class="battle-history"><small>(Sylveon lost <abbr title="−79/394">20.1%</abbr> of its health!)</small><br></div><div class="spacer battle-history"><br></div><div class="battle-history">Sylveon used <strong>Hyper Voice</strong>!<br></div><div class="battle-history"><small>(The opposing Milotic lost <abbr title="−120/393">30.5%</abbr> of its health!)</small><br></div><div class="spacer battle-history"><br></div><div class="battle-history"><small>The opposing Milotic restored a little HP using its Leftovers!</small><br></div><div class="battle-history"><small>Sylveon restored a little HP using its Leftovers!</small><br></div><div class="battle-history"><small>The opposing Milotic was hurt by poison!</small><br></div><div class="spacer battle-history"><br></div><h2 class="battle-history">Turn 60</h2><div class="spacer battle-history"><br></div><div class="battle-history">The opposing Milotic used <strong>Scald</strong>!<br></div><div class="battle-history"><small>(Sylveon lost <abbr title="−78/394">19.8%</abbr> of its health!)</small><br></div><div class="battle-history"><small>Sylveon was burned!</small><br></div><div class="spacer battle-history"><br></div><div class="battle-history">Sylveon used <strong>Hyper Voice</strong>!<br></div><div class="battle-history"><small>(The opposing Milotic lost <abbr title="−45/393">11.5%</abbr> of its health!)</small><br></div><div class="spacer battle-history"><br></div><div class="battle-history">The opposing Milotic fainted!<br></div><div class="spacer battle-history"><br></div><div class="battle-history"><small>Sylveon restored a little HP using its Leftovers!</small><br></div><div class="battle-history"><small>Sylveon was hurt by its burn!</small><br></div><div class="spacer battle-history"><br></div><div class="battle-history">xMarth sent out <strong>Aerodactyl</strong>!<br></div><div class="battle-history"><small>[The opposing Aerodactyl's Unnerve]</small><br><small>Your team is too nervous to eat Berries!</small><br></div><div class="battle-history"><small>Pointed stones dug into the opposing Aerodactyl!</small><br></div><div class="spacer battle-history"><br></div><h2 class="battle-history">Turn 61</h2><div class="spacer battle-history"><br></div><div class="battle-history"><small>The opposing Aerodactyl's Aerodactylite is reacting to xMarth's Mega Bracelet!</small><br>The opposing Aerodactyl has Mega Evolved into Mega Aerodactyl!<br></div><div class="spacer battle-history"><br></div><div class="battle-history">The opposing Aerodactyl used <strong>Roost</strong>!<br></div><div class="battle-history"><small>The opposing Aerodactyl restored its HP.</small><br></div><div class="spacer battle-history"><br></div><div class="battle-history">Sylveon used <strong>Hyper Voice</strong>!<br></div><div class="battle-history"><small>(The opposing Aerodactyl lost <abbr title="−168/301">55.8%</abbr> of its health!)</small><br></div><div class="spacer battle-history"><br></div><div class="battle-history"><small>Sylveon restored a little HP using its Leftovers!</small><br></div><div class="battle-history"><small>Sylveon was hurt by its burn!</small><br></div><div class="spacer battle-history"><br></div><h2 class="battle-history">Turn 62</h2><div class="spacer battle-history"><br></div><div class="battle-history">Sylveon, come back!<br></div><div class="battle-history">Go! <strong>Bronzong</strong>!<br></div><div class="spacer battle-history"><br></div><div class="battle-history">The opposing Aerodactyl used <strong>Stone Edge</strong>!<br></div><div class="battle-history"><small>It's not very effective...</small><br></div><div class="battle-history"><small>(Bronzong lost <abbr title="−87/338">25.7%</abbr> of its health!)</small><br></div><div class="spacer battle-history"><br></div><div class="battle-history"><small>Bronzong restored a little HP using its Leftovers!</small><br></div><div class="spacer battle-history"><br></div><h2 class="battle-history">Turn 63</h2><div class="spacer battle-history"><br></div><div class="battle-history">The opposing Aerodactyl used <strong>Aqua Tail</strong>!<br></div><div class="battle-history"><small>(Bronzong lost <abbr title="−125/338">37.0%</abbr> of its health!)</small><br></div><div class="spacer battle-history"><br></div><div class="battle-history">Bronzong used <strong>Heavy Slam</strong>!<br></div><div class="battle-history"><small>It's super effective!</small><br></div><div class="battle-history"><small>(The opposing Aerodactyl lost <abbr title="−133/301">44.2%</abbr> of its health!)</small><br></div><div class="spacer battle-history"><br></div><div class="battle-history">The opposing Aerodactyl fainted!<br></div><div class="spacer battle-history"><br></div><div class="battle-history"><small>Bronzong restored a little HP using its Leftovers!</small><br></div><div class="spacer battle-history"><br></div><div class="battle-history">xMarth sent out <strong>Cresselia</strong>!<br></div><div class="battle-history"><small>Pointed stones dug into the opposing Cresselia!</small><br></div><div class="spacer battle-history"><br></div><h2 class="battle-history">Turn 64</h2><div class="spacer battle-history"><br></div><div class="battle-history">The opposing Cresselia used <strong>Moonblast</strong>!<br></div><div class="battle-history"><small>It's not very effective...</small><br></div><div class="battle-history"><small>(Bronzong lost <abbr title="−18/338">5.3%</abbr> of its health!)</small><br></div><div class="battle-history"><small>Bronzong's Special Attack fell!</small><br></div><div class="spacer battle-history"><br></div><div class="battle-history">Bronzong used <strong>Toxic</strong>!<br></div><div class="battle-history"><small>The opposing Cresselia was badly poisoned!</small><br></div><div class="spacer battle-history"><br></div><div class="battle-history"><small>Bronzong restored a little HP using its Leftovers!</small><br></div><div class="battle-history"><small>The opposing Cresselia was hurt by poison!</small><br></div><div class="spacer battle-history"><br></div><h2 class="battle-history">Turn 65</h2><div class="chat chatmessage-rodriblutar"><strong style="color:hsl(280,58%,53.69668823944782%)"><small>☆</small><span class="username" data-name="Rodriblutar ✘">Rodriblutar ✘</span>:</strong> <em>Gg</em></div><div class="spacer battle-history"><br></div><div class="battle-history">The opposing Cresselia used <strong>Moonblast</strong>!<br></div><div class="battle-history"><small>It's not very effective...</small><br></div><div class="battle-history"><small>(Bronzong lost <abbr title="−19/338">5.6%</abbr> of its health!)</small><br></div><div class="battle-history"><small>Bronzong's Special Attack fell!</small><br></div><div class="spacer battle-history"><br></div><div class="battle-history">Bronzong used <strong>Heavy Slam</strong>!<br></div><div class="battle-history"><small>(The opposing Cresselia lost <abbr title="−40/439">9.1%</abbr> of its health!)</small><br></div><div class="spacer battle-history"><br></div><div class="battle-history"><small>Bronzong restored a little HP using its Leftovers!</small><br></div><div class="battle-history"><small>The opposing Cresselia was hurt by poison!</small><br></div><div class="spacer battle-history"><br></div><h2 class="battle-history">Turn 66</h2><div class="chat chatmessage-xmarth"><strong style="color:hsl(78,49%,42.780745412407%)"><small>☆</small><span class="username" data-name="xMarth">xMarth</span>:</strong> <em>gg</em></div><div class="spacer battle-history"><br></div><div class="battle-history">The opposing Cresselia used <strong>Moonblast</strong>!<br></div><div class="battle-history"><small>It's not very effective...</small><br></div><div class="battle-history"><small>(Bronzong lost <abbr title="−19/338">5.6%</abbr> of its health!)</small><br></div><div class="battle-history"><small>Bronzong's Special Attack fell!</small><br></div><div class="spacer battle-history"><br></div><div class="battle-history">Bronzong used <strong>Heavy Slam</strong>!<br></div><div class="battle-history"><small>(The opposing Cresselia lost <abbr title="−43/439">9.8%</abbr> of its health!)</small><br></div><div class="spacer battle-history"><br></div><div class="battle-history"><small>Bronzong restored a little HP using its Leftovers!</small><br></div><div class="battle-history"><small>The opposing Cresselia was hurt by poison!</small><br></div><div class="spacer battle-history"><br></div><h2 class="battle-history">Turn 67</h2><div class="spacer battle-history"><br></div><div class="battle-history">The opposing Cresselia used <strong>Moonblast</strong>!<br></div><div class="battle-history"><small>It's not very effective...</small><br></div><div class="battle-history"><small>(Bronzong lost <abbr title="−18/338">5.3%</abbr> of its health!)</small><br></div><div class="spacer battle-history"><br></div><div class="battle-history">Bronzong used <strong>Heavy Slam</strong>!<br></div><div class="battle-history"><small>(The opposing Cresselia lost <abbr title="−40/439">9.1%</abbr> of its health!)</small><br></div><div class="spacer battle-history"><br></div><div class="battle-history"><small>Bronzong restored a little HP using its Leftovers!</small><br></div><div class="battle-history"><small>The opposing Cresselia was hurt by poison!</small><br></div><div class="spacer battle-history"><br></div><div class="battle-history">The opposing Cresselia fainted!<br></div><div class="spacer battle-history"><br></div><div class="battle-history"><strong>Rodriblutar ✘</strong> won the battle!<br></div></div><div class="inner-preempt"></div></div></div>
</div>
<script>
let daily = Math.floor(Date.now()/1000/60/60/24);document.write('<script src="https://play.pokemonshowdown.com/js/replay-embed.js?version'+daily+'"></'+'script>');
</script>
