<!DOCTYPE html>
<meta charset="utf-8" />
<!-- version 1 -->
<title>UU replay: Nmr 1 vs. Krooknotch</title>
<style>
html,body {font-family:Verdana, sans-serif;font-size:10pt;margin:0;padding:0;}body{padding:12px 0;} .battle-log {font-family:Verdana, sans-serif;font-size:10pt;} .battle-log-inline {border:1px solid #AAAAAA;background:#EEF2F5;color:black;max-width:640px;margin:0 auto 80px;padding-bottom:5px;} .battle-log .inner {padding:4px 8px 0px 8px;} .battle-log .inner-preempt {padding:0 8px 4px 8px;} .battle-log .inner-after {margin-top:0.5em;} .battle-log h2 {margin:0.5em -8px;padding:4px 8px;border:1px solid #AAAAAA;background:#E0E7EA;border-left:0;border-right:0;font-family:Verdana, sans-serif;font-size:13pt;} .battle-log .chat {vertical-align:middle;padding:3px 0 3px 0;font-size:8pt;} .battle-log .chat strong {color:#40576A;} .battle-log .chat em {padding:1px 4px 1px 3px;color:#000000;font-style:normal;} .chat.mine {background:rgba(0,0,0,0.05);margin-left:-8px;margin-right:-8px;padding-left:8px;padding-right:8px;} .spoiler {color:#BBBBBB;background:#BBBBBB;padding:0px 3px;} .spoiler:hover, .spoiler:active, .spoiler-shown {color:#000000;background:#E2E2E2;padding:0px 3px;} .spoiler a {color:#BBBBBB;} .spoiler:hover a, .spoiler:active a, .spoiler-shown a {color:#2288CC;} .chat code, .chat .spoiler:hover code, .chat .spoiler:active code, .chat .spoiler-shown code {border:1px solid #C0C0C0;background:#EEEEEE;color:black;padding:0 2px;} .chat .spoiler code {border:1px solid #CCCCCC;background:#CCCCCC;color:#CCCCCC;} .battle-log .rated {padding:3px 4px;} .battle-log .rated strong {color:white;background:#89A;padding:1px 4px;border-radius:4px;} .spacer {margin-top:0.5em;} .message-announce {background:#6688AA;color:white;padding:1px 4px 2px;} .message-announce a, .broadcast-green a, .broadcast-blue a, .broadcast-red a {color:#DDEEFF;} .broadcast-green {background-color:#559955;color:white;padding:2px 4px;} .broadcast-blue {background-color:#6688AA;color:white;padding:2px 4px;} .infobox {border:1px solid #6688AA;padding:2px 4px;} .infobox-limited {max-height:200px;overflow:auto;overflow-x:hidden;} .broadcast-red {background-color:#AA5544;color:white;padding:2px 4px;} .message-learn-canlearn {font-weight:bold;color:#228822;text-decoration:underline;} .message-learn-cannotlearn {font-weight:bold;color:#CC2222;text-decoration:underline;} .message-effect-weak {font-weight:bold;color:#CC2222;} .message-effect-resist {font-weight:bold;color:#6688AA;} .message-effect-immune {font-weight:bold;color:#666666;} .message-learn-list {margin-top:0;margin-bottom:0;} .message-throttle-notice, .message-error {color:#992222;} .message-overflow, .chat small.message-overflow {font-size:0pt;} .message-overflow::before {font-size:9pt;content:'...';} .subtle {color:#3A4A66;}
</style>
<div class="wrapper replay-wrapper" style="max-width:1180px;margin:0 auto">
<input type="hidden" name="replayid" value="uu-535218574" />
<div class="battle"></div><div class="battle-log"></div><div class="replay-controls"></div><div class="replay-controls-2"></div>
<h1 style="font-weight:normal;text-align:center"><strong>UU</strong><br /><a href="http://pokemonshowdown.com/users/nmr1" class="subtle" target="_blank">Nmr 1</a> vs. <a href="http://pokemonshowdown.com/users/krooknotch" class="subtle" target="_blank">Krooknotch</a></h1>
<script type="text/plain" class="battle-log-data">|j|Nmr 1
|j|Krooknotch
|player|p1|Nmr 1|238
|player|p2|Krooknotch|161
|gametype|singles
|gen|6
|tier|UU
|rated
|seed|18486,23208,10928,40802
|rule|Sleep Clause Mod: Limit one foe put to sleep
|rule|Species Clause: Limit one of each Pokémon
|rule|OHKO Clause: OHKO moves are banned
|rule|Moody Clause: Moody is banned
|rule|Evasion Moves Clause: Evasion moves are banned
|rule|Endless Battle Clause: Forcing endless battles is banned
|rule|HP Percentage Mod: HP is shown in percentages
|clearpoke
|poke|p1|Machamp, F|item
|poke|p1|Combusken, F|item
|poke|p1|Hariyama, F|item
|poke|p1|Infernape, M, shiny|item
|poke|p1|Gurdurr, F|item
|poke|p1|Hitmontop, M|item
|poke|p2|Jellicent, M|item
|poke|p2|Chandelure, M|item
|poke|p2|Haunter, F|item
|poke|p2|Shedinja|item
|poke|p2|Banette, F|item
|poke|p2|Drifblim, F|item
|rule|Swagger Clause: Swagger is banned
|rule|Baton Pass Clause: Limit one Baton Passer, can't pass Spe and other stats simultaneously
|teampreview
|choice|team 3, team 2, team 1, team 4, team 5, team 6|team 5, team 2, team 3, team 4, team 1, team 6
|
|start
|switch|p1a: Hariyama|Hariyama, F|429\/429
|switch|p2a: Banette|Banette, F|332\/332
|turn|1
|choice|move knockoff|move disable mega
|
|detailschange|p2a: Banette|Banette-Mega, F
|-mega|p2a: Banette|Banette|Banettite
|move|p2a: Banette|Disable|p1a: Hariyama
|-fail|p1a: Hariyama
|move|p1a: Hariyama|Knock Off|p2a: Banette
|-supereffective|p2a: Banette
|-damage|p2a: Banette|156\/332
|
|upkeep
|turn|2
|choice|switch 2|move disable
|
|switch|p1a: Combusken|Combusken, F|261\/261
|move|p2a: Banette|Disable|p1a: Combusken
|-fail|p1a: Combusken
|
|upkeep
|turn|3
|choice|move bulkup|switch 2
|
|switch|p2a: Chandelure|Chandelure, M|261\/261
|move|p1a: Combusken|Bulk Up|p1a: Combusken
|-boost|p1a: Combusken|atk|1
|-boost|p1a: Combusken|def|1
|
|-ability|p1a: Combusken|Speed Boost|boost
|-boost|p1a: Combusken|spe|1
|upkeep
|turn|4
|choice|move poisonjab|move hex
|
|move|p1a: Combusken|Poison Jab|p2a: Chandelure
|-resisted|p2a: Chandelure
|-damage|p2a: Chandelure|202\/261
|move|p2a: Chandelure|Hex|p1a: Combusken
|-damage|p1a: Combusken|114\/261
|
|-heal|p2a: Chandelure|218\/261|[from] item: Leftovers
|-ability|p1a: Combusken|Speed Boost|boost
|-boost|p1a: Combusken|spe|1
|upkeep
|turn|5
|choice|move bulkup|move hex
|
|move|p1a: Combusken|Bulk Up|p1a: Combusken
|-boost|p1a: Combusken|atk|1
|-boost|p1a: Combusken|def|1
|move|p2a: Chandelure|Hex|p1a: Combusken
|-damage|p1a: Combusken|0 fnt
|faint|p1a: Combusken
|
|-heal|p2a: Chandelure|234\/261|[from] item: Leftovers
|upkeep
|choice|switch 5|
|
|switch|p1a: Gurdurr|Gurdurr, F|312\/312
|turn|6
|choice|move bulkup|move willowisp
|
|move|p2a: Chandelure|Will-O-Wisp|p1a: Gurdurr|[miss]
|-miss|p2a: Chandelure|p1a: Gurdurr
|move|p1a: Gurdurr|Bulk Up|p1a: Gurdurr
|-boost|p1a: Gurdurr|atk|1
|-boost|p1a: Gurdurr|def|1
|
|-heal|p2a: Chandelure|250\/261|[from] item: Leftovers
|upkeep
|turn|7
|choice|move knockoff|move willowisp
|
|move|p2a: Chandelure|Will-O-Wisp|p1a: Gurdurr
|-status|p1a: Gurdurr|brn
|move|p1a: Gurdurr|Knock Off|p2a: Chandelure
|-supereffective|p2a: Chandelure
|-damage|p2a: Chandelure|0 fnt
|-enditem|p2a: Chandelure|Leftovers|[from] move: Knock Off|[of] p1a: Gurdurr
|faint|p2a: Chandelure
|
|-damage|p1a: Gurdurr|273\/312 brn|[from] brn
|upkeep
|choice||switch 2
|
|switch|p2a: Banette|Banette-Mega, F|156\/332
|turn|8
|choice|switch 6|move disable
|
|switch|p1a: Hitmontop|Hitmontop, M|241\/241
|move|p2a: Banette|Disable|p1a: Hitmontop
|-fail|p1a: Hitmontop
|
|upkeep
|turn|9
|choice|move bulletpunch|move magiccoat
|
|move|p2a: Banette|Magic Coat|p2a: Banette
|-singleturn|p2a: Banette|move: Magic Coat
|move|p1a: Hitmontop|Bullet Punch|p2a: Banette
|-damage|p2a: Banette|95\/332
|
|upkeep
|turn|10
|choice|move bulletpunch|switch 4
|
|switch|p2a: Shedinja|Shedinja|1\/1
|move|p1a: Hitmontop|Bullet Punch|p2a: Shedinja
|-immune|p2a: Shedinja|[msg]|[from] ability: Wonder Guard
|
|upkeep
|turn|11
|choice|switch 4|move swordsdance
|
|switch|p1a: Infernape|Infernape, M, shiny|293\/293
|move|p2a: Shedinja|Swords Dance|p2a: Shedinja
|-boost|p2a: Shedinja|atk|2
|
|upkeep
|turn|12
|choice|move overheat|move return
|
|move|p1a: Infernape|Overheat|p2a: Shedinja
|-supereffective|p2a: Shedinja
|-enditem|p2a: Shedinja|Focus Sash
|-damage|p2a: Shedinja|1\/1
|-unboost|p1a: Infernape|spa|2
|-damage|p1a: Infernape|264\/293|[from] item: Life Orb
|move|p2a: Shedinja|Return|p1a: Infernape
|-crit|p1a: Infernape
|-damage|p1a: Infernape|0 fnt
|faint|p1a: Infernape
|
|upkeep
|choice|switch 3|
|
|switch|p1a: Machamp|Machamp, F|321\/321
|turn|13
|choice|move stoneedge|move shadowsneak
|
|move|p2a: Shedinja|Shadow Sneak|p1a: Machamp
|-damage|p1a: Machamp|219\/321
|move|p1a: Machamp|Stone Edge|p2a: Shedinja
|-supereffective|p2a: Shedinja
|-damage|p2a: Shedinja|0 fnt
|faint|p2a: Shedinja
|
|upkeep
|choice||switch 3
|
|switch|p2a: Haunter|Haunter, F|231\/231
|turn|14
|choice|move stoneedge|move psychic
|
|move|p2a: Haunter|Psychic|p1a: Machamp
|-supereffective|p1a: Machamp
|-damage|p1a: Machamp|107\/321
|move|p1a: Machamp|Stone Edge|p2a: Haunter
|-damage|p2a: Haunter|48\/231
|
|upkeep
|turn|15
|choice|move stoneedge|move psychic
|
|move|p2a: Haunter|Psychic|p1a: Machamp
|-supereffective|p1a: Machamp
|-damage|p1a: Machamp|0 fnt
|faint|p1a: Machamp
|
|upkeep
|choice|switch 2|
|
|switch|p1a: Hariyama|Hariyama, F|429\/429
|turn|16
|choice|move knockoff|move psychic
|
|move|p2a: Haunter|Psychic|p1a: Hariyama
|-supereffective|p1a: Hariyama
|-damage|p1a: Hariyama|281\/429
|move|p1a: Hariyama|Knock Off|p2a: Haunter
|-supereffective|p2a: Haunter
|-damage|p2a: Haunter|0 fnt
|-enditem|p2a: Haunter|Focus Sash|[from] move: Knock Off|[of] p1a: Hariyama
|faint|p2a: Haunter
|
|upkeep
|choice||switch 4
|
|switch|p2a: Banette|Banette-Mega, F|95\/332
|turn|17
|choice|move knockoff|move shadowsneak
|
|move|p2a: Banette|Shadow Sneak|p1a: Hariyama
|-damage|p1a: Hariyama|187\/429
|move|p1a: Hariyama|Knock Off|p2a: Banette
|-supereffective|p2a: Banette
|-damage|p2a: Banette|0 fnt
|faint|p2a: Banette
|
|upkeep
|choice||switch 5
|
|switch|p2a: Jellicent|Jellicent, M|404\/404
|turn|18
|choice|move knockoff|move icebeam
|
|move|p2a: Jellicent|Ice Beam|p1a: Hariyama
|-damage|p1a: Hariyama|122\/429
|move|p1a: Hariyama|Knock Off|p2a: Jellicent
|-supereffective|p2a: Jellicent
|-damage|p2a: Jellicent|112\/404
|-enditem|p2a: Jellicent|Weakness Policy
|-boost|p2a: Jellicent|atk|2
|-boost|p2a: Jellicent|spa|2
|
|upkeep
|turn|19
|choice|move knockoff|move hydropump
|
|move|p2a: Jellicent|Hydro Pump|p1a: Hariyama
|-damage|p1a: Hariyama|0 fnt
|faint|p1a: Hariyama
|
|upkeep
|choice|switch 6|
|
|switch|p1a: Gurdurr|Gurdurr, F|273\/312 brn
|turn|20
|choice|move knockoff|move recover
|
|move|p2a: Jellicent|Recover|p2a: Jellicent
|-heal|p2a: Jellicent|314\/404
|move|p1a: Gurdurr|Knock Off|p2a: Jellicent
|-supereffective|p2a: Jellicent
|-damage|p2a: Jellicent|30\/404
|
|-damage|p1a: Gurdurr|234\/312 brn|[from] brn
|upkeep
|turn|21
|choice|move knockoff|move hydropump
|
|move|p2a: Jellicent|Hydro Pump|p1a: Gurdurr
|-damage|p1a: Gurdurr|0 fnt
|faint|p1a: Gurdurr
|
|upkeep
|choice|switch 4|
|
|switch|p1a: Hitmontop|Hitmontop, M|241\/241
|turn|22
|choice|move bulletpunch|move hydropump
|
|move|p1a: Hitmontop|Bullet Punch|p2a: Jellicent
|-resisted|p2a: Jellicent
|-damage|p2a: Jellicent|0 fnt
|faint|p2a: Jellicent
|
|upkeep
|choice||switch 6
|
|switch|p2a: Drifblim|Drifblim, F|441\/441
|turn|23
|choice|move bulletpunch|move trick
|
|move|p1a: Hitmontop|Bullet Punch|p2a: Drifblim
|-damage|p2a: Drifblim|350\/441
|move|p2a: Drifblim|Trick|p1a: Hitmontop
|-activate|p2a: Drifblim|move: Trick|[of] p1a: Hitmontop
|-item|p1a: Hitmontop|Choice Scarf|[from] move: Trick
|-item|p2a: Drifblim|Sitrus Berry|[from] move: Trick
|
|upkeep
|turn|24
|choice|move bulletpunch|move thunderbolt
|
|move|p1a: Hitmontop|Bullet Punch|p2a: Drifblim
|-damage|p2a: Drifblim|260\/441
|move|p2a: Drifblim|Thunderbolt|p1a: Hitmontop
|-damage|p1a: Hitmontop|168\/241
|
|upkeep
|turn|25
|choice|move bulletpunch|move clearsmog
|
|move|p1a: Hitmontop|Bullet Punch|p2a: Drifblim
|-damage|p2a: Drifblim|159\/441
|-enditem|p2a: Drifblim|Sitrus Berry|[eat]
|-heal|p2a: Drifblim|269\/441|[from] item: Sitrus Berry
|move|p2a: Drifblim|Clear Smog|p1a: Hitmontop
|-damage|p1a: Hitmontop|125\/241
|-clearboost|p1a: Hitmontop
|
|upkeep
|turn|26
|choice|move bulletpunch|move thunderbolt
|
|move|p1a: Hitmontop|Bullet Punch|p2a: Drifblim
|-damage|p2a: Drifblim|173\/441
|move|p2a: Drifblim|Thunderbolt|p1a: Hitmontop
|-damage|p1a: Hitmontop|46\/241
|
|upkeep
|turn|27
|choice|move bulletpunch|move thunderbolt
|
|move|p1a: Hitmontop|Bullet Punch|p2a: Drifblim
|-damage|p2a: Drifblim|82\/441
|move|p2a: Drifblim|Thunderbolt|p1a: Hitmontop
|-damage|p1a: Hitmontop|0 fnt
|faint|p1a: Hitmontop
|
|win|Krooknotch
|player|p1
|player|p2
|raw|Nmr 1's rating: 1123 &rarr; <strong>1096<\/strong><br \/>(-27 for losing)
|raw|Krooknotch's rating: 1090 &rarr; <strong>1119<\/strong><br \/>(+29 for winning)
|c|★Krooknotch|Gg</script>
</div>
<div class="battle-log battle-log-inline"><div class="inner"><div class="battle-options"></div><div class="inner"><div class="chat"><small>Nmr 1 joined.</small></div><div class="chat"><small>Krooknotch joined.</small></div><div class=""><small>Format:</small> <br><strong>UU</strong></div><div class="rated"><strong>Rated battle</strong></div><div class=""><small><em>Sleep Clause Mod:</em> Limit one foe put to sleep</small></div><div class=""><small><em>Species Clause:</em> Limit one of each Pokémon</small></div><div class=""><small><em>OHKO Clause:</em> OHKO moves are banned</small></div><div class=""><small><em>Moody Clause:</em> Moody is banned</small></div><div class=""><small><em>Evasion Moves Clause:</em> Evasion moves are banned</small></div><div class=""><small><em>Endless Battle Clause:</em> Forcing endless battles is banned</small></div><div class=""><small><em>HP Percentage Mod:</em> HP is shown in percentages</small></div><div class=""><small><em>Swagger Clause:</em> Swagger is banned</small></div><div class=""><small><em>Baton Pass Clause:</em> Limit one Baton Passer, can't pass Spe and other stats simultaneously</small></div><div class="chat battle-history"><strong>Nmr 1's team:</strong> <em style="color:#445566;display:block;">Machamp / Combusken / Hariyama / Infernape / Gurdurr / Hitmontop</em></div><div class="chat battle-history"><strong>Krooknotch's team:</strong> <em style="color:#445566;display:block;">Jellicent / Chandelure / Haunter / Shedinja / Banette / Drifblim</em></div><div class="spacer battle-history"><br></div><div class="battle-history">Battle started between Nmr 1 and Krooknotch!<br></div><div class="spacer battle-history"><br></div><div class="battle-history">Go! <strong>Hariyama</strong>!<br></div><div class="spacer battle-history"><br></div><div class="battle-history">Krooknotch sent out <strong>Banette</strong>!<br></div><div class="spacer battle-history"><br></div><h2 class="battle-history">Turn 1</h2><div class="spacer battle-history"><br></div><div class="battle-history"><small>The opposing Banette's Banettite is reacting to Krooknotch's Mega Bracelet!</small><br>The opposing Banette has Mega Evolved into Mega Banette!<br></div><div class="spacer battle-history"><br></div><div class="battle-history">The opposing Banette used <strong>Disable</strong>!<br></div><div class="battle-history"><small>But it failed!</small><br></div><div class="spacer battle-history"><br></div><div class="battle-history">Hariyama used <strong>Knock Off</strong>!<br></div><div class="battle-history"><small>It's super effective!</small><br></div><div class="battle-history"><small>(The opposing Banette lost <abbr title="−176/332">53.0%</abbr> of its health!)</small><br></div><div class="spacer battle-history"><br></div><h2 class="battle-history">Turn 2</h2><div class="spacer battle-history"><br></div><div class="battle-history">Hariyama, come back!<br></div><div class="battle-history">Go! <strong>Combusken</strong>!<br></div><div class="spacer battle-history"><br></div><div class="battle-history">The opposing Banette used <strong>Disable</strong>!<br></div><div class="battle-history"><small>But it failed!</small><br></div><div class="spacer battle-history"><br></div><h2 class="battle-history">Turn 3</h2><div class="spacer battle-history"><br></div><div class="battle-history">Krooknotch withdrew Banette!<br></div><div class="battle-history">Krooknotch sent out <strong>Chandelure</strong>!<br></div><div class="spacer battle-history"><br></div><div class="battle-history">Combusken used <strong>Bulk Up</strong>!<br></div><div class="battle-history"><small>Combusken's Attack rose!</small><br></div><div class="battle-history"><small>Combusken's Defense rose!</small><br></div><div class="spacer battle-history"><br></div><div class="battle-history"><small>[Combusken's Speed Boost]</small><br></div><div class="battle-history"><small>Combusken's Speed rose!</small><br></div><div class="spacer battle-history"><br></div><h2 class="battle-history">Turn 4</h2><div class="spacer battle-history"><br></div><div class="battle-history">Combusken used <strong>Poison Jab</strong>!<br></div><div class="battle-history"><small>It's not very effective...</small><br></div><div class="battle-history"><small>(The opposing Chandelure lost <abbr title="−59/261">22.6%</abbr> of its health!)</small><br></div><div class="spacer battle-history"><br></div><div class="battle-history">The opposing Chandelure used <strong>Hex</strong>!<br></div><div class="battle-history"><small>(Combusken lost <abbr title="−147/261">56.3%</abbr> of its health!)</small><br></div><div class="spacer battle-history"><br></div><div class="battle-history"><small>The opposing Chandelure restored a little HP using its Leftovers!</small><br></div><div class="battle-history"><small>[Combusken's Speed Boost]</small><br></div><div class="battle-history"><small>Combusken's Speed rose!</small><br></div><div class="spacer battle-history"><br></div><h2 class="battle-history">Turn 5</h2><div class="spacer battle-history"><br></div><div class="battle-history">Combusken used <strong>Bulk Up</strong>!<br></div><div class="battle-history"><small>Combusken's Attack rose!</small><br></div><div class="battle-history"><small>Combusken's Defense rose!</small><br></div><div class="spacer battle-history"><br></div><div class="battle-history">The opposing Chandelure used <strong>Hex</strong>!<br></div><div class="battle-history"><small>(Combusken lost <abbr title="−114/261">43.7%</abbr> of its health!)</small><br></div><div class="spacer battle-history"><br></div><div class="battle-history">Combusken fainted!<br></div><div class="spacer battle-history"><br></div><div class="battle-history"><small>The opposing Chandelure restored a little HP using its Leftovers!</small><br></div><div class="spacer battle-history"><br></div><div class="battle-history">Go! <strong>Gurdurr</strong>!<br></div><div class="spacer battle-history"><br></div><h2 class="battle-history">Turn 6</h2><div class="spacer battle-history"><br></div><div class="battle-history">The opposing Chandelure used <strong>Will-O-Wisp</strong>!<br></div><div class="battle-history"><small>Gurdurr avoided the attack!</small><br></div><div class="spacer battle-history"><br></div><div class="battle-history">Gurdurr used <strong>Bulk Up</strong>!<br></div><div class="battle-history"><small>Gurdurr's Attack rose!</small><br></div><div class="battle-history"><small>Gurdurr's Defense rose!</small><br></div><div class="spacer battle-history"><br></div><div class="battle-history"><small>The opposing Chandelure restored a little HP using its Leftovers!</small><br></div><div class="spacer battle-history"><br></div><h2 class="battle-history">Turn 7</h2><div class="spacer battle-history"><br></div><div class="battle-history">The opposing Chandelure used <strong>Will-O-Wisp</strong>!<br></div><div class="battle-history"><small>Gurdurr was burned!</small><br></div><div class="spacer battle-history"><br></div><div class="battle-history">Gurdurr used <strong>Knock Off</strong>!<br></div><div class="battle-history"><small>It's super effective!</small><br></div><div class="battle-history"><small>(The opposing Chandelure lost <abbr title="−250/261">95.8%</abbr> of its health!)</small><br></div><div class="battle-history"><small>Gurdurr knocked off the opposing Chandelure's Leftovers!</small><br></div><div class="spacer battle-history"><br></div><div class="battle-history">The opposing Chandelure fainted!<br></div><div class="spacer battle-history"><br></div><div class="battle-history"><small>Gurdurr was hurt by its burn!</small><br></div><div class="spacer battle-history"><br></div><div class="battle-history">Krooknotch sent out Banette (<strong>Banette-Mega</strong>)!<br></div><div class="spacer battle-history"><br></div><h2 class="battle-history">Turn 8</h2><div class="spacer battle-history"><br></div><div class="battle-history">Gurdurr, come back!<br></div><div class="battle-history">Go! <strong>Hitmontop</strong>!<br></div><div class="spacer battle-history"><br></div><div class="battle-history">The opposing Banette used <strong>Disable</strong>!<br></div><div class="battle-history"><small>But it failed!</small><br></div><div class="spacer battle-history"><br></div><h2 class="battle-history">Turn 9</h2><div class="spacer battle-history"><br></div><div class="battle-history">The opposing Banette used <strong>Magic Coat</strong>!<br></div><div class="battle-history"><small>The opposing Banette shrouded itself with Magic Coat!</small><br></div><div class="spacer battle-history"><br></div><div class="battle-history">Hitmontop used <strong>Bullet Punch</strong>!<br></div><div class="battle-history"><small>(The opposing Banette lost <abbr title="−61/332">18.4%</abbr> of its health!)</small><br></div><div class="spacer battle-history"><br></div><h2 class="battle-history">Turn 10</h2><div class="spacer battle-history"><br></div><div class="battle-history">Krooknotch withdrew Banette!<br></div><div class="battle-history">Krooknotch sent out <strong>Shedinja</strong>!<br></div><div class="spacer battle-history"><br></div><div class="battle-history">Hitmontop used <strong>Bullet Punch</strong>!<br></div><div class="battle-history"><small>[The opposing Shedinja's Wonder Guard]</small><br><small>It doesn't affect the opposing Shedinja...</small><br></div><div class="spacer battle-history"><br></div><h2 class="battle-history">Turn 11</h2><div class="spacer battle-history"><br></div><div class="battle-history">Hitmontop, come back!<br></div><div class="battle-history">Go! <strong>Infernape</strong>!<br></div><div class="spacer battle-history"><br></div><div class="battle-history">The opposing Shedinja used <strong>Swords Dance</strong>!<br></div><div class="battle-history"><small>The opposing Shedinja's Attack rose sharply!</small><br></div><div class="spacer battle-history"><br></div><h2 class="battle-history">Turn 12</h2><div class="spacer battle-history"><br></div><div class="battle-history">Infernape used <strong>Overheat</strong>!<br></div><div class="battle-history"><small>It's super effective!</small><br></div><div class="battle-history"><small>The opposing Shedinja hung on using its Focus Sash!</small><br></div><div class="battle-history"><small>(The opposing Shedinja lost <abbr title="0/1">0%</abbr> of its health!)</small><br></div><div class="battle-history"><small>Infernape's Special Attack fell harshly!</small><br></div><div class="battle-history"><small>Infernape lost some of its HP!</small><br></div><div class="spacer battle-history"><br></div><div class="battle-history">The opposing Shedinja used <strong>Return</strong>!<br></div><div class="battle-history"><small>A critical hit!</small><br></div><div class="battle-history"><small>(Infernape lost <abbr title="−264/293">90.1%</abbr> of its health!)</small><br></div><div class="spacer battle-history"><br></div><div class="battle-history">Infernape fainted!<br></div><div class="spacer battle-history"><br></div><div class="battle-history">Go! <strong>Machamp</strong>!<br></div><div class="spacer battle-history"><br></div><h2 class="battle-history">Turn 13</h2><div class="spacer battle-history"><br></div><div class="battle-history">The opposing Shedinja used <strong>Shadow Sneak</strong>!<br></div><div class="battle-history"><small>(Machamp lost <abbr title="−102/321">31.8%</abbr> of its health!)</small><br></div><div class="spacer battle-history"><br></div><div class="battle-history">Machamp used <strong>Stone Edge</strong>!<br></div><div class="battle-history"><small>It's super effective!</small><br></div><div class="battle-history"><small>(The opposing Shedinja lost <abbr title="−1/1">100%</abbr> of its health!)</small><br></div><div class="spacer battle-history"><br></div><div class="battle-history">The opposing Shedinja fainted!<br></div><div class="spacer battle-history"><br></div><div class="battle-history">Krooknotch sent out <strong>Haunter</strong>!<br></div><div class="spacer battle-history"><br></div><h2 class="battle-history">Turn 14</h2><div class="spacer battle-history"><br></div><div class="battle-history">The opposing Haunter used <strong>Psychic</strong>!<br></div><div class="battle-history"><small>It's super effective!</small><br></div><div class="battle-history"><small>(Machamp lost <abbr title="−112/321">34.9%</abbr> of its health!)</small><br></div><div class="spacer battle-history"><br></div><div class="battle-history">Machamp used <strong>Stone Edge</strong>!<br></div><div class="battle-history"><small>(The opposing Haunter lost <abbr title="−183/231">79.2%</abbr> of its health!)</small><br></div><div class="spacer battle-history"><br></div><h2 class="battle-history">Turn 15</h2><div class="spacer battle-history"><br></div><div class="battle-history">The opposing Haunter used <strong>Psychic</strong>!<br></div><div class="battle-history"><small>It's super effective!</small><br></div><div class="battle-history"><small>(Machamp lost <abbr title="−107/321">33.3%</abbr> of its health!)</small><br></div><div class="spacer battle-history"><br></div><div class="battle-history">Machamp fainted!<br></div><div class="spacer battle-history"><br></div><div class="battle-history">Go! <strong>Hariyama</strong>!<br></div><div class="spacer battle-history"><br></div><h2 class="battle-history">Turn 16</h2><div class="spacer battle-history"><br></div><div class="battle-history">The opposing Haunter used <strong>Psychic</strong>!<br></div><div class="battle-history"><small>It's super effective!</small><br></div><div class="battle-history"><small>(Hariyama lost <abbr title="−148/429">34.5%</abbr> of its health!)</small><br></div><div class="spacer battle-history"><br></div><div class="battle-history">Hariyama used <strong>Knock Off</strong>!<br></div><div class="battle-history"><small>It's super effective!</small><br></div><div class="battle-history"><small>(The opposing Haunter lost <abbr title="−48/231">20.8%</abbr> of its health!)</small><br></div><div class="battle-history"><small>Hariyama knocked off the opposing Haunter's Focus Sash!</small><br></div><div class="spacer battle-history"><br></div><div class="battle-history">The opposing Haunter fainted!<br></div><div class="spacer battle-history"><br></div><div class="battle-history">Krooknotch sent out Banette (<strong>Banette-Mega</strong>)!<br></div><div class="spacer battle-history"><br></div><h2 class="battle-history">Turn 17</h2><div class="spacer battle-history"><br></div><div class="battle-history">The opposing Banette used <strong>Shadow Sneak</strong>!<br></div><div class="battle-history"><small>(Hariyama lost <abbr title="−94/429">21.9%</abbr> of its health!)</small><br></div><div class="spacer battle-history"><br></div><div class="battle-history">Hariyama used <strong>Knock Off</strong>!<br></div><div class="battle-history"><small>It's super effective!</small><br></div><div class="battle-history"><small>(The opposing Banette lost <abbr title="−95/332">28.6%</abbr> of its health!)</small><br></div><div class="spacer battle-history"><br></div><div class="battle-history">The opposing Banette fainted!<br></div><div class="spacer battle-history"><br></div><div class="battle-history">Krooknotch sent out <strong>Jellicent</strong>!<br></div><div class="spacer battle-history"><br></div><h2 class="battle-history">Turn 18</h2><div class="spacer battle-history"><br></div><div class="battle-history">The opposing Jellicent used <strong>Ice Beam</strong>!<br></div><div class="battle-history"><small>(Hariyama lost <abbr title="−65/429">15.2%</abbr> of its health!)</small><br></div><div class="spacer battle-history"><br></div><div class="battle-history">Hariyama used <strong>Knock Off</strong>!<br></div><div class="battle-history"><small>It's super effective!</small><br></div><div class="battle-history"><small>(The opposing Jellicent lost <abbr title="−292/404">72.3%</abbr> of its health!)</small><br></div><div class="battle-history"><small>(The opposing Jellicent used its Weakness Policy!)</small><br></div><div class="battle-history"><small>The opposing Jellicent's Attack rose sharply!</small><br></div><div class="battle-history"><small>The opposing Jellicent's Special Attack rose sharply!</small><br></div><div class="spacer battle-history"><br></div><h2 class="battle-history">Turn 19</h2><div class="spacer battle-history"><br></div><div class="battle-history">The opposing Jellicent used <strong>Hydro Pump</strong>!<br></div><div class="battle-history"><small>(Hariyama lost <abbr title="−122/429">28.4%</abbr> of its health!)</small><br></div><div class="spacer battle-history"><br></div><div class="battle-history">Hariyama fainted!<br></div><div class="spacer battle-history"><br></div><div class="battle-history">Go! <strong>Gurdurr</strong>!<br></div><div class="spacer battle-history"><br></div><h2 class="battle-history">Turn 20</h2><div class="spacer battle-history"><br></div><div class="battle-history">The opposing Jellicent used <strong>Recover</strong>!<br></div><div class="battle-history"><small>The opposing Jellicent restored its HP.</small><br></div><div class="spacer battle-history"><br></div><div class="battle-history">Gurdurr used <strong>Knock Off</strong>!<br></div><div class="battle-history"><small>It's super effective!</small><br></div><div class="battle-history"><small>(The opposing Jellicent lost <abbr title="−284/404">70.3%</abbr> of its health!)</small><br></div><div class="spacer battle-history"><br></div><div class="battle-history"><small>Gurdurr was hurt by its burn!</small><br></div><div class="spacer battle-history"><br></div><h2 class="battle-history">Turn 21</h2><div class="spacer battle-history"><br></div><div class="battle-history">The opposing Jellicent used <strong>Hydro Pump</strong>!<br></div><div class="battle-history"><small>(Gurdurr lost <abbr title="−234/312">75%</abbr> of its health!)</small><br></div><div class="spacer battle-history"><br></div><div class="battle-history">Gurdurr fainted!<br></div><div class="spacer battle-history"><br></div><div class="battle-history">Go! <strong>Hitmontop</strong>!<br></div><div class="spacer battle-history"><br></div><h2 class="battle-history">Turn 22</h2><div class="spacer battle-history"><br></div><div class="battle-history">Hitmontop used <strong>Bullet Punch</strong>!<br></div><div class="battle-history"><small>It's not very effective...</small><br></div><div class="battle-history"><small>(The opposing Jellicent lost <abbr title="−30/404">7.4%</abbr> of its health!)</small><br></div><div class="spacer battle-history"><br></div><div class="battle-history">The opposing Jellicent fainted!<br></div><div class="spacer battle-history"><br></div><div class="battle-history">Krooknotch sent out <strong>Drifblim</strong>!<br></div><div class="spacer battle-history"><br></div><h2 class="battle-history">Turn 23</h2><div class="spacer battle-history"><br></div><div class="battle-history">Hitmontop used <strong>Bullet Punch</strong>!<br></div><div class="battle-history"><small>(The opposing Drifblim lost <abbr title="−91/441">20.6%</abbr> of its health!)</small><br></div><div class="spacer battle-history"><br></div><div class="battle-history">The opposing Drifblim used <strong>Trick</strong>!<br></div><div class="battle-history"><small>The opposing Drifblim switched items with its target!</small><br></div><div class="battle-history"><small>Hitmontop obtained one Choice Scarf.</small><br></div><div class="battle-history"><small>The opposing Drifblim obtained one Sitrus Berry.</small><br></div><div class="spacer battle-history"><br></div><h2 class="battle-history">Turn 24</h2><div class="spacer battle-history"><br></div><div class="battle-history">Hitmontop used <strong>Bullet Punch</strong>!<br></div><div class="battle-history"><small>(The opposing Drifblim lost <abbr title="−90/441">20.4%</abbr> of its health!)</small><br></div><div class="spacer battle-history"><br></div><div class="battle-history">The opposing Drifblim used <strong>Thunderbolt</strong>!<br></div><div class="battle-history"><small>(Hitmontop lost <abbr title="−73/241">30.3%</abbr> of its health!)</small><br></div><div class="spacer battle-history"><br></div><h2 class="battle-history">Turn 25</h2><div class="spacer battle-history"><br></div><div class="battle-history">Hitmontop used <strong>Bullet Punch</strong>!<br></div><div class="battle-history"><small>(The opposing Drifblim lost <abbr title="−101/441">22.9%</abbr> of its health!)</small><br></div><div class="battle-history"><small>The opposing Drifblim ate its Sitrus Berry!</small><br></div><div class="battle-history"><small>The opposing Drifblim restored HP using its Sitrus Berry!</small><br></div><div class="spacer battle-history"><br></div><div class="battle-history">The opposing Drifblim used <strong>Clear Smog</strong>!<br></div><div class="battle-history"><small>(Hitmontop lost <abbr title="−43/241">17.8%</abbr> of its health!)</small><br></div><div class="battle-history"><small>Hitmontop's stat changes were removed!</small><br></div><div class="spacer battle-history"><br></div><h2 class="battle-history">Turn 26</h2><div class="spacer battle-history"><br></div><div class="battle-history">Hitmontop used <strong>Bullet Punch</strong>!<br></div><div class="battle-history"><small>(The opposing Drifblim lost <abbr title="−96/441">21.8%</abbr> of its health!)</small><br></div><div class="spacer battle-history"><br></div><div class="battle-history">The opposing Drifblim used <strong>Thunderbolt</strong>!<br></div><div class="battle-history"><small>(Hitmontop lost <abbr title="−79/241">32.8%</abbr> of its health!)</small><br></div><div class="spacer battle-history"><br></div><h2 class="battle-history">Turn 27</h2><div class="spacer battle-history"><br></div><div class="battle-history">Hitmontop used <strong>Bullet Punch</strong>!<br></div><div class="battle-history"><small>(The opposing Drifblim lost <abbr title="−91/441">20.6%</abbr> of its health!)</small><br></div><div class="spacer battle-history"><br></div><div class="battle-history">The opposing Drifblim used <strong>Thunderbolt</strong>!<br></div><div class="battle-history"><small>(Hitmontop lost <abbr title="−46/241">19.1%</abbr> of its health!)</small><br></div><div class="spacer battle-history"><br></div><div class="battle-history">Hitmontop fainted!<br></div><div class="spacer battle-history"><br></div><div class="battle-history"><strong>Krooknotch</strong> won the battle!<br></div><div class="chat">Nmr 1's rating: 1123 → <strong>1096</strong><br>(-27 for losing)</div><div class="chat">Krooknotch's rating: 1090 → <strong>1119</strong><br>(+29 for winning)</div><div class="chat chatmessage-krooknotch"><strong style="color:hsl(183,76%,40.920871171268274%)"><small>★</small><span class="username" data-name="Krooknotch">Krooknotch</span>:</strong> <em>Gg</em></div></div><div class="inner-preempt"></div></div></div>
</div>
<script>
let daily = Math.floor(Date.now()/1000/60/60/24);document.write('<script src="https://play.pokemonshowdown.com/js/replay-embed.js?version'+daily+'"></'+'script>');
</script>
