<!DOCTYPE html>
<meta charset="utf-8" />
<!-- version 1 -->
<title>UU replay: myth1357 vs. Parnstar</title>
<style>
html,body {font-family:Verdana, sans-serif;font-size:10pt;margin:0;padding:0;}body{padding:12px 0;} .battle-log {font-family:Verdana, sans-serif;font-size:10pt;} .battle-log-inline {border:1px solid #AAAAAA;background:#EEF2F5;color:black;max-width:640px;margin:0 auto 80px;padding-bottom:5px;} .battle-log .inner {padding:4px 8px 0px 8px;} .battle-log .inner-preempt {padding:0 8px 4px 8px;} .battle-log .inner-after {margin-top:0.5em;} .battle-log h2 {margin:0.5em -8px;padding:4px 8px;border:1px solid #AAAAAA;background:#E0E7EA;border-left:0;border-right:0;font-family:Verdana, sans-serif;font-size:13pt;} .battle-log .chat {vertical-align:middle;padding:3px 0 3px 0;font-size:8pt;} .battle-log .chat strong {color:#40576A;} .battle-log .chat em {padding:1px 4px 1px 3px;color:#000000;font-style:normal;} .chat.mine {background:rgba(0,0,0,0.05);margin-left:-8px;margin-right:-8px;padding-left:8px;padding-right:8px;} .spoiler {color:#BBBBBB;background:#BBBBBB;padding:0px 3px;} .spoiler:hover, .spoiler:active, .spoiler-shown {color:#000000;background:#E2E2E2;padding:0px 3px;} .spoiler a {color:#BBBBBB;} .spoiler:hover a, .spoiler:active a, .spoiler-shown a {color:#2288CC;} .chat code, .chat .spoiler:hover code, .chat .spoiler:active code, .chat .spoiler-shown code {border:1px solid #C0C0C0;background:#EEEEEE;color:black;padding:0 2px;} .chat .spoiler code {border:1px solid #CCCCCC;background:#CCCCCC;color:#CCCCCC;} .battle-log .rated {padding:3px 4px;} .battle-log .rated strong {color:white;background:#89A;padding:1px 4px;border-radius:4px;} .spacer {margin-top:0.5em;} .message-announce {background:#6688AA;color:white;padding:1px 4px 2px;} .message-announce a, .broadcast-green a, .broadcast-blue a, .broadcast-red a {color:#DDEEFF;} .broadcast-green {background-color:#559955;color:white;padding:2px 4px;} .broadcast-blue {background-color:#6688AA;color:white;padding:2px 4px;} .infobox {border:1px solid #6688AA;padding:2px 4px;} .infobox-limited {max-height:200px;overflow:auto;overflow-x:hidden;} .broadcast-red {background-color:#AA5544;color:white;padding:2px 4px;} .message-learn-canlearn {font-weight:bold;color:#228822;text-decoration:underline;} .message-learn-cannotlearn {font-weight:bold;color:#CC2222;text-decoration:underline;} .message-effect-weak {font-weight:bold;color:#CC2222;} .message-effect-resist {font-weight:bold;color:#6688AA;} .message-effect-immune {font-weight:bold;color:#666666;} .message-learn-list {margin-top:0;margin-bottom:0;} .message-throttle-notice, .message-error {color:#992222;} .message-overflow, .chat small.message-overflow {font-size:0pt;} .message-overflow::before {font-size:9pt;content:'...';} .subtle {color:#3A4A66;}
</style>
<div class="wrapper replay-wrapper" style="max-width:1180px;margin:0 auto">
<input type="hidden" name="replayid" value="uu-565061717" />
<div class="battle"></div><div class="battle-log"></div><div class="replay-controls"></div><div class="replay-controls-2"></div>
<h1 style="font-weight:normal;text-align:center"><strong>UU</strong><br /><a href="http://pokemonshowdown.com/users/myth1357" class="subtle" target="_blank">myth1357</a> vs. <a href="http://pokemonshowdown.com/users/parnstar" class="subtle" target="_blank">Parnstar</a></h1>
<script type="text/plain" class="battle-log-data">|j|myth1357
|j|Parnstar
|player|p1|myth1357|265
|player|p2|Parnstar|170
|gametype|singles
|gen|6
|tier|UU
|rated
|seed|25002,57111,41538,34890
|rule|Sleep Clause Mod: Limit one foe put to sleep
|rule|Species Clause: Limit one of each Pokémon
|rule|OHKO Clause: OHKO moves are banned
|rule|Moody Clause: Moody is banned
|rule|Evasion Moves Clause: Evasion moves are banned
|rule|Endless Battle Clause: Forcing endless battles is banned
|rule|HP Percentage Mod: HP is shown in percentages
|clearpoke
|poke|p1|Aggron, M|item
|poke|p1|Tentacruel, F|item
|poke|p1|Whimsicott, F|item
|poke|p1|Crobat, M|item
|poke|p1|Swoobat, F, shiny|item
|poke|p1|Kyurem|item
|poke|p2|Crawdaunt, F|item
|poke|p2|Whimsicott, F|item
|poke|p2|Mamoswine, M|item
|poke|p2|Heliolisk, M|item
|poke|p2|Donphan, M|item
|poke|p2|Toxicroak, M|item
|rule|Swagger Clause: Swagger is banned
|rule|Baton Pass Clause: Limit one Baton Passer, can't pass Spe and other stats simultaneously
|teampreview
|choice|team 2, team 1, team 3, team 4, team 5, team 6|team 1, team 2, team 3, team 4, team 5, team 6
|
|start
|switch|p1a: Tentacruel|Tentacruel, F|361\/361
|switch|p2a: Crawdaunt|Crawdaunt, F|267\/267
|turn|1
|choice|move toxicspikes|move dragondance
|
|move|p1a: Tentacruel|Toxic Spikes|p2a: Crawdaunt
|-sidestart|p2: Parnstar|move: Toxic Spikes
|move|p2a: Crawdaunt|Dragon Dance|p2a: Crawdaunt
|-boost|p2a: Crawdaunt|atk|1
|-boost|p2a: Crawdaunt|spe|1
|
|upkeep
|turn|2
|choice|switch 4|move dragondance
|
|switch|p1a: Crobat|Crobat, M|374\/374
|move|p2a: Crawdaunt|Dragon Dance|p2a: Crawdaunt
|-boost|p2a: Crawdaunt|atk|1
|-boost|p2a: Crawdaunt|spe|1
|
|upkeep
|turn|3
|choice|move whirlwind|move knockoff
|
|move|p2a: Crawdaunt|Knock Off|p1a: Crobat
|-damage|p1a: Crobat|0 fnt
|-enditem|p1a: Crobat|Black Sludge|[from] move: Knock Off|[of] p2a: Crawdaunt
|faint|p1a: Crobat
|
|upkeep
|choice|switch 2|
|
|switch|p1a: Aggron|Aggron, M|344\/344
|turn|4
|choice|move dragontail mega|move waterfall
|
|detailschange|p1a: Aggron|Aggron-Mega, M
|-mega|p1a: Aggron|Aggron|Aggronite
|move|p2a: Crawdaunt|Waterfall|p1a: Aggron
|-damage|p1a: Aggron|172\/344
|move|p1a: Aggron|Dragon Tail|p2a: Crawdaunt
|-damage|p2a: Crawdaunt|196\/267
|drag|p2a: Mamoswine|Mamoswine, M|361\/361
|-status|p2a: Mamoswine|psn
|
|-damage|p2a: Mamoswine|316\/361 psn|[from] psn
|upkeep
|turn|5
|choice|switch 3|move earthquake
|
|switch|p1a: Whimsicott|Whimsicott, F|324\/324
|move|p2a: Mamoswine|Earthquake|p1a: Whimsicott
|-resisted|p1a: Whimsicott
|-damage|p1a: Whimsicott|218\/324
|
|-heal|p1a: Whimsicott|238\/324|[from] item: Leftovers
|-damage|p2a: Mamoswine|271\/361 psn|[from] psn
|upkeep
|turn|6
|choice|move substitute|move iceshard
|
|move|p1a: Whimsicott|Substitute|p1a: Whimsicott
|-start|p1a: Whimsicott|Substitute
|-damage|p1a: Whimsicott|157\/324
|move|p2a: Mamoswine|Ice Shard|p1a: Whimsicott
|-supereffective|p1a: Whimsicott
|-end|p1a: Whimsicott|Substitute
|
|-heal|p1a: Whimsicott|177\/324|[from] item: Leftovers
|-damage|p2a: Mamoswine|226\/361 psn|[from] psn
|upkeep
|turn|7
|choice|move protect|switch 4
|
|switch|p2a: Heliolisk|Heliolisk, M|265\/265
|-item|p2a: Heliolisk|Air Balloon
|move|p1a: Whimsicott|Protect|p1a: Whimsicott
|-fail|p1a: Whimsicott
|
|-heal|p1a: Whimsicott|197\/324|[from] item: Leftovers
|upkeep
|turn|8
|choice|move leechseed|move hypervoice
|
|move|p1a: Whimsicott|Leech Seed|p2a: Heliolisk
|-start|p2a: Heliolisk|move: Leech Seed
|move|p2a: Heliolisk|Hyper Voice|p1a: Whimsicott
|-damage|p1a: Whimsicott|70\/324
|
|-heal|p1a: Whimsicott|90\/324|[from] item: Leftovers
|-damage|p2a: Heliolisk|232\/265|[from] Leech Seed|[of] p1a: Whimsicott
|-heal|p1a: Whimsicott|123\/324|[silent]
|upkeep
|turn|9
|choice|move substitute|move hypervoice
|
|move|p1a: Whimsicott|Substitute|p1a: Whimsicott
|-start|p1a: Whimsicott|Substitute
|-damage|p1a: Whimsicott|42\/324
|move|p2a: Heliolisk|Hyper Voice|p1a: Whimsicott
|-damage|p1a: Whimsicott|0 fnt
|faint|p1a: Whimsicott
|
|upkeep
|choice|switch 5|
|
|switch|p1a: Swoobat|Swoobat, F, shiny|275\/275
|turn|10
|choice|move attract|move voltswitch
|
|move|p1a: Swoobat|Attract|p2a: Heliolisk
|-start|p2a: Heliolisk|Attract
|-activate|p2a: Heliolisk|move: Attract|[of] p1a: Swoobat
|move|p2a: Heliolisk|Volt Switch|p1a: Swoobat
|-supereffective|p1a: Swoobat
|-enditem|p1a: Swoobat|Focus Sash
|-damage|p1a: Swoobat|1\/275
|choice||switch 5
|
|switch|p2a: Donphan|Donphan, M|351\/351
|-status|p2a: Donphan|psn
|
|-damage|p2a: Donphan|308\/351 psn|[from] psn
|upkeep
|turn|11
|choice|move endeavor|move rapidspin
|
|move|p1a: Swoobat|Endeavor|p2a: Donphan
|-damage|p2a: Donphan|1\/351 psn
|move|p2a: Donphan|Rapid Spin|p1a: Swoobat
|-damage|p1a: Swoobat|0 fnt
|-sideend|p2: Parnstar|Toxic Spikes|[from] move: Rapid Spin|[of] p2a: Donphan
|faint|p1a: Swoobat
|
|-damage|p2a: Donphan|0 fnt|[from] psn
|upkeep
|faint|p2a: Donphan
|choice|switch 3|switch 4
|
|switch|p2a: Mamoswine|Mamoswine, M|226\/361 psn
|switch|p1a: Aggron|Aggron-Mega, M|172\/344
|turn|12
|choice|move earthquake|move earthquake
|
|move|p2a: Mamoswine|Earthquake|p1a: Aggron
|-supereffective|p1a: Aggron
|-damage|p1a: Aggron|55\/344
|move|p1a: Aggron|Earthquake|p2a: Mamoswine
|-damage|p2a: Mamoswine|105\/361 psn
|
|-damage|p2a: Mamoswine|60\/361 psn|[from] psn
|upkeep
|turn|13
|choice|move heavyslam|move earthquake
|
|move|p2a: Mamoswine|Earthquake|p1a: Aggron
|-supereffective|p1a: Aggron
|-damage|p1a: Aggron|0 fnt
|faint|p1a: Aggron
|
|-damage|p2a: Mamoswine|15\/361 psn|[from] psn
|upkeep
|choice|switch 4|
|
|switch|p1a: Tentacruel|Tentacruel, F|361\/361
|turn|14
|choice|move acidspray|move endeavor
|
|move|p2a: Mamoswine|Endeavor|p1a: Tentacruel
|-damage|p1a: Tentacruel|15\/361
|move|p1a: Tentacruel|Acid Spray|p2a: Mamoswine
|-resisted|p2a: Mamoswine
|-damage|p2a: Mamoswine|0 fnt
|faint|p2a: Mamoswine
|
|-heal|p1a: Tentacruel|37\/361|[from] item: Black Sludge
|upkeep
|choice||switch 3
|
|switch|p2a: Crawdaunt|Crawdaunt, F|196\/267
|turn|15
|choice|move toxicspikes|move dragondance
|
|move|p1a: Tentacruel|Toxic Spikes|p2a: Crawdaunt
|-sidestart|p2: Parnstar|move: Toxic Spikes
|move|p2a: Crawdaunt|Dragon Dance|p2a: Crawdaunt
|-boost|p2a: Crawdaunt|atk|1
|-boost|p2a: Crawdaunt|spe|1
|
|-heal|p1a: Tentacruel|59\/361|[from] item: Black Sludge
|upkeep
|turn|16
|choice|switch 6|move dragondance
|
|switch|p1a: Kyurem|Kyurem|391\/391
|-ability|p1a: Kyurem|Pressure
|move|p2a: Crawdaunt|Dragon Dance|p2a: Crawdaunt
|-boost|p2a: Crawdaunt|atk|1
|-boost|p2a: Crawdaunt|spe|1
|
|upkeep
|turn|17
|choice|move focusblast|move knockoff
|
|move|p2a: Crawdaunt|Knock Off|p1a: Kyurem
|-damage|p1a: Kyurem|0 fnt
|-enditem|p1a: Kyurem|Choice Specs|[from] move: Knock Off|[of] p2a: Crawdaunt
|faint|p1a: Kyurem
|
|upkeep
|choice|switch 6|
|
|switch|p1a: Tentacruel|Tentacruel, F|59\/361
|turn|18
|c|☆Parnstar|Gg
|choice|move acidspray|move waterfall
|
|move|p2a: Crawdaunt|Waterfall|p1a: Tentacruel
|-resisted|p1a: Tentacruel
|-damage|p1a: Tentacruel|0 fnt
|faint|p1a: Tentacruel
|
|win|Parnstar
|l|myth1357
|raw|myth1357's rating: 1096 &rarr; <strong>1089<\/strong><br \/>(-7 for losing)
|raw|Parnstar's rating: 1416 &rarr; <strong>1421<\/strong><br \/>(+5 for winning)</script>
</div>
<div class="battle-log battle-log-inline"><div class="inner"><div class="battle-options"></div><div class="inner"><div class="chat"><small>myth1357 joined.</small></div><div class="chat"><small>Parnstar joined.</small></div><div class=""><small>Format:</small> <br><strong>UU</strong></div><div class="rated"><strong>Rated battle</strong></div><div class=""><small><em>Sleep Clause Mod:</em> Limit one foe put to sleep</small></div><div class=""><small><em>Species Clause:</em> Limit one of each Pokémon</small></div><div class=""><small><em>OHKO Clause:</em> OHKO moves are banned</small></div><div class=""><small><em>Moody Clause:</em> Moody is banned</small></div><div class=""><small><em>Evasion Moves Clause:</em> Evasion moves are banned</small></div><div class=""><small><em>Endless Battle Clause:</em> Forcing endless battles is banned</small></div><div class=""><small><em>HP Percentage Mod:</em> HP is shown in percentages</small></div><div class=""><small><em>Swagger Clause:</em> Swagger is banned</small></div><div class=""><small><em>Baton Pass Clause:</em> Limit one Baton Passer, can't pass Spe and other stats simultaneously</small></div><div class="chat battle-history"><strong>myth1357's team:</strong> <em style="color:#445566;display:block;">Aggron / Tentacruel / Whimsicott / Crobat / Swoobat / Kyurem</em></div><div class="chat battle-history"><strong>Parnstar's team:</strong> <em style="color:#445566;display:block;">Crawdaunt / Whimsicott / Mamoswine / Heliolisk / Donphan / Toxicroak</em></div><div class="spacer battle-history"><br></div><div class="battle-history">Battle started between myth1357 and Parnstar!<br></div><div class="spacer battle-history"><br></div><div class="battle-history">Go! <strong>Tentacruel</strong>!<br></div><div class="spacer battle-history"><br></div><div class="battle-history">Parnstar sent out <strong>Crawdaunt</strong>!<br></div><div class="spacer battle-history"><br></div><h2 class="battle-history">Turn 1</h2><div class="spacer battle-history"><br></div><div class="battle-history">Tentacruel used <strong>Toxic Spikes</strong>!<br></div><div class="battle-history"><small>Poison spikes were scattered on the ground all around the opposing team!</small><br></div><div class="spacer battle-history"><br></div><div class="battle-history">The opposing Crawdaunt used <strong>Dragon Dance</strong>!<br></div><div class="battle-history"><small>The opposing Crawdaunt's Attack rose!</small><br></div><div class="battle-history"><small>The opposing Crawdaunt's Speed rose!</small><br></div><div class="spacer battle-history"><br></div><h2 class="battle-history">Turn 2</h2><div class="spacer battle-history"><br></div><div class="battle-history">Tentacruel, come back!<br></div><div class="battle-history">Go! <strong>Crobat</strong>!<br></div><div class="spacer battle-history"><br></div><div class="battle-history">The opposing Crawdaunt used <strong>Dragon Dance</strong>!<br></div><div class="battle-history"><small>The opposing Crawdaunt's Attack rose!</small><br></div><div class="battle-history"><small>The opposing Crawdaunt's Speed rose!</small><br></div><div class="spacer battle-history"><br></div><h2 class="battle-history">Turn 3</h2><div class="spacer battle-history"><br></div><div class="battle-history">The opposing Crawdaunt used <strong>Knock Off</strong>!<br></div><div class="battle-history"><small>(Crobat lost <abbr title="−374/374">100%</abbr> of its health!)</small><br></div><div class="battle-history"><small>The opposing Crawdaunt knocked off Crobat's Black Sludge!</small><br></div><div class="spacer battle-history"><br></div><div class="battle-history">Crobat fainted!<br></div><div class="spacer battle-history"><br></div><div class="battle-history">Go! <strong>Aggron</strong>!<br></div><div class="spacer battle-history"><br></div><h2 class="battle-history">Turn 4</h2><div class="spacer battle-history"><br></div><div class="battle-history"><small>Aggron's Aggronite is reacting to myth1357's Mega Bracelet!</small><br>Aggron has Mega Evolved into Mega Aggron!<br></div><div class="spacer battle-history"><br></div><div class="battle-history">The opposing Crawdaunt used <strong>Waterfall</strong>!<br></div><div class="battle-history"><small>(Aggron lost <abbr title="−172/344">50%</abbr> of its health!)</small><br></div><div class="spacer battle-history"><br></div><div class="battle-history">Aggron used <strong>Dragon Tail</strong>!<br></div><div class="battle-history"><small>(The opposing Crawdaunt lost <abbr title="−71/267">26.6%</abbr> of its health!)</small><br></div><div class="spacer battle-history"><br></div><div class="battle-history"><strong>Mamoswine</strong> was dragged out!<br></div><div class="battle-history"><small>The opposing Mamoswine was poisoned!</small><br></div><div class="spacer battle-history"><br></div><div class="battle-history"><small>The opposing Mamoswine was hurt by poison!</small><br></div><div class="spacer battle-history"><br></div><h2 class="battle-history">Turn 5</h2><div class="spacer battle-history"><br></div><div class="battle-history">Aggron, come back!<br></div><div class="battle-history">Go! <strong>Whimsicott</strong>!<br></div><div class="spacer battle-history"><br></div><div class="battle-history">The opposing Mamoswine used <strong>Earthquake</strong>!<br></div><div class="battle-history"><small>It's not very effective...</small><br></div><div class="battle-history"><small>(Whimsicott lost <abbr title="−106/324">32.7%</abbr> of its health!)</small><br></div><div class="spacer battle-history"><br></div><div class="battle-history"><small>Whimsicott restored a little HP using its Leftovers!</small><br></div><div class="battle-history"><small>The opposing Mamoswine was hurt by poison!</small><br></div><div class="spacer battle-history"><br></div><h2 class="battle-history">Turn 6</h2><div class="spacer battle-history"><br></div><div class="battle-history">Whimsicott used <strong>Substitute</strong>!<br></div><div class="battle-history"><small>Whimsicott put in a substitute!</small><br></div><div class="battle-history"><small>(Whimsicott lost <abbr title="−81/324">25%</abbr> of its health!)</small><br></div><div class="spacer battle-history"><br></div><div class="battle-history">The opposing Mamoswine used <strong>Ice Shard</strong>!<br></div><div class="battle-history"><small>It's super effective!</small><br></div><div class="battle-history"><small>Whimsicott's substitute faded!</small><br></div><div class="spacer battle-history"><br></div><div class="battle-history"><small>Whimsicott restored a little HP using its Leftovers!</small><br></div><div class="battle-history"><small>The opposing Mamoswine was hurt by poison!</small><br></div><div class="spacer battle-history"><br></div><h2 class="battle-history">Turn 7</h2><div class="spacer battle-history"><br></div><div class="battle-history">Parnstar withdrew Mamoswine!<br></div><div class="battle-history">Parnstar sent out <strong>Heliolisk</strong>!<br></div><div class="battle-history"><small>The opposing Heliolisk floats in the air with its Air Balloon!</small><br></div><div class="spacer battle-history"><br></div><div class="battle-history">Whimsicott used <strong>Protect</strong>!<br></div><div class="battle-history"><small>But it failed!</small><br></div><div class="spacer battle-history"><br></div><div class="battle-history"><small>Whimsicott restored a little HP using its Leftovers!</small><br></div><div class="spacer battle-history"><br></div><h2 class="battle-history">Turn 8</h2><div class="spacer battle-history"><br></div><div class="battle-history">Whimsicott used <strong>Leech Seed</strong>!<br></div><div class="battle-history"><small>The opposing Heliolisk was seeded!</small><br></div><div class="spacer battle-history"><br></div><div class="battle-history">The opposing Heliolisk used <strong>Hyper Voice</strong>!<br></div><div class="battle-history"><small>(Whimsicott lost <abbr title="−127/324">39.2%</abbr> of its health!)</small><br></div><div class="spacer battle-history"><br></div><div class="battle-history"><small>Whimsicott restored a little HP using its Leftovers!</small><br></div><div class="battle-history"><small>The opposing Heliolisk's health is sapped by Leech Seed!</small><br></div><div class="spacer battle-history"><br></div><h2 class="battle-history">Turn 9</h2><div class="spacer battle-history"><br></div><div class="battle-history">Whimsicott used <strong>Substitute</strong>!<br></div><div class="battle-history"><small>Whimsicott put in a substitute!</small><br></div><div class="battle-history"><small>(Whimsicott lost <abbr title="−81/324">25%</abbr> of its health!)</small><br></div><div class="spacer battle-history"><br></div><div class="battle-history">The opposing Heliolisk used <strong>Hyper Voice</strong>!<br></div><div class="battle-history"><small>(Whimsicott lost <abbr title="−42/324">13.0%</abbr> of its health!)</small><br></div><div class="spacer battle-history"><br></div><div class="battle-history">Whimsicott fainted!<br></div><div class="spacer battle-history"><br></div><div class="battle-history">Go! <strong>Swoobat</strong>!<br></div><div class="spacer battle-history"><br></div><h2 class="battle-history">Turn 10</h2><div class="spacer battle-history"><br></div><div class="battle-history">Swoobat used <strong>Attract</strong>!<br></div><div class="battle-history"><small>The opposing Heliolisk fell in love!</small><br></div><div class="spacer battle-history"><br></div><div class="battle-history"><small>The opposing Heliolisk is in love with Swoobat!</small><br></div><div class="battle-history">The opposing Heliolisk used <strong>Volt Switch</strong>!<br></div><div class="battle-history"><small>It's super effective!</small><br></div><div class="battle-history"><small>Swoobat hung on using its Focus Sash!</small><br></div><div class="battle-history"><small>(Swoobat lost <abbr title="−274/275">99.6%</abbr> of its health!)</small><br></div><div class="spacer battle-history"><br></div><div class="battle-history">The opposing Heliolisk went back to Parnstar!<br></div><div class="battle-history">Parnstar sent out <strong>Donphan</strong>!<br></div><div class="battle-history"><small>The opposing Donphan was poisoned!</small><br></div><div class="spacer battle-history"><br></div><div class="battle-history"><small>The opposing Donphan was hurt by poison!</small><br></div><div class="spacer battle-history"><br></div><h2 class="battle-history">Turn 11</h2><div class="spacer battle-history"><br></div><div class="battle-history">Swoobat used <strong>Endeavor</strong>!<br></div><div class="battle-history"><small>(The opposing Donphan lost <abbr title="−307/351">87.5%</abbr> of its health!)</small><br></div><div class="spacer battle-history"><br></div><div class="battle-history">The opposing Donphan used <strong>Rapid Spin</strong>!<br></div><div class="battle-history"><small>(Swoobat lost <abbr title="−1/275">0.4%</abbr> of its health!)</small><br></div><div class="battle-history"><small>The poison spikes disappeared from the ground around the opposing team!</small><br></div><div class="spacer battle-history"><br></div><div class="battle-history">Swoobat fainted!<br></div><div class="spacer battle-history"><br></div><div class="battle-history"><small>The opposing Donphan was hurt by poison!</small><br></div><div class="spacer battle-history"><br></div><div class="battle-history">The opposing Donphan fainted!<br></div><div class="spacer battle-history"><br></div><div class="battle-history">Parnstar sent out <strong>Mamoswine</strong>!<br></div><div class="spacer battle-history"><br></div><div class="battle-history">Go! Aggron (<strong>Aggron-Mega</strong>)!<br></div><div class="spacer battle-history"><br></div><h2 class="battle-history">Turn 12</h2><div class="spacer battle-history"><br></div><div class="battle-history">The opposing Mamoswine used <strong>Earthquake</strong>!<br></div><div class="battle-history"><small>It's super effective!</small><br></div><div class="battle-history"><small>(Aggron lost <abbr title="−117/344">34.0%</abbr> of its health!)</small><br></div><div class="spacer battle-history"><br></div><div class="battle-history">Aggron used <strong>Earthquake</strong>!<br></div><div class="battle-history"><small>(The opposing Mamoswine lost <abbr title="−121/361">33.5%</abbr> of its health!)</small><br></div><div class="spacer battle-history"><br></div><div class="battle-history"><small>The opposing Mamoswine was hurt by poison!</small><br></div><div class="spacer battle-history"><br></div><h2 class="battle-history">Turn 13</h2><div class="spacer battle-history"><br></div><div class="battle-history">The opposing Mamoswine used <strong>Earthquake</strong>!<br></div><div class="battle-history"><small>It's super effective!</small><br></div><div class="battle-history"><small>(Aggron lost <abbr title="−55/344">16.0%</abbr> of its health!)</small><br></div><div class="spacer battle-history"><br></div><div class="battle-history">Aggron fainted!<br></div><div class="spacer battle-history"><br></div><div class="battle-history"><small>The opposing Mamoswine was hurt by poison!</small><br></div><div class="spacer battle-history"><br></div><div class="battle-history">Go! <strong>Tentacruel</strong>!<br></div><div class="spacer battle-history"><br></div><h2 class="battle-history">Turn 14</h2><div class="spacer battle-history"><br></div><div class="battle-history">The opposing Mamoswine used <strong>Endeavor</strong>!<br></div><div class="battle-history"><small>(Tentacruel lost <abbr title="−346/361">95.8%</abbr> of its health!)</small><br></div><div class="spacer battle-history"><br></div><div class="battle-history">Tentacruel used <strong>Acid Spray</strong>!<br></div><div class="battle-history"><small>It's not very effective...</small><br></div><div class="battle-history"><small>(The opposing Mamoswine lost <abbr title="−15/361">4.2%</abbr> of its health!)</small><br></div><div class="spacer battle-history"><br></div><div class="battle-history">The opposing Mamoswine fainted!<br></div><div class="spacer battle-history"><br></div><div class="battle-history"><small>Tentacruel restored a little HP using its Black Sludge!</small><br></div><div class="spacer battle-history"><br></div><div class="battle-history">Parnstar sent out <strong>Crawdaunt</strong>!<br></div><div class="spacer battle-history"><br></div><h2 class="battle-history">Turn 15</h2><div class="spacer battle-history"><br></div><div class="battle-history">Tentacruel used <strong>Toxic Spikes</strong>!<br></div><div class="battle-history"><small>Poison spikes were scattered on the ground all around the opposing team!</small><br></div><div class="spacer battle-history"><br></div><div class="battle-history">The opposing Crawdaunt used <strong>Dragon Dance</strong>!<br></div><div class="battle-history"><small>The opposing Crawdaunt's Attack rose!</small><br></div><div class="battle-history"><small>The opposing Crawdaunt's Speed rose!</small><br></div><div class="spacer battle-history"><br></div><div class="battle-history"><small>Tentacruel restored a little HP using its Black Sludge!</small><br></div><div class="spacer battle-history"><br></div><h2 class="battle-history">Turn 16</h2><div class="spacer battle-history"><br></div><div class="battle-history">Tentacruel, come back!<br></div><div class="battle-history">Go! <strong>Kyurem</strong>!<br></div><div class="battle-history"><small>[Kyurem's Pressure]</small><br><small>Kyurem is exerting its pressure!</small><br></div><div class="spacer battle-history"><br></div><div class="battle-history">The opposing Crawdaunt used <strong>Dragon Dance</strong>!<br></div><div class="battle-history"><small>The opposing Crawdaunt's Attack rose!</small><br></div><div class="battle-history"><small>The opposing Crawdaunt's Speed rose!</small><br></div><div class="spacer battle-history"><br></div><h2 class="battle-history">Turn 17</h2><div class="spacer battle-history"><br></div><div class="battle-history">The opposing Crawdaunt used <strong>Knock Off</strong>!<br></div><div class="battle-history"><small>(Kyurem lost <abbr title="−391/391">100%</abbr> of its health!)</small><br></div><div class="battle-history"><small>The opposing Crawdaunt knocked off Kyurem's Choice Specs!</small><br></div><div class="spacer battle-history"><br></div><div class="battle-history">Kyurem fainted!<br></div><div class="spacer battle-history"><br></div><div class="battle-history">Go! <strong>Tentacruel</strong>!<br></div><div class="spacer battle-history"><br></div><h2 class="battle-history">Turn 18</h2><div class="chat chatmessage-parnstar"><strong style="color:hsl(41,84%,41.163999978976825%)"><small>☆</small><span class="username" data-name="Parnstar">Parnstar</span>:</strong> <em>Gg</em></div><div class="spacer battle-history"><br></div><div class="battle-history">The opposing Crawdaunt used <strong>Waterfall</strong>!<br></div><div class="battle-history"><small>It's not very effective...</small><br></div><div class="battle-history"><small>(Tentacruel lost <abbr title="−59/361">16.3%</abbr> of its health!)</small><br></div><div class="spacer battle-history"><br></div><div class="battle-history">Tentacruel fainted!<br></div><div class="spacer battle-history"><br></div><div class="battle-history"><strong>Parnstar</strong> won the battle!<br></div><div class="chat"><small>myth1357 left.</small></div><div class="chat">myth1357's rating: 1096 → <strong>1089</strong><br>(-7 for losing)</div><div class="chat">Parnstar's rating: 1416 → <strong>1421</strong><br>(+5 for winning)</div></div><div class="inner-preempt"></div></div></div>
</div>
<script>
let daily = Math.floor(Date.now()/1000/60/60/24);document.write('<script src="https://play.pokemonshowdown.com/js/replay-embed.js?version'+daily+'"></'+'script>');
</script>
