<!DOCTYPE html>
<meta charset="utf-8" />
<!-- version 1 -->
<title>UU replay: fw36 vs. acook15</title>
<style>
html,body {font-family:Verdana, sans-serif;font-size:10pt;margin:0;padding:0;}body{padding:12px 0;} .battle-log {font-family:Verdana, sans-serif;font-size:10pt;} .battle-log-inline {border:1px solid #AAAAAA;background:#EEF2F5;color:black;max-width:640px;margin:0 auto 80px;padding-bottom:5px;} .battle-log .inner {padding:4px 8px 0px 8px;} .battle-log .inner-preempt {padding:0 8px 4px 8px;} .battle-log .inner-after {margin-top:0.5em;} .battle-log h2 {margin:0.5em -8px;padding:4px 8px;border:1px solid #AAAAAA;background:#E0E7EA;border-left:0;border-right:0;font-family:Verdana, sans-serif;font-size:13pt;} .battle-log .chat {vertical-align:middle;padding:3px 0 3px 0;font-size:8pt;} .battle-log .chat strong {color:#40576A;} .battle-log .chat em {padding:1px 4px 1px 3px;color:#000000;font-style:normal;} .chat.mine {background:rgba(0,0,0,0.05);margin-left:-8px;margin-right:-8px;padding-left:8px;padding-right:8px;} .spoiler {color:#BBBBBB;background:#BBBBBB;padding:0px 3px;} .spoiler:hover, .spoiler:active, .spoiler-shown {color:#000000;background:#E2E2E2;padding:0px 3px;} .spoiler a {color:#BBBBBB;} .spoiler:hover a, .spoiler:active a, .spoiler-shown a {color:#2288CC;} .chat code, .chat .spoiler:hover code, .chat .spoiler:active code, .chat .spoiler-shown code {border:1px solid #C0C0C0;background:#EEEEEE;color:black;padding:0 2px;} .chat .spoiler code {border:1px solid #CCCCCC;background:#CCCCCC;color:#CCCCCC;} .battle-log .rated {padding:3px 4px;} .battle-log .rated strong {color:white;background:#89A;padding:1px 4px;border-radius:4px;} .spacer {margin-top:0.5em;} .message-announce {background:#6688AA;color:white;padding:1px 4px 2px;} .message-announce a, .broadcast-green a, .broadcast-blue a, .broadcast-red a {color:#DDEEFF;} .broadcast-green {background-color:#559955;color:white;padding:2px 4px;} .broadcast-blue {background-color:#6688AA;color:white;padding:2px 4px;} .infobox {border:1px solid #6688AA;padding:2px 4px;} .infobox-limited {max-height:200px;overflow:auto;overflow-x:hidden;} .broadcast-red {background-color:#AA5544;color:white;padding:2px 4px;} .message-learn-canlearn {font-weight:bold;color:#228822;text-decoration:underline;} .message-learn-cannotlearn {font-weight:bold;color:#CC2222;text-decoration:underline;} .message-effect-weak {font-weight:bold;color:#CC2222;} .message-effect-resist {font-weight:bold;color:#6688AA;} .message-effect-immune {font-weight:bold;color:#666666;} .message-learn-list {margin-top:0;margin-bottom:0;} .message-throttle-notice, .message-error {color:#992222;} .message-overflow, .chat small.message-overflow {font-size:0pt;} .message-overflow::before {font-size:9pt;content:'...';} .subtle {color:#3A4A66;}
</style>
<div class="wrapper replay-wrapper" style="max-width:1180px;margin:0 auto">
<input type="hidden" name="replayid" value="uu-549115427" />
<div class="battle"></div><div class="battle-log"></div><div class="replay-controls"></div><div class="replay-controls-2"></div>
<h1 style="font-weight:normal;text-align:center"><strong>UU</strong><br /><a href="http://pokemonshowdown.com/users/fw36" class="subtle" target="_blank">fw36</a> vs. <a href="http://pokemonshowdown.com/users/acook15" class="subtle" target="_blank">acook15</a></h1>
<script type="text/plain" class="battle-log-data">|j|fw36
|j|acook15
|player|p1|fw36|247
|player|p2|acook15|170
|gametype|singles
|gen|6
|tier|UU
|rated
|seed|54384,44865,2971,30132
|rule|Sleep Clause Mod: Limit one foe put to sleep
|rule|Species Clause: Limit one of each Pokémon
|rule|OHKO Clause: OHKO moves are banned
|rule|Moody Clause: Moody is banned
|rule|Evasion Moves Clause: Evasion moves are banned
|rule|Endless Battle Clause: Forcing endless battles is banned
|rule|HP Percentage Mod: HP is shown in percentages
|clearpoke
|poke|p1|Vaporeon, M|item
|poke|p1|Rotom-Heat|item
|poke|p1|Beedrill, F|item
|poke|p1|Roserade, M|item
|poke|p1|Conkeldurr, M|item
|poke|p1|Mandibuzz, F|item
|poke|p2|Gallade, M, shiny|item
|poke|p2|Noivern, M, shiny|item
|poke|p2|Conkeldurr, M, shiny|item
|poke|p2|Darmanitan, M, shiny|item
|poke|p2|Haxorus, M, shiny|item
|poke|p2|Infernape, M, shiny|item
|rule|Swagger Clause: Swagger is banned
|rule|Baton Pass Clause: Limit one Baton Passer, can't pass Spe and other stats simultaneously
|teampreview
|choice|team 3, team 2, team 1, team 4, team 5, team 6|team 4, team 2, team 3, team 1, team 5, team 6
|
|start
|switch|p1a: Beedrill|Beedrill, F|272\/272
|switch|p2a: mankay|Darmanitan, M, shiny|351\/351
|turn|1
|choice|move protect mega|move flareblitz
|
|detailschange|p1a: Beedrill|Beedrill-Mega, F
|-mega|p1a: Beedrill|Beedrill|Beedrillite
|move|p1a: Beedrill|Protect|p1a: Beedrill
|-singleturn|p1a: Beedrill|Protect
|move|p2a: mankay|Flare Blitz|p1a: Beedrill
|-activate|p1a: Beedrill|move: Protect
|
|upkeep
|turn|2
|choice|switch 3|move flareblitz
|
|switch|p1a: Vaporeon|Vaporeon, M|464\/464
|move|p2a: mankay|Flare Blitz|p1a: Vaporeon
|-resisted|p1a: Vaporeon
|-damage|p1a: Vaporeon|346\/464
|-damage|p2a: mankay|312\/351|[from] recoil|[of] p1a: Vaporeon
|
|-heal|p1a: Vaporeon|375\/464|[from] item: Leftovers
|upkeep
|turn|3
|choice|move scald|switch 5
|
|switch|p2a: dark dragon|Haxorus, M, shiny|293\/293
|move|p1a: Vaporeon|Scald|p2a: dark dragon
|-resisted|p2a: dark dragon
|-damage|p2a: dark dragon|223\/293
|
|-heal|p2a: dark dragon|241\/293|[from] item: Leftovers
|-heal|p1a: Vaporeon|404\/464|[from] item: Leftovers
|upkeep
|turn|4
|choice|switch 2|move dracometeor
|
|switch|p1a: Rotom|Rotom-Heat|242\/242
|move|p2a: dark dragon|Draco Meteor|p1a: Rotom
|-damage|p1a: Rotom|142\/242
|-unboost|p2a: dark dragon|spa|2
|
|-heal|p2a: dark dragon|259\/293|[from] item: Leftovers
|upkeep
|turn|5
|choice|move trick|move dragonclaw
|
|move|p1a: Rotom|Trick|p2a: dark dragon
|-activate|p1a: Rotom|move: Trick|[of] p2a: dark dragon
|-item|p2a: dark dragon|Choice Scarf|[from] move: Trick
|-item|p1a: Rotom|Leftovers|[from] move: Trick
|move|p2a: dark dragon|Dragon Claw|p1a: Rotom
|-damage|p1a: Rotom|27\/242
|
|-heal|p1a: Rotom|42\/242|[from] item: Leftovers
|upkeep
|turn|6
|choice|move voltswitch|move dragonclaw
|
|move|p2a: dark dragon|Dragon Claw|p1a: Rotom
|-damage|p1a: Rotom|0 fnt
|faint|p1a: Rotom
|
|upkeep
|choice|switch 5|
|
|switch|p1a: Conkeldurr|Conkeldurr, M|414\/414
|turn|7
|choice|move drainpunch|move dragonclaw
|
|move|p2a: dark dragon|Dragon Claw|p1a: Conkeldurr
|-damage|p1a: Conkeldurr|257\/414
|move|p1a: Conkeldurr|Drain Punch|p2a: dark dragon
|-damage|p2a: dark dragon|97\/293
|-heal|p1a: Conkeldurr|338\/414|[from] drain|[of] p2a: dark dragon
|
|upkeep
|turn|8
|choice|move machpunch|move dragonclaw
|
|move|p1a: Conkeldurr|Mach Punch|p2a: dark dragon
|-damage|p2a: dark dragon|9\/293
|move|p2a: dark dragon|Dragon Claw|p1a: Conkeldurr
|-crit|p1a: Conkeldurr
|-damage|p1a: Conkeldurr|85\/414
|
|upkeep
|turn|9
|choice|move machpunch|move dragonclaw
|
|move|p1a: Conkeldurr|Mach Punch|p2a: dark dragon
|-damage|p2a: dark dragon|0 fnt
|faint|p2a: dark dragon
|
|upkeep
|choice||switch 3
|
|switch|p2a: piller man|Conkeldurr, M, shiny|351\/351
|turn|10
|choice|switch 6|move earthquake
|
|switch|p1a: Mandibuzz|Mandibuzz, F|424\/424
|move|p2a: piller man|Earthquake|p1a: Mandibuzz
|-immune|p1a: Mandibuzz|[msg]
|
|upkeep
|turn|11
|choice|move uturn|move bulkup
|
|move|p1a: Mandibuzz|U-turn|p2a: piller man
|-resisted|p2a: piller man
|-damage|p2a: piller man|332\/351
|choice|switch 2|
|
|switch|p1a: Vaporeon|Vaporeon, M|404\/464
|move|p2a: piller man|Bulk Up|p2a: piller man
|-boost|p2a: piller man|atk|1
|-boost|p2a: piller man|def|1
|
|-heal|p1a: Vaporeon|433\/464|[from] item: Leftovers
|-heal|p2a: piller man|351\/351|[from] item: Leftovers
|upkeep
|turn|12
|choice|move scald|move hammerarm
|
|move|p1a: Vaporeon|Scald|p2a: piller man
|-damage|p2a: piller man|215\/351
|move|p2a: piller man|Hammer Arm|p1a: Vaporeon
|-damage|p1a: Vaporeon|222\/464
|-unboost|p2a: piller man|spe|1
|
|-heal|p1a: Vaporeon|251\/464|[from] item: Leftovers
|-heal|p2a: piller man|236\/351|[from] item: Leftovers
|upkeep
|turn|13
|choice|move scald|move hammerarm
|
|move|p1a: Vaporeon|Scald|p2a: piller man
|-damage|p2a: piller man|92\/351
|move|p2a: piller man|Hammer Arm|p1a: Vaporeon
|-damage|p1a: Vaporeon|14\/464
|-unboost|p2a: piller man|spe|1
|
|-heal|p1a: Vaporeon|43\/464|[from] item: Leftovers
|-heal|p2a: piller man|113\/351|[from] item: Leftovers
|upkeep
|turn|14
|choice|move scald|move hammerarm
|
|move|p1a: Vaporeon|Scald|p2a: piller man
|-damage|p2a: piller man|0 fnt
|faint|p2a: piller man
|
|-heal|p1a: Vaporeon|72\/464|[from] item: Leftovers
|upkeep
|choice||switch 4
|
|switch|p2a: blue knight|Gallade, M, shiny|277\/277
|turn|15
|choice|move protect|move earthquake
|
|move|p1a: Vaporeon|Protect|p1a: Vaporeon
|-singleturn|p1a: Vaporeon|Protect
|move|p2a: blue knight|Earthquake|p1a: Vaporeon
|-activate|p1a: Vaporeon|move: Protect
|
|-heal|p1a: Vaporeon|101\/464|[from] item: Leftovers
|upkeep
|turn|16
|choice|move scald|move disable
|
|move|p2a: blue knight|Disable|p1a: Vaporeon
|-start|p1a: Vaporeon|Disable|Protect
|move|p1a: Vaporeon|Scald|p2a: blue knight
|-damage|p2a: blue knight|181\/277
|-status|p2a: blue knight|brn
|
|-heal|p1a: Vaporeon|130\/464|[from] item: Leftovers
|-damage|p2a: blue knight|147\/277 brn|[from] brn
|upkeep
|turn|17
|choice|switch 2|move earthquake
|
|switch|p1a: Mandibuzz|Mandibuzz, F|424\/424
|move|p2a: blue knight|Earthquake|p1a: Mandibuzz
|-immune|p1a: Mandibuzz|[msg]
|
|-damage|p2a: blue knight|113\/277 brn|[from] brn
|upkeep
|turn|18
|choice|move foulplay|move bulkup
|
|move|p2a: blue knight|Bulk Up|p2a: blue knight
|-boost|p2a: blue knight|atk|1
|-boost|p2a: blue knight|def|1
|move|p1a: Mandibuzz|Foul Play|p2a: blue knight
|-crit|p2a: blue knight
|-damage|p2a: blue knight|0 fnt
|faint|p2a: blue knight
|
|upkeep
|choice||switch 2
|
|switch|p2a: batman|Noivern, M, shiny|311\/311
|-item|p1a: Mandibuzz|Leftovers|[from] ability: Frisk|[of] p2a: batman|[identify]
|turn|19
|choice|move foulplay|move brickbreak
|
|move|p2a: batman|Brick Break|p1a: Mandibuzz
|-damage|p1a: Mandibuzz|395\/424
|move|p1a: Mandibuzz|Foul Play|p2a: batman
|-damage|p2a: batman|206\/311
|
|-heal|p2a: batman|225\/311|[from] item: Leftovers
|-heal|p1a: Mandibuzz|421\/424|[from] item: Leftovers
|upkeep
|turn|20
|choice|move foulplay|move boomburst
|
|move|p2a: batman|Boomburst|p1a: Mandibuzz
|-crit|p1a: Mandibuzz
|-damage|p1a: Mandibuzz|248\/424
|move|p1a: Mandibuzz|Foul Play|p2a: batman
|-damage|p2a: batman|125\/311
|
|-heal|p2a: batman|144\/311|[from] item: Leftovers
|-heal|p1a: Mandibuzz|274\/424|[from] item: Leftovers
|upkeep
|turn|21
|choice|move roost|move dracometeor
|
|move|p2a: batman|Draco Meteor|p1a: Mandibuzz
|-crit|p1a: Mandibuzz
|-damage|p1a: Mandibuzz|22\/424
|-unboost|p2a: batman|spa|2
|move|p1a: Mandibuzz|Roost|p1a: Mandibuzz
|-heal|p1a: Mandibuzz|234\/424
|
|-heal|p2a: batman|163\/311|[from] item: Leftovers
|-heal|p1a: Mandibuzz|260\/424|[from] item: Leftovers
|upkeep
|turn|22
|choice|move roost|move dracometeor
|
|move|p2a: batman|Draco Meteor|p1a: Mandibuzz
|-damage|p1a: Mandibuzz|178\/424
|-unboost|p2a: batman|spa|2
|move|p1a: Mandibuzz|Roost|p1a: Mandibuzz
|-heal|p1a: Mandibuzz|390\/424
|
|-heal|p2a: batman|182\/311|[from] item: Leftovers
|-heal|p1a: Mandibuzz|416\/424|[from] item: Leftovers
|upkeep
|turn|23
|choice|move foulplay|move dracometeor
|
|move|p2a: batman|Draco Meteor|p1a: Mandibuzz
|-damage|p1a: Mandibuzz|362\/424
|-unboost|p2a: batman|spa|2
|move|p1a: Mandibuzz|Foul Play|p2a: batman
|-damage|p2a: batman|80\/311
|
|-heal|p2a: batman|99\/311|[from] item: Leftovers
|-heal|p1a: Mandibuzz|388\/424|[from] item: Leftovers
|upkeep
|turn|24
|choice|move uturn|move darkpulse
|
|move|p2a: batman|Dark Pulse|p1a: Mandibuzz
|-resisted|p1a: Mandibuzz
|-damage|p1a: Mandibuzz|380\/424
|move|p1a: Mandibuzz|U-turn|p2a: batman
|-resisted|p2a: batman
|-crit|p2a: batman
|-damage|p2a: batman|65\/311
|choice|switch 3|
|
|switch|p1a: Beedrill|Beedrill-Mega, F|272\/272
|
|-heal|p2a: batman|84\/311|[from] item: Leftovers
|upkeep
|turn|25
|choice|move poisonjab|switch 5
|
|switch|p2a: mankay|Darmanitan, M, shiny|312\/351
|move|p1a: Beedrill|Poison Jab|p2a: mankay
|-damage|p2a: mankay|0 fnt
|faint|p2a: mankay
|
|upkeep
|c|☆fw36|lol
|choice||switch 6
|
|switch|p2a: king monkey|Infernape, M, shiny|293\/293
|turn|26
|choice|move poisonjab|move blazekick
|
|move|p1a: Beedrill|Poison Jab|p2a: king monkey
|-damage|p2a: king monkey|9\/293
|move|p2a: king monkey|Blaze Kick|p1a: Beedrill
|-supereffective|p1a: Beedrill
|-damage|p1a: Beedrill|0 fnt
|faint|p1a: Beedrill
|
|upkeep
|c|☆fw36|4
|c|☆fw36|uh
|choice|switch 3|
|
|switch|p1a: Mandibuzz|Mandibuzz, F|380\/424
|turn|27
|choice|move uturn|move closecombat
|
|move|p2a: king monkey|Close Combat|p1a: Mandibuzz
|-crit|p1a: Mandibuzz
|-damage|p1a: Mandibuzz|218\/424
|-unboost|p2a: king monkey|def|1
|-unboost|p2a: king monkey|spd|1
|move|p1a: Mandibuzz|U-turn|p2a: king monkey
|-resisted|p2a: king monkey
|-damage|p2a: king monkey|0 fnt
|faint|p2a: king monkey
|choice|switch 4|
|
|switch|p1a: Roserade|Roserade, M|262\/262
|
|upkeep
|choice||switch 5
|
|switch|p2a: batman|Noivern, M, shiny|84\/311
|-item|p1a: Roserade|Life Orb|[from] ability: Frisk|[of] p2a: batman|[identify]
|turn|28
|choice|move sludgebomb|move dracometeor
|
|move|p1a: Roserade|Sludge Bomb|p2a: batman
|-damage|p2a: batman|0 fnt
|-damage|p1a: Roserade|236\/262|[from] item: Life Orb
|faint|p2a: batman
|
|win|fw36
|player|p1
|player|p2</script>
</div>
<div class="battle-log battle-log-inline"><div class="inner"><div class="battle-options"></div><div class="inner"><div class="chat"><small>fw36 joined.</small></div><div class="chat"><small>acook15 joined.</small></div><div class=""><small>Format:</small> <br><strong>UU</strong></div><div class="rated"><strong>Rated battle</strong></div><div class=""><small><em>Sleep Clause Mod:</em> Limit one foe put to sleep</small></div><div class=""><small><em>Species Clause:</em> Limit one of each Pokémon</small></div><div class=""><small><em>OHKO Clause:</em> OHKO moves are banned</small></div><div class=""><small><em>Moody Clause:</em> Moody is banned</small></div><div class=""><small><em>Evasion Moves Clause:</em> Evasion moves are banned</small></div><div class=""><small><em>Endless Battle Clause:</em> Forcing endless battles is banned</small></div><div class=""><small><em>HP Percentage Mod:</em> HP is shown in percentages</small></div><div class=""><small><em>Swagger Clause:</em> Swagger is banned</small></div><div class=""><small><em>Baton Pass Clause:</em> Limit one Baton Passer, can't pass Spe and other stats simultaneously</small></div><div class="chat battle-history"><strong>fw36's team:</strong> <em style="color:#445566;display:block;">Vaporeon / Rotom-Heat / Beedrill / Roserade / Conkeldurr / Mandibuzz</em></div><div class="chat battle-history"><strong>acook15's team:</strong> <em style="color:#445566;display:block;">Gallade / Noivern / Conkeldurr / Darmanitan / Haxorus / Infernape</em></div><div class="spacer battle-history"><br></div><div class="battle-history">Battle started between fw36 and acook15!<br></div><div class="spacer battle-history"><br></div><div class="battle-history">Go! <strong>Beedrill</strong>!<br></div><div class="spacer battle-history"><br></div><div class="battle-history">acook15 sent out mankay (<strong>Darmanitan</strong>)!<br></div><div class="spacer battle-history"><br></div><h2 class="battle-history">Turn 1</h2><div class="spacer battle-history"><br></div><div class="battle-history"><small>Beedrill's Beedrillite is reacting to fw36's Mega Bracelet!</small><br>Beedrill has Mega Evolved into Mega Beedrill!<br></div><div class="spacer battle-history"><br></div><div class="battle-history">Beedrill used <strong>Protect</strong>!<br></div><div class="battle-history"><small>Beedrill protected itself!</small><br></div><div class="spacer battle-history"><br></div><div class="battle-history">The opposing mankay used <strong>Flare Blitz</strong>!<br></div><div class="battle-history"><small>Beedrill protected itself!</small><br></div><div class="spacer battle-history"><br></div><h2 class="battle-history">Turn 2</h2><div class="spacer battle-history"><br></div><div class="battle-history">Beedrill, come back!<br></div><div class="battle-history">Go! <strong>Vaporeon</strong>!<br></div><div class="spacer battle-history"><br></div><div class="battle-history">The opposing mankay used <strong>Flare Blitz</strong>!<br></div><div class="battle-history"><small>It's not very effective...</small><br></div><div class="battle-history"><small>(Vaporeon lost <abbr title="−118/464">25.4%</abbr> of its health!)</small><br></div><div class="battle-history"><small>The opposing mankay is damaged by the recoil!</small><br></div><div class="spacer battle-history"><br></div><div class="battle-history"><small>Vaporeon restored a little HP using its Leftovers!</small><br></div><div class="spacer battle-history"><br></div><h2 class="battle-history">Turn 3</h2><div class="spacer battle-history"><br></div><div class="battle-history">acook15 withdrew mankay!<br></div><div class="battle-history">acook15 sent out dark dragon (<strong>Haxorus</strong>)!<br></div><div class="spacer battle-history"><br></div><div class="battle-history">Vaporeon used <strong>Scald</strong>!<br></div><div class="battle-history"><small>It's not very effective...</small><br></div><div class="battle-history"><small>(The opposing dark dragon lost <abbr title="−70/293">23.9%</abbr> of its health!)</small><br></div><div class="spacer battle-history"><br></div><div class="battle-history"><small>The opposing dark dragon restored a little HP using its Leftovers!</small><br></div><div class="battle-history"><small>Vaporeon restored a little HP using its Leftovers!</small><br></div><div class="spacer battle-history"><br></div><h2 class="battle-history">Turn 4</h2><div class="spacer battle-history"><br></div><div class="battle-history">Vaporeon, come back!<br></div><div class="battle-history">Go! Rotom (<strong>Rotom-Heat</strong>)!<br></div><div class="spacer battle-history"><br></div><div class="battle-history">The opposing dark dragon used <strong>Draco Meteor</strong>!<br></div><div class="battle-history"><small>(Rotom lost <abbr title="−100/242">41.3%</abbr> of its health!)</small><br></div><div class="battle-history"><small>The opposing dark dragon's Special Attack fell harshly!</small><br></div><div class="spacer battle-history"><br></div><div class="battle-history"><small>The opposing dark dragon restored a little HP using its Leftovers!</small><br></div><div class="spacer battle-history"><br></div><h2 class="battle-history">Turn 5</h2><div class="spacer battle-history"><br></div><div class="battle-history">Rotom used <strong>Trick</strong>!<br></div><div class="battle-history"><small>Rotom switched items with its target!</small><br></div><div class="battle-history"><small>The opposing dark dragon obtained one Choice Scarf.</small><br></div><div class="battle-history"><small>Rotom obtained one Leftovers.</small><br></div><div class="spacer battle-history"><br></div><div class="battle-history">The opposing dark dragon used <strong>Dragon Claw</strong>!<br></div><div class="battle-history"><small>(Rotom lost <abbr title="−115/242">47.5%</abbr> of its health!)</small><br></div><div class="spacer battle-history"><br></div><div class="battle-history"><small>Rotom restored a little HP using its Leftovers!</small><br></div><div class="spacer battle-history"><br></div><h2 class="battle-history">Turn 6</h2><div class="spacer battle-history"><br></div><div class="battle-history">The opposing dark dragon used <strong>Dragon Claw</strong>!<br></div><div class="battle-history"><small>(Rotom lost <abbr title="−42/242">17.4%</abbr> of its health!)</small><br></div><div class="spacer battle-history"><br></div><div class="battle-history">Rotom fainted!<br></div><div class="spacer battle-history"><br></div><div class="battle-history">Go! <strong>Conkeldurr</strong>!<br></div><div class="spacer battle-history"><br></div><h2 class="battle-history">Turn 7</h2><div class="spacer battle-history"><br></div><div class="battle-history">The opposing dark dragon used <strong>Dragon Claw</strong>!<br></div><div class="battle-history"><small>(Conkeldurr lost <abbr title="−157/414">37.9%</abbr> of its health!)</small><br></div><div class="spacer battle-history"><br></div><div class="battle-history">Conkeldurr used <strong>Drain Punch</strong>!<br></div><div class="battle-history"><small>(The opposing dark dragon lost <abbr title="−162/293">55.3%</abbr> of its health!)</small><br></div><div class="battle-history"><small>The opposing dark dragon had its energy drained!</small><br></div><div class="spacer battle-history"><br></div><h2 class="battle-history">Turn 8</h2><div class="spacer battle-history"><br></div><div class="battle-history">Conkeldurr used <strong>Mach Punch</strong>!<br></div><div class="battle-history"><small>(The opposing dark dragon lost <abbr title="−88/293">30.0%</abbr> of its health!)</small><br></div><div class="spacer battle-history"><br></div><div class="battle-history">The opposing dark dragon used <strong>Dragon Claw</strong>!<br></div><div class="battle-history"><small>A critical hit!</small><br></div><div class="battle-history"><small>(Conkeldurr lost <abbr title="−253/414">61.1%</abbr> of its health!)</small><br></div><div class="spacer battle-history"><br></div><h2 class="battle-history">Turn 9</h2><div class="spacer battle-history"><br></div><div class="battle-history">Conkeldurr used <strong>Mach Punch</strong>!<br></div><div class="battle-history"><small>(The opposing dark dragon lost <abbr title="−9/293">3.1%</abbr> of its health!)</small><br></div><div class="spacer battle-history"><br></div><div class="battle-history">The opposing dark dragon fainted!<br></div><div class="spacer battle-history"><br></div><div class="battle-history">acook15 sent out piller man (<strong>Conkeldurr</strong>)!<br></div><div class="spacer battle-history"><br></div><h2 class="battle-history">Turn 10</h2><div class="spacer battle-history"><br></div><div class="battle-history">Conkeldurr, come back!<br></div><div class="battle-history">Go! <strong>Mandibuzz</strong>!<br></div><div class="spacer battle-history"><br></div><div class="battle-history">The opposing piller man used <strong>Earthquake</strong>!<br></div><div class="battle-history"><small>It doesn't affect Mandibuzz...</small><br></div><div class="spacer battle-history"><br></div><h2 class="battle-history">Turn 11</h2><div class="spacer battle-history"><br></div><div class="battle-history">Mandibuzz used <strong>U-turn</strong>!<br></div><div class="battle-history"><small>It's not very effective...</small><br></div><div class="battle-history"><small>(The opposing piller man lost <abbr title="−19/351">5.4%</abbr> of its health!)</small><br></div><div class="spacer battle-history"><br></div><div class="battle-history">Mandibuzz went back to fw36!<br></div><div class="battle-history">Go! <strong>Vaporeon</strong>!<br></div><div class="spacer battle-history"><br></div><div class="battle-history">The opposing piller man used <strong>Bulk Up</strong>!<br></div><div class="battle-history"><small>The opposing piller man's Attack rose!</small><br></div><div class="battle-history"><small>The opposing piller man's Defense rose!</small><br></div><div class="spacer battle-history"><br></div><div class="battle-history"><small>Vaporeon restored a little HP using its Leftovers!</small><br></div><div class="battle-history"><small>The opposing piller man restored a little HP using its Leftovers!</small><br></div><div class="spacer battle-history"><br></div><h2 class="battle-history">Turn 12</h2><div class="spacer battle-history"><br></div><div class="battle-history">Vaporeon used <strong>Scald</strong>!<br></div><div class="battle-history"><small>(The opposing piller man lost <abbr title="−136/351">38.7%</abbr> of its health!)</small><br></div><div class="spacer battle-history"><br></div><div class="battle-history">The opposing piller man used <strong>Hammer Arm</strong>!<br></div><div class="battle-history"><small>(Vaporeon lost <abbr title="−211/464">45.5%</abbr> of its health!)</small><br></div><div class="battle-history"><small>The opposing piller man's Speed fell!</small><br></div><div class="spacer battle-history"><br></div><div class="battle-history"><small>Vaporeon restored a little HP using its Leftovers!</small><br></div><div class="battle-history"><small>The opposing piller man restored a little HP using its Leftovers!</small><br></div><div class="spacer battle-history"><br></div><h2 class="battle-history">Turn 13</h2><div class="spacer battle-history"><br></div><div class="battle-history">Vaporeon used <strong>Scald</strong>!<br></div><div class="battle-history"><small>(The opposing piller man lost <abbr title="−144/351">41.0%</abbr> of its health!)</small><br></div><div class="spacer battle-history"><br></div><div class="battle-history">The opposing piller man used <strong>Hammer Arm</strong>!<br></div><div class="battle-history"><small>(Vaporeon lost <abbr title="−237/464">51.1%</abbr> of its health!)</small><br></div><div class="battle-history"><small>The opposing piller man's Speed fell!</small><br></div><div class="spacer battle-history"><br></div><div class="battle-history"><small>Vaporeon restored a little HP using its Leftovers!</small><br></div><div class="battle-history"><small>The opposing piller man restored a little HP using its Leftovers!</small><br></div><div class="spacer battle-history"><br></div><h2 class="battle-history">Turn 14</h2><div class="spacer battle-history"><br></div><div class="battle-history">Vaporeon used <strong>Scald</strong>!<br></div><div class="battle-history"><small>(The opposing piller man lost <abbr title="−113/351">32.2%</abbr> of its health!)</small><br></div><div class="spacer battle-history"><br></div><div class="battle-history">The opposing piller man fainted!<br></div><div class="spacer battle-history"><br></div><div class="battle-history"><small>Vaporeon restored a little HP using its Leftovers!</small><br></div><div class="spacer battle-history"><br></div><div class="battle-history">acook15 sent out blue knight (<strong>Gallade</strong>)!<br></div><div class="spacer battle-history"><br></div><h2 class="battle-history">Turn 15</h2><div class="spacer battle-history"><br></div><div class="battle-history">Vaporeon used <strong>Protect</strong>!<br></div><div class="battle-history"><small>Vaporeon protected itself!</small><br></div><div class="spacer battle-history"><br></div><div class="battle-history">The opposing blue knight used <strong>Earthquake</strong>!<br></div><div class="battle-history"><small>Vaporeon protected itself!</small><br></div><div class="spacer battle-history"><br></div><div class="battle-history"><small>Vaporeon restored a little HP using its Leftovers!</small><br></div><div class="spacer battle-history"><br></div><h2 class="battle-history">Turn 16</h2><div class="spacer battle-history"><br></div><div class="battle-history">The opposing blue knight used <strong>Disable</strong>!<br></div><div class="battle-history"><small>Vaporeon's Protect was disabled!</small><br></div><div class="spacer battle-history"><br></div><div class="battle-history">Vaporeon used <strong>Scald</strong>!<br></div><div class="battle-history"><small>(The opposing blue knight lost <abbr title="−96/277">34.7%</abbr> of its health!)</small><br></div><div class="battle-history"><small>The opposing blue knight was burned!</small><br></div><div class="spacer battle-history"><br></div><div class="battle-history"><small>Vaporeon restored a little HP using its Leftovers!</small><br></div><div class="battle-history"><small>The opposing blue knight was hurt by its burn!</small><br></div><div class="spacer battle-history"><br></div><h2 class="battle-history">Turn 17</h2><div class="spacer battle-history"><br></div><div class="battle-history">Vaporeon, come back!<br></div><div class="battle-history">Go! <strong>Mandibuzz</strong>!<br></div><div class="spacer battle-history"><br></div><div class="battle-history">The opposing blue knight used <strong>Earthquake</strong>!<br></div><div class="battle-history"><small>It doesn't affect Mandibuzz...</small><br></div><div class="spacer battle-history"><br></div><div class="battle-history"><small>The opposing blue knight was hurt by its burn!</small><br></div><div class="spacer battle-history"><br></div><h2 class="battle-history">Turn 18</h2><div class="spacer battle-history"><br></div><div class="battle-history">The opposing blue knight used <strong>Bulk Up</strong>!<br></div><div class="battle-history"><small>The opposing blue knight's Attack rose!</small><br></div><div class="battle-history"><small>The opposing blue knight's Defense rose!</small><br></div><div class="spacer battle-history"><br></div><div class="battle-history">Mandibuzz used <strong>Foul Play</strong>!<br></div><div class="battle-history"><small>A critical hit!</small><br></div><div class="battle-history"><small>(The opposing blue knight lost <abbr title="−113/277">40.8%</abbr> of its health!)</small><br></div><div class="spacer battle-history"><br></div><div class="battle-history">The opposing blue knight fainted!<br></div><div class="spacer battle-history"><br></div><div class="battle-history">acook15 sent out batman (<strong>Noivern</strong>)!<br></div><div class="battle-history"><small>[The opposing batman's Frisk]</small><br><small>The opposing batman frisked Mandibuzz and found its Leftovers!</small><br></div><div class="spacer battle-history"><br></div><h2 class="battle-history">Turn 19</h2><div class="spacer battle-history"><br></div><div class="battle-history">The opposing batman used <strong>Brick Break</strong>!<br></div><div class="battle-history"><small>(Mandibuzz lost <abbr title="−29/424">6.8%</abbr> of its health!)</small><br></div><div class="spacer battle-history"><br></div><div class="battle-history">Mandibuzz used <strong>Foul Play</strong>!<br></div><div class="battle-history"><small>(The opposing batman lost <abbr title="−105/311">33.8%</abbr> of its health!)</small><br></div><div class="spacer battle-history"><br></div><div class="battle-history"><small>The opposing batman restored a little HP using its Leftovers!</small><br></div><div class="battle-history"><small>Mandibuzz restored a little HP using its Leftovers!</small><br></div><div class="spacer battle-history"><br></div><h2 class="battle-history">Turn 20</h2><div class="spacer battle-history"><br></div><div class="battle-history">The opposing batman used <strong>Boomburst</strong>!<br></div><div class="battle-history"><small>A critical hit!</small><br></div><div class="battle-history"><small>(Mandibuzz lost <abbr title="−173/424">40.8%</abbr> of its health!)</small><br></div><div class="spacer battle-history"><br></div><div class="battle-history">Mandibuzz used <strong>Foul Play</strong>!<br></div><div class="battle-history"><small>(The opposing batman lost <abbr title="−100/311">32.2%</abbr> of its health!)</small><br></div><div class="spacer battle-history"><br></div><div class="battle-history"><small>The opposing batman restored a little HP using its Leftovers!</small><br></div><div class="battle-history"><small>Mandibuzz restored a little HP using its Leftovers!</small><br></div><div class="spacer battle-history"><br></div><h2 class="battle-history">Turn 21</h2><div class="spacer battle-history"><br></div><div class="battle-history">The opposing batman used <strong>Draco Meteor</strong>!<br></div><div class="battle-history"><small>A critical hit!</small><br></div><div class="battle-history"><small>(Mandibuzz lost <abbr title="−252/424">59.4%</abbr> of its health!)</small><br></div><div class="battle-history"><small>The opposing batman's Special Attack fell harshly!</small><br></div><div class="spacer battle-history"><br></div><div class="battle-history">Mandibuzz used <strong>Roost</strong>!<br></div><div class="battle-history"><small>Mandibuzz restored its HP.</small><br></div><div class="spacer battle-history"><br></div><div class="battle-history"><small>The opposing batman restored a little HP using its Leftovers!</small><br></div><div class="battle-history"><small>Mandibuzz restored a little HP using its Leftovers!</small><br></div><div class="spacer battle-history"><br></div><h2 class="battle-history">Turn 22</h2><div class="spacer battle-history"><br></div><div class="battle-history">The opposing batman used <strong>Draco Meteor</strong>!<br></div><div class="battle-history"><small>(Mandibuzz lost <abbr title="−82/424">19.3%</abbr> of its health!)</small><br></div><div class="battle-history"><small>The opposing batman's Special Attack fell harshly!</small><br></div><div class="spacer battle-history"><br></div><div class="battle-history">Mandibuzz used <strong>Roost</strong>!<br></div><div class="battle-history"><small>Mandibuzz restored its HP.</small><br></div><div class="spacer battle-history"><br></div><div class="battle-history"><small>The opposing batman restored a little HP using its Leftovers!</small><br></div><div class="battle-history"><small>Mandibuzz restored a little HP using its Leftovers!</small><br></div><div class="spacer battle-history"><br></div><h2 class="battle-history">Turn 23</h2><div class="spacer battle-history"><br></div><div class="battle-history">The opposing batman used <strong>Draco Meteor</strong>!<br></div><div class="battle-history"><small>(Mandibuzz lost <abbr title="−54/424">12.7%</abbr> of its health!)</small><br></div><div class="battle-history"><small>The opposing batman's Special Attack fell harshly!</small><br></div><div class="spacer battle-history"><br></div><div class="battle-history">Mandibuzz used <strong>Foul Play</strong>!<br></div><div class="battle-history"><small>(The opposing batman lost <abbr title="−102/311">32.8%</abbr> of its health!)</small><br></div><div class="spacer battle-history"><br></div><div class="battle-history"><small>The opposing batman restored a little HP using its Leftovers!</small><br></div><div class="battle-history"><small>Mandibuzz restored a little HP using its Leftovers!</small><br></div><div class="spacer battle-history"><br></div><h2 class="battle-history">Turn 24</h2><div class="spacer battle-history"><br></div><div class="battle-history">The opposing batman used <strong>Dark Pulse</strong>!<br></div><div class="battle-history"><small>It's not very effective...</small><br></div><div class="battle-history"><small>(Mandibuzz lost <abbr title="−8/424">1.9%</abbr> of its health!)</small><br></div><div class="spacer battle-history"><br></div><div class="battle-history">Mandibuzz used <strong>U-turn</strong>!<br></div><div class="battle-history"><small>It's not very effective...</small><br></div><div class="battle-history"><small>A critical hit!</small><br></div><div class="battle-history"><small>(The opposing batman lost <abbr title="−34/311">10.9%</abbr> of its health!)</small><br></div><div class="spacer battle-history"><br></div><div class="battle-history">Mandibuzz went back to fw36!<br></div><div class="battle-history">Go! Beedrill (<strong>Beedrill-Mega</strong>)!<br></div><div class="spacer battle-history"><br></div><div class="battle-history"><small>The opposing batman restored a little HP using its Leftovers!</small><br></div><div class="spacer battle-history"><br></div><h2 class="battle-history">Turn 25</h2><div class="spacer battle-history"><br></div><div class="battle-history">acook15 withdrew batman!<br></div><div class="battle-history">acook15 sent out mankay (<strong>Darmanitan</strong>)!<br></div><div class="spacer battle-history"><br></div><div class="battle-history">Beedrill used <strong>Poison Jab</strong>!<br></div><div class="battle-history"><small>(The opposing mankay lost <abbr title="−312/351">88.9%</abbr> of its health!)</small><br></div><div class="spacer battle-history"><br></div><div class="battle-history">The opposing mankay fainted!<br></div><div class="chat chatmessage-fw36"><strong style="color:hsl(122,76%,36.4134245672498%)"><small>☆</small><span class="username" data-name="fw36">fw36</span>:</strong> <em>lol</em></div><div class="spacer battle-history"><br></div><div class="battle-history">acook15 sent out king monkey (<strong>Infernape</strong>)!<br></div><div class="spacer battle-history"><br></div><h2 class="battle-history">Turn 26</h2><div class="spacer battle-history"><br></div><div class="battle-history">Beedrill used <strong>Poison Jab</strong>!<br></div><div class="battle-history"><small>(The opposing king monkey lost <abbr title="−284/293">96.9%</abbr> of its health!)</small><br></div><div class="spacer battle-history"><br></div><div class="battle-history">The opposing king monkey used <strong>Blaze Kick</strong>!<br></div><div class="battle-history"><small>It's super effective!</small><br></div><div class="battle-history"><small>(Beedrill lost <abbr title="−272/272">100%</abbr> of its health!)</small><br></div><div class="spacer battle-history"><br></div><div class="battle-history">Beedrill fainted!<br></div><div class="chat chatmessage-fw36"><strong style="color:hsl(122,76%,36.4134245672498%)"><small>☆</small><span class="username" data-name="fw36">fw36</span>:</strong> <em>4</em></div><div class="chat chatmessage-fw36"><strong style="color:hsl(122,76%,36.4134245672498%)"><small>☆</small><span class="username" data-name="fw36">fw36</span>:</strong> <em>uh</em></div><div class="spacer battle-history"><br></div><div class="battle-history">Go! <strong>Mandibuzz</strong>!<br></div><div class="spacer battle-history"><br></div><h2 class="battle-history">Turn 27</h2><div class="spacer battle-history"><br></div><div class="battle-history">The opposing king monkey used <strong>Close Combat</strong>!<br></div><div class="battle-history"><small>A critical hit!</small><br></div><div class="battle-history"><small>(Mandibuzz lost <abbr title="−162/424">38.2%</abbr> of its health!)</small><br></div><div class="battle-history"><small>The opposing king monkey's Defense fell!</small><br></div><div class="battle-history"><small>The opposing king monkey's Special Defense fell!</small><br></div><div class="spacer battle-history"><br></div><div class="battle-history">Mandibuzz used <strong>U-turn</strong>!<br></div><div class="battle-history"><small>It's not very effective...</small><br></div><div class="battle-history"><small>(The opposing king monkey lost <abbr title="−9/293">3.1%</abbr> of its health!)</small><br></div><div class="spacer battle-history"><br></div><div class="battle-history">The opposing king monkey fainted!<br></div><div class="spacer battle-history"><br></div><div class="battle-history">Mandibuzz went back to fw36!<br></div><div class="battle-history">Go! <strong>Roserade</strong>!<br></div><div class="spacer battle-history"><br></div><div class="battle-history">acook15 sent out batman (<strong>Noivern</strong>)!<br></div><div class="battle-history"><small>[The opposing batman's Frisk]</small><br><small>The opposing batman frisked Roserade and found its Life Orb!</small><br></div><div class="spacer battle-history"><br></div><h2 class="battle-history">Turn 28</h2><div class="spacer battle-history"><br></div><div class="battle-history">Roserade used <strong>Sludge Bomb</strong>!<br></div><div class="battle-history"><small>(The opposing batman lost <abbr title="−84/311">27.0%</abbr> of its health!)</small><br></div><div class="battle-history"><small>Roserade lost some of its HP!</small><br></div><div class="spacer battle-history"><br></div><div class="battle-history">The opposing batman fainted!<br></div><div class="spacer battle-history"><br></div><div class="battle-history"><strong>fw36</strong> won the battle!<br></div></div><div class="inner-preempt"></div></div></div>
</div>
<script>
let daily = Math.floor(Date.now()/1000/60/60/24);document.write('<script src="https://play.pokemonshowdown.com/js/replay-embed.js?version'+daily+'"></'+'script>');
</script>
