<!DOCTYPE html>
<meta charset="utf-8" />
<!-- version 1 -->
<title>UU replay: ParnStar vs. SpookyTV</title>
<style>
html,body {font-family:Verdana, sans-serif;font-size:10pt;margin:0;padding:0;}body{padding:12px 0;} .battle-log {font-family:Verdana, sans-serif;font-size:10pt;} .battle-log-inline {border:1px solid #AAAAAA;background:#EEF2F5;color:black;max-width:640px;margin:0 auto 80px;padding-bottom:5px;} .battle-log .inner {padding:4px 8px 0px 8px;} .battle-log .inner-preempt {padding:0 8px 4px 8px;} .battle-log .inner-after {margin-top:0.5em;} .battle-log h2 {margin:0.5em -8px;padding:4px 8px;border:1px solid #AAAAAA;background:#E0E7EA;border-left:0;border-right:0;font-family:Verdana, sans-serif;font-size:13pt;} .battle-log .chat {vertical-align:middle;padding:3px 0 3px 0;font-size:8pt;} .battle-log .chat strong {color:#40576A;} .battle-log .chat em {padding:1px 4px 1px 3px;color:#000000;font-style:normal;} .chat.mine {background:rgba(0,0,0,0.05);margin-left:-8px;margin-right:-8px;padding-left:8px;padding-right:8px;} .spoiler {color:#BBBBBB;background:#BBBBBB;padding:0px 3px;} .spoiler:hover, .spoiler:active, .spoiler-shown {color:#000000;background:#E2E2E2;padding:0px 3px;} .spoiler a {color:#BBBBBB;} .spoiler:hover a, .spoiler:active a, .spoiler-shown a {color:#2288CC;} .chat code, .chat .spoiler:hover code, .chat .spoiler:active code, .chat .spoiler-shown code {border:1px solid #C0C0C0;background:#EEEEEE;color:black;padding:0 2px;} .chat .spoiler code {border:1px solid #CCCCCC;background:#CCCCCC;color:#CCCCCC;} .battle-log .rated {padding:3px 4px;} .battle-log .rated strong {color:white;background:#89A;padding:1px 4px;border-radius:4px;} .spacer {margin-top:0.5em;} .message-announce {background:#6688AA;color:white;padding:1px 4px 2px;} .message-announce a, .broadcast-green a, .broadcast-blue a, .broadcast-red a {color:#DDEEFF;} .broadcast-green {background-color:#559955;color:white;padding:2px 4px;} .broadcast-blue {background-color:#6688AA;color:white;padding:2px 4px;} .infobox {border:1px solid #6688AA;padding:2px 4px;} .infobox-limited {max-height:200px;overflow:auto;overflow-x:hidden;} .broadcast-red {background-color:#AA5544;color:white;padding:2px 4px;} .message-learn-canlearn {font-weight:bold;color:#228822;text-decoration:underline;} .message-learn-cannotlearn {font-weight:bold;color:#CC2222;text-decoration:underline;} .message-effect-weak {font-weight:bold;color:#CC2222;} .message-effect-resist {font-weight:bold;color:#6688AA;} .message-effect-immune {font-weight:bold;color:#666666;} .message-learn-list {margin-top:0;margin-bottom:0;} .message-throttle-notice, .message-error {color:#992222;} .message-overflow, .chat small.message-overflow {font-size:0pt;} .message-overflow::before {font-size:9pt;content:'...';} .subtle {color:#3A4A66;}
</style>
<div class="wrapper replay-wrapper" style="max-width:1180px;margin:0 auto">
<input type="hidden" name="replayid" value="uu-537561392" />
<div class="battle"></div><div class="battle-log"></div><div class="replay-controls"></div><div class="replay-controls-2"></div>
<h1 style="font-weight:normal;text-align:center"><strong>UU</strong><br /><a href="http://pokemonshowdown.com/users/parnstar" class="subtle" target="_blank">ParnStar</a> vs. <a href="http://pokemonshowdown.com/users/spookytv" class="subtle" target="_blank">SpookyTV</a></h1>
<script type="text/plain" class="battle-log-data">|j|ParnStar
|j|SpookyTV
|player|p1|ParnStar|24
|player|p2|SpookyTV|2
|gametype|singles
|gen|6
|tier|UU
|rated
|seed|17175,57462,1683,32207
|rule|Sleep Clause Mod: Limit one foe put to sleep
|rule|Species Clause: Limit one of each Pokémon
|rule|OHKO Clause: OHKO moves are banned
|rule|Moody Clause: Moody is banned
|rule|Evasion Moves Clause: Evasion moves are banned
|rule|Endless Battle Clause: Forcing endless battles is banned
|rule|HP Percentage Mod: HP is shown in percentages
|clearpoke
|poke|p1|Conkeldurr, M, shiny|item
|poke|p1|Magneton, shiny|item
|poke|p1|Porygon-Z|item
|poke|p1|Whimsicott, M, shiny|item
|poke|p1|Entei, shiny|item
|poke|p1|Tentacruel, F|item
|poke|p2|Chandelure, M|item
|poke|p2|Whimsicott, F|item
|poke|p2|Yanmega, F|item
|poke|p2|Absol, M|item
|poke|p2|Mamoswine, F|item
|poke|p2|Empoleon, M|item
|rule|Swagger Clause: Swagger is banned
|rule|Baton Pass Clause: Limit one Baton Passer, can't pass Spe and other stats simultaneously
|teampreview
|c|★ParnStar|Glhf
|choice|team 1, team 2, team 3, team 4, team 5, team 6|team 5, team 2, team 3, team 4, team 1, team 6
|
|start
|switch|p1a: Mandingo|Conkeldurr, M, shiny|414\/414
|switch|p2a: Mamoswine|Mamoswine, F|362\/362
|turn|1
|choice|move drainpunch|move stealthrock
|
|move|p2a: Mamoswine|Stealth Rock|p1a: Mandingo
|-sidestart|p1: ParnStar|move: Stealth Rock
|move|p1a: Mandingo|Drain Punch|p2a: Mamoswine
|-supereffective|p2a: Mamoswine
|-crit|p2a: Mamoswine
|-enditem|p2a: Mamoswine|Focus Sash
|-damage|p2a: Mamoswine|1\/362
|
|-status|p1a: Mandingo|brn|[from] item: Flame Orb
|upkeep
|turn|2
|c|★SpookyTV|glhf
|choice|move machpunch|move endeavor
|
|move|p1a: Mandingo|Mach Punch|p2a: Mamoswine
|-supereffective|p2a: Mamoswine
|-damage|p2a: Mamoswine|0 fnt
|faint|p2a: Mamoswine
|
|-damage|p1a: Mandingo|363\/414 brn|[from] brn
|upkeep
|choice||switch 3
|
|switch|p2a: Yanmega|Yanmega, F|313\/313
|turn|3
|choice|switch 2|move aircutter
|
|switch|p1a: Alpha|Magneton, shiny|303\/303
|-damage|p1a: Alpha|285\/303|[from] Stealth Rock
|move|p2a: Yanmega|Air Cutter|p1a: Alpha
|-resisted|p1a: Alpha
|-damage|p1a: Alpha|253\/303
|-damage|p2a: Yanmega|282\/313|[from] item: Life Orb
|
|-ability|p2a: Yanmega|Speed Boost|boost
|-boost|p2a: Yanmega|spe|1
|upkeep
|turn|4
|choice|move thunderbolt|switch 2
|
|switch|p2a: Whimsicott|Whimsicott, F|323\/323
|move|p1a: Alpha|Thunderbolt|p2a: Whimsicott
|-resisted|p2a: Whimsicott
|-damage|p2a: Whimsicott|177\/323
|
|-heal|p2a: Whimsicott|197\/323|[from] item: Leftovers
|upkeep
|turn|5
|choice|move flashcannon|switch 5
|
|switch|p2a: Chandelure|Chandelure, M|261\/261
|move|p1a: Alpha|Flash Cannon|p2a: Chandelure
|-resisted|p2a: Chandelure
|-damage|p2a: Chandelure|150\/261
|-unboost|p2a: Chandelure|spd|1
|
|upkeep
|turn|6
|choice|switch 6|move flamethrower
|
|switch|p1a: Hitomi Tanaka|Tentacruel, F|301\/301
|-damage|p1a: Hitomi Tanaka|264\/301|[from] Stealth Rock
|move|p2a: Chandelure|Flamethrower|p1a: Hitomi Tanaka
|-resisted|p1a: Hitomi Tanaka
|-damage|p1a: Hitomi Tanaka|183\/301
|
|-heal|p1a: Hitomi Tanaka|201\/301|[from] item: Black Sludge
|upkeep
|turn|7
|choice|move hydropump|switch 6
|
|switch|p2a: Empoleon|Empoleon, M|362\/362
|move|p1a: Hitomi Tanaka|Hydro Pump|p2a: Empoleon
|-resisted|p2a: Empoleon
|-damage|p2a: Empoleon|291\/362
|
|-heal|p1a: Hitomi Tanaka|219\/301|[from] item: Black Sludge
|upkeep
|turn|8
|choice|move hydropump|move grassknot
|
|move|p1a: Hitomi Tanaka|Hydro Pump|p2a: Empoleon|[miss]
|-miss|p1a: Hitomi Tanaka|p2a: Empoleon
|move|p2a: Empoleon|Grass Knot|p1a: Hitomi Tanaka
|-damage|p1a: Hitomi Tanaka|132\/301
|
|-heal|p1a: Hitomi Tanaka|150\/301|[from] item: Black Sludge
|upkeep
|turn|9
|choice|move rapidspin|move grassknot
|
|move|p1a: Hitomi Tanaka|Rapid Spin|p2a: Empoleon
|-resisted|p2a: Empoleon
|-damage|p2a: Empoleon|286\/362
|-sideend|p1: ParnStar|Stealth Rock|[from] move: Rapid Spin|[of] p1a: Hitomi Tanaka
|move|p2a: Empoleon|Grass Knot|p1a: Hitomi Tanaka
|-damage|p1a: Hitomi Tanaka|77\/301
|
|-heal|p1a: Hitomi Tanaka|95\/301|[from] item: Black Sludge
|upkeep
|turn|10
|choice|switch 6|move scald
|
|switch|p1a: Alpha|Magneton, shiny|253\/303
|move|p2a: Empoleon|Scald|p1a: Alpha
|-damage|p1a: Alpha|121\/303
|
|upkeep
|turn|11
|choice|move voltswitch|move scald
|
|move|p1a: Alpha|Volt Switch|p2a: Empoleon
|-supereffective|p2a: Empoleon
|-damage|p2a: Empoleon|22\/362
|choice|switch 4|
|
|switch|p1a: Presscott|Whimsicott, M, shiny|261\/261
|move|p2a: Empoleon|Scald|p1a: Presscott
|-resisted|p1a: Presscott
|-damage|p1a: Presscott|123\/261
|
|upkeep
|turn|12
|choice|move gigadrain|move icebeam
|
|move|p1a: Presscott|Giga Drain|p2a: Empoleon
|-damage|p2a: Empoleon|0 fnt
|-heal|p1a: Presscott|134\/261|[from] drain|[of] p2a: Empoleon
|faint|p2a: Empoleon
|
|upkeep
|choice||switch 6
|
|switch|p2a: Chandelure|Chandelure, M|150\/261
|turn|13
|choice|move moonblast|move flamethrower
|
|move|p2a: Chandelure|Flamethrower|p1a: Presscott
|-supereffective|p1a: Presscott
|-damage|p1a: Presscott|0 fnt
|faint|p1a: Presscott
|
|upkeep
|choice|switch 2|
|
|switch|p1a: Mandingo|Conkeldurr, M, shiny|363\/414 brn
|turn|14
|choice|move poisonjab|switch 2
|
|switch|p2a: Yanmega|Yanmega, F|282\/313
|move|p1a: Mandingo|Poison Jab|p2a: Yanmega
|-damage|p2a: Yanmega|90\/313
|
|-damage|p1a: Mandingo|312\/414 brn|[from] brn
|upkeep
|turn|15
|choice|switch 6|move protect
|
|switch|p1a: Hitomi Tanaka|Tentacruel, F|95\/301
|move|p2a: Yanmega|Protect|p2a: Yanmega
|-fail|p2a: Yanmega
|
|-heal|p1a: Hitomi Tanaka|113\/301|[from] item: Black Sludge
|-ability|p2a: Yanmega|Speed Boost|boost
|-boost|p2a: Yanmega|spe|1
|upkeep
|turn|16
|choice|move sludgewave|move aircutter
|
|move|p2a: Yanmega|Air Cutter|p1a: Hitomi Tanaka
|-damage|p1a: Hitomi Tanaka|0 fnt
|-damage|p2a: Yanmega|59\/313|[from] item: Life Orb
|faint|p1a: Hitomi Tanaka
|
|-ability|p2a: Yanmega|Speed Boost|boost
|-boost|p2a: Yanmega|spe|1
|upkeep
|choice|switch 5|
|
|switch|p1a: Ash could of caugh|Entei, shiny|371\/371
|-ability|p1a: Ash could of caugh|Pressure
|turn|17
|choice|move extremespeed|move protect
|
|move|p2a: Yanmega|Protect|p2a: Yanmega
|-singleturn|p2a: Yanmega|Protect
|move|p1a: Ash could of caugh|Extreme Speed|p2a: Yanmega
|-activate|p2a: Yanmega|move: Protect
|
|-ability|p2a: Yanmega|Speed Boost|boost
|-boost|p2a: Yanmega|spe|1
|upkeep
|turn|18
|choice|move extremespeed|move aircutter
|
|move|p1a: Ash could of caugh|Extreme Speed|p2a: Yanmega
|-damage|p2a: Yanmega|0 fnt
|faint|p2a: Yanmega
|
|upkeep
|choice||switch 5
|
|switch|p2a: Whimsicott|Whimsicott, F|197\/323
|turn|19
|choice|switch 4|switch 2
|
|switch|p1a: Alpha|Magneton, shiny|121\/303
|switch|p2a: Chandelure|Chandelure, M|150\/261
|
|upkeep
|turn|20
|choice|move voltswitch|move flamethrower
|
|move|p2a: Chandelure|Flamethrower|p1a: Alpha
|-supereffective|p1a: Alpha
|-damage|p1a: Alpha|0 fnt
|faint|p1a: Alpha
|
|upkeep
|choice|switch 4|
|
|switch|p1a: Ash could of caugh|Entei, shiny|371\/371
|-ability|p1a: Ash could of caugh|Pressure
|turn|21
|choice|move bulldoze|switch 2
|
|switch|p2a: Whimsicott|Whimsicott, F|197\/323
|move|p1a: Ash could of caugh|Bulldoze|p2a: Whimsicott
|-resisted|p2a: Whimsicott
|-damage|p2a: Whimsicott|169\/323
|-unboost|p2a: Whimsicott|spe|1
|
|-heal|p2a: Whimsicott|189\/323|[from] item: Leftovers
|upkeep
|turn|22
|choice|move bulldoze|move encore
|
|move|p2a: Whimsicott|Encore|p1a: Ash could of caugh
|-start|p1a: Ash could of caugh|Encore
|move|p1a: Ash could of caugh|Bulldoze|p2a: Whimsicott
|-resisted|p2a: Whimsicott
|-crit|p2a: Whimsicott
|-damage|p2a: Whimsicott|150\/323
|-unboost|p2a: Whimsicott|spe|1
|
|-heal|p2a: Whimsicott|170\/323|[from] item: Leftovers
|upkeep
|turn|23
|choice|switch 3|move leechseed
|
|switch|p1a: beta|Porygon-Z|311\/311
|move|p2a: Whimsicott|Leech Seed|p1a: beta
|-start|p1a: beta|move: Leech Seed
|
|-heal|p2a: Whimsicott|190\/323|[from] item: Leftovers
|-damage|p1a: beta|273\/311|[from] Leech Seed|[of] p2a: Whimsicott
|-heal|p2a: Whimsicott|228\/323|[silent]
|upkeep
|turn|24
|choice|move psyshock|move substitute
|
|move|p2a: Whimsicott|Substitute|p2a: Whimsicott
|-start|p2a: Whimsicott|Substitute
|-damage|p2a: Whimsicott|148\/323
|move|p1a: beta|Psyshock|p2a: Whimsicott
|-end|p2a: Whimsicott|Substitute
|
|-heal|p2a: Whimsicott|168\/323|[from] item: Leftovers
|-damage|p1a: beta|235\/311|[from] Leech Seed|[of] p2a: Whimsicott
|-heal|p2a: Whimsicott|206\/323|[silent]
|upkeep
|turn|25
|choice|switch 6|move substitute
|
|switch|p1a: Mandingo|Conkeldurr, M, shiny|312\/414 brn
|move|p2a: Whimsicott|Substitute|p2a: Whimsicott
|-start|p2a: Whimsicott|Substitute
|-damage|p2a: Whimsicott|126\/323
|
|-heal|p2a: Whimsicott|146\/323|[from] item: Leftovers
|-damage|p1a: Mandingo|261\/414 brn|[from] brn
|upkeep
|turn|26
|choice|switch 6|move leechseed
|
|switch|p1a: beta|Porygon-Z|235\/311
|move|p2a: Whimsicott|Leech Seed|p1a: beta
|-start|p1a: beta|move: Leech Seed
|
|-heal|p2a: Whimsicott|166\/323|[from] item: Leftovers
|-damage|p1a: beta|197\/311|[from] Leech Seed|[of] p2a: Whimsicott
|-heal|p2a: Whimsicott|204\/323|[silent]
|upkeep
|turn|27
|choice|move uproar|move toxic
|
|move|p2a: Whimsicott|Toxic|p1a: beta
|-status|p1a: beta|tox
|move|p1a: beta|Uproar|p2a: Whimsicott
|-damage|p2a: Whimsicott|0 fnt
|-start|p1a: beta|Uproar
|faint|p2a: Whimsicott
|
|-start|p1a: beta|Uproar|[upkeep]
|-damage|p1a: beta|178\/311 tox|[from] psn
|upkeep
|choice||switch 2
|
|switch|p2a: Chandelure|Chandelure, M|150\/261
|turn|28
|choice|move uproar|switch 4
|
|switch|p2a: Absol|Absol, M|271\/271
|move|p1a: beta|Uproar|p2a: Absol|[from]lockedmove
|-damage|p2a: Absol|0 fnt
|faint|p2a: Absol
|
|-start|p1a: beta|Uproar|[upkeep]
|-damage|p1a: beta|140\/311 tox|[from] psn
|upkeep
|choice||switch 4
|
|switch|p2a: Chandelure|Chandelure, M|150\/261
|turn|29
|c|★ParnStar|??
|c|★SpookyTV|miss clic
|choice|move uproar|move flamethrower
|
|move|p2a: Chandelure|Flamethrower|p1a: beta
|-crit|p1a: beta
|-damage|p1a: beta|0 fnt
|faint|p1a: beta
|
|upkeep
|c|★SpookyTV|my pc is old x)
|c|★ParnStar|Ah
|choice|switch 3|
|
|switch|p1a: Ash could of caugh|Entei, shiny|371\/371
|-ability|p1a: Ash could of caugh|Pressure
|turn|30
|choice|move bulldoze|move flamethrower
|
|move|p2a: Chandelure|Flamethrower|p1a: Ash could of caugh
|-resisted|p1a: Ash could of caugh
|-damage|p1a: Ash could of caugh|254\/371
|move|p1a: Ash could of caugh|Bulldoze|p2a: Chandelure
|-supereffective|p2a: Chandelure
|-damage|p2a: Chandelure|0 fnt
|faint|p2a: Chandelure
|
|win|ParnStar
|player|p1
|player|p2
|l|SpookyTV
|raw|ParnStar's rating: 1378 &rarr; <strong>1389<\/strong><br \/>(+11 for winning)
|raw|SpookyTV's rating: 1203 &rarr; <strong>1190<\/strong><br \/>(-13 for losing)
|c|★ParnStar|Gg</script>
</div>
<div class="battle-log battle-log-inline"><div class="inner"><div class="battle-options"></div><div class="inner"><div class="chat"><small>ParnStar joined.</small></div><div class="chat"><small>SpookyTV joined.</small></div><div class=""><small>Format:</small> <br><strong>UU</strong></div><div class="rated"><strong>Rated battle</strong></div><div class=""><small><em>Sleep Clause Mod:</em> Limit one foe put to sleep</small></div><div class=""><small><em>Species Clause:</em> Limit one of each Pokémon</small></div><div class=""><small><em>OHKO Clause:</em> OHKO moves are banned</small></div><div class=""><small><em>Moody Clause:</em> Moody is banned</small></div><div class=""><small><em>Evasion Moves Clause:</em> Evasion moves are banned</small></div><div class=""><small><em>Endless Battle Clause:</em> Forcing endless battles is banned</small></div><div class=""><small><em>HP Percentage Mod:</em> HP is shown in percentages</small></div><div class=""><small><em>Swagger Clause:</em> Swagger is banned</small></div><div class=""><small><em>Baton Pass Clause:</em> Limit one Baton Passer, can't pass Spe and other stats simultaneously</small></div><div class="chat battle-history"><strong>ParnStar's team:</strong> <em style="color:#445566;display:block;">Conkeldurr / Magneton / Porygon-Z / Whimsicott / Entei / Tentacruel</em></div><div class="chat battle-history"><strong>SpookyTV's team:</strong> <em style="color:#445566;display:block;">Chandelure / Whimsicott / Yanmega / Absol / Mamoswine / Empoleon</em></div><div class="chat chatmessage-parnstar"><strong style="color:hsl(41,84%,41.163999978976825%)"><small>★</small><span class="username" data-name="ParnStar">ParnStar</span>:</strong> <em>Glhf</em></div><div class="spacer battle-history"><br></div><div class="battle-history">Battle started between ParnStar and SpookyTV!<br></div><div class="spacer battle-history"><br></div><div class="battle-history">Go! Mandingo (<strong>Conkeldurr</strong>)!<br></div><div class="spacer battle-history"><br></div><div class="battle-history">SpookyTV sent out <strong>Mamoswine</strong>!<br></div><div class="spacer battle-history"><br></div><h2 class="battle-history">Turn 1</h2><div class="spacer battle-history"><br></div><div class="battle-history">The opposing Mamoswine used <strong>Stealth Rock</strong>!<br></div><div class="battle-history"><small>Pointed stones float in the air around your team!</small><br></div><div class="spacer battle-history"><br></div><div class="battle-history">Mandingo used <strong>Drain Punch</strong>!<br></div><div class="battle-history"><small>It's super effective!</small><br></div><div class="battle-history"><small>A critical hit!</small><br></div><div class="battle-history"><small>The opposing Mamoswine hung on using its Focus Sash!</small><br></div><div class="battle-history"><small>(The opposing Mamoswine lost <abbr title="−361/362">99.7%</abbr> of its health!)</small><br></div><div class="spacer battle-history"><br></div><div class="battle-history"><small>Mandingo was burned!</small><br></div><div class="spacer battle-history"><br></div><h2 class="battle-history">Turn 2</h2><div class="chat chatmessage-spookytv"><strong style="color:hsl(354,81%,45%)"><small>★</small><span class="username" data-name="SpookyTV">SpookyTV</span>:</strong> <em>glhf</em></div><div class="spacer battle-history"><br></div><div class="battle-history">Mandingo used <strong>Mach Punch</strong>!<br></div><div class="battle-history"><small>It's super effective!</small><br></div><div class="battle-history"><small>(The opposing Mamoswine lost <abbr title="−1/362">0.3%</abbr> of its health!)</small><br></div><div class="spacer battle-history"><br></div><div class="battle-history">The opposing Mamoswine fainted!<br></div><div class="spacer battle-history"><br></div><div class="battle-history"><small>Mandingo was hurt by its burn!</small><br></div><div class="spacer battle-history"><br></div><div class="battle-history">SpookyTV sent out <strong>Yanmega</strong>!<br></div><div class="spacer battle-history"><br></div><h2 class="battle-history">Turn 3</h2><div class="spacer battle-history"><br></div><div class="battle-history">Mandingo, come back!<br></div><div class="battle-history">Go! Alpha (<strong>Magneton</strong>)!<br></div><div class="battle-history"><small>Pointed stones dug into Alpha!</small><br></div><div class="spacer battle-history"><br></div><div class="battle-history">The opposing Yanmega used <strong>Air Cutter</strong>!<br></div><div class="battle-history"><small>It's not very effective...</small><br></div><div class="battle-history"><small>(Alpha lost <abbr title="−32/303">10.6%</abbr> of its health!)</small><br></div><div class="battle-history"><small>The opposing Yanmega lost some of its HP!</small><br></div><div class="spacer battle-history"><br></div><div class="battle-history"><small>[The opposing Yanmega's Speed Boost]</small><br></div><div class="battle-history"><small>The opposing Yanmega's Speed rose!</small><br></div><div class="spacer battle-history"><br></div><h2 class="battle-history">Turn 4</h2><div class="spacer battle-history"><br></div><div class="battle-history">SpookyTV withdrew Yanmega!<br></div><div class="battle-history">SpookyTV sent out <strong>Whimsicott</strong>!<br></div><div class="spacer battle-history"><br></div><div class="battle-history">Alpha used <strong>Thunderbolt</strong>!<br></div><div class="battle-history"><small>It's not very effective...</small><br></div><div class="battle-history"><small>(The opposing Whimsicott lost <abbr title="−146/323">45.2%</abbr> of its health!)</small><br></div><div class="spacer battle-history"><br></div><div class="battle-history"><small>The opposing Whimsicott restored a little HP using its Leftovers!</small><br></div><div class="spacer battle-history"><br></div><h2 class="battle-history">Turn 5</h2><div class="spacer battle-history"><br></div><div class="battle-history">SpookyTV withdrew Whimsicott!<br></div><div class="battle-history">SpookyTV sent out <strong>Chandelure</strong>!<br></div><div class="spacer battle-history"><br></div><div class="battle-history">Alpha used <strong>Flash Cannon</strong>!<br></div><div class="battle-history"><small>It's not very effective...</small><br></div><div class="battle-history"><small>(The opposing Chandelure lost <abbr title="−111/261">42.5%</abbr> of its health!)</small><br></div><div class="battle-history"><small>The opposing Chandelure's Special Defense fell!</small><br></div><div class="spacer battle-history"><br></div><h2 class="battle-history">Turn 6</h2><div class="spacer battle-history"><br></div><div class="battle-history">Alpha, come back!<br></div><div class="battle-history">Go! Hitomi Tanaka (<strong>Tentacruel</strong>)!<br></div><div class="battle-history"><small>Pointed stones dug into Hitomi Tanaka!</small><br></div><div class="spacer battle-history"><br></div><div class="battle-history">The opposing Chandelure used <strong>Flamethrower</strong>!<br></div><div class="battle-history"><small>It's not very effective...</small><br></div><div class="battle-history"><small>(Hitomi Tanaka lost <abbr title="−81/301">26.9%</abbr> of its health!)</small><br></div><div class="spacer battle-history"><br></div><div class="battle-history"><small>Hitomi Tanaka restored a little HP using its Black Sludge!</small><br></div><div class="spacer battle-history"><br></div><h2 class="battle-history">Turn 7</h2><div class="spacer battle-history"><br></div><div class="battle-history">SpookyTV withdrew Chandelure!<br></div><div class="battle-history">SpookyTV sent out <strong>Empoleon</strong>!<br></div><div class="spacer battle-history"><br></div><div class="battle-history">Hitomi Tanaka used <strong>Hydro Pump</strong>!<br></div><div class="battle-history"><small>It's not very effective...</small><br></div><div class="battle-history"><small>(The opposing Empoleon lost <abbr title="−71/362">19.6%</abbr> of its health!)</small><br></div><div class="spacer battle-history"><br></div><div class="battle-history"><small>Hitomi Tanaka restored a little HP using its Black Sludge!</small><br></div><div class="spacer battle-history"><br></div><h2 class="battle-history">Turn 8</h2><div class="spacer battle-history"><br></div><div class="battle-history">Hitomi Tanaka used <strong>Hydro Pump</strong>!<br></div><div class="battle-history"><small>The opposing Empoleon avoided the attack!</small><br></div><div class="spacer battle-history"><br></div><div class="battle-history">The opposing Empoleon used <strong>Grass Knot</strong>!<br></div><div class="battle-history"><small>(Hitomi Tanaka lost <abbr title="−87/301">28.9%</abbr> of its health!)</small><br></div><div class="spacer battle-history"><br></div><div class="battle-history"><small>Hitomi Tanaka restored a little HP using its Black Sludge!</small><br></div><div class="spacer battle-history"><br></div><h2 class="battle-history">Turn 9</h2><div class="spacer battle-history"><br></div><div class="battle-history">Hitomi Tanaka used <strong>Rapid Spin</strong>!<br></div><div class="battle-history"><small>It's not very effective...</small><br></div><div class="battle-history"><small>(The opposing Empoleon lost <abbr title="−5/362">1.4%</abbr> of its health!)</small><br></div><div class="battle-history"><small>The pointed stones disappeared from around your team!</small><br></div><div class="spacer battle-history"><br></div><div class="battle-history">The opposing Empoleon used <strong>Grass Knot</strong>!<br></div><div class="battle-history"><small>(Hitomi Tanaka lost <abbr title="−73/301">24.3%</abbr> of its health!)</small><br></div><div class="spacer battle-history"><br></div><div class="battle-history"><small>Hitomi Tanaka restored a little HP using its Black Sludge!</small><br></div><div class="spacer battle-history"><br></div><h2 class="battle-history">Turn 10</h2><div class="spacer battle-history"><br></div><div class="battle-history">Hitomi Tanaka, come back!<br></div><div class="battle-history">Go! Alpha (<strong>Magneton</strong>)!<br></div><div class="spacer battle-history"><br></div><div class="battle-history">The opposing Empoleon used <strong>Scald</strong>!<br></div><div class="battle-history"><small>(Alpha lost <abbr title="−132/303">43.6%</abbr> of its health!)</small><br></div><div class="spacer battle-history"><br></div><h2 class="battle-history">Turn 11</h2><div class="spacer battle-history"><br></div><div class="battle-history">Alpha used <strong>Volt Switch</strong>!<br></div><div class="battle-history"><small>It's super effective!</small><br></div><div class="battle-history"><small>(The opposing Empoleon lost <abbr title="−264/362">72.9%</abbr> of its health!)</small><br></div><div class="spacer battle-history"><br></div><div class="battle-history">Alpha went back to ParnStar!<br></div><div class="battle-history">Go! Presscott (<strong>Whimsicott</strong>)!<br></div><div class="spacer battle-history"><br></div><div class="battle-history">The opposing Empoleon used <strong>Scald</strong>!<br></div><div class="battle-history"><small>It's not very effective...</small><br></div><div class="battle-history"><small>(Presscott lost <abbr title="−138/261">52.9%</abbr> of its health!)</small><br></div><div class="spacer battle-history"><br></div><h2 class="battle-history">Turn 12</h2><div class="spacer battle-history"><br></div><div class="battle-history">Presscott used <strong>Giga Drain</strong>!<br></div><div class="battle-history"><small>(The opposing Empoleon lost <abbr title="−22/362">6.1%</abbr> of its health!)</small><br></div><div class="battle-history"><small>The opposing Empoleon had its energy drained!</small><br></div><div class="spacer battle-history"><br></div><div class="battle-history">The opposing Empoleon fainted!<br></div><div class="spacer battle-history"><br></div><div class="battle-history">SpookyTV sent out <strong>Chandelure</strong>!<br></div><div class="spacer battle-history"><br></div><h2 class="battle-history">Turn 13</h2><div class="spacer battle-history"><br></div><div class="battle-history">The opposing Chandelure used <strong>Flamethrower</strong>!<br></div><div class="battle-history"><small>It's super effective!</small><br></div><div class="battle-history"><small>(Presscott lost <abbr title="−134/261">51.3%</abbr> of its health!)</small><br></div><div class="spacer battle-history"><br></div><div class="battle-history">Presscott fainted!<br></div><div class="spacer battle-history"><br></div><div class="battle-history">Go! Mandingo (<strong>Conkeldurr</strong>)!<br></div><div class="spacer battle-history"><br></div><h2 class="battle-history">Turn 14</h2><div class="spacer battle-history"><br></div><div class="battle-history">SpookyTV withdrew Chandelure!<br></div><div class="battle-history">SpookyTV sent out <strong>Yanmega</strong>!<br></div><div class="spacer battle-history"><br></div><div class="battle-history">Mandingo used <strong>Poison Jab</strong>!<br></div><div class="battle-history"><small>(The opposing Yanmega lost <abbr title="−192/313">61.3%</abbr> of its health!)</small><br></div><div class="spacer battle-history"><br></div><div class="battle-history"><small>Mandingo was hurt by its burn!</small><br></div><div class="spacer battle-history"><br></div><h2 class="battle-history">Turn 15</h2><div class="spacer battle-history"><br></div><div class="battle-history">Mandingo, come back!<br></div><div class="battle-history">Go! Hitomi Tanaka (<strong>Tentacruel</strong>)!<br></div><div class="spacer battle-history"><br></div><div class="battle-history">The opposing Yanmega used <strong>Protect</strong>!<br></div><div class="battle-history"><small>But it failed!</small><br></div><div class="spacer battle-history"><br></div><div class="battle-history"><small>Hitomi Tanaka restored a little HP using its Black Sludge!</small><br></div><div class="battle-history"><small>[The opposing Yanmega's Speed Boost]</small><br></div><div class="battle-history"><small>The opposing Yanmega's Speed rose!</small><br></div><div class="spacer battle-history"><br></div><h2 class="battle-history">Turn 16</h2><div class="spacer battle-history"><br></div><div class="battle-history">The opposing Yanmega used <strong>Air Cutter</strong>!<br></div><div class="battle-history"><small>(Hitomi Tanaka lost <abbr title="−113/301">37.5%</abbr> of its health!)</small><br></div><div class="battle-history"><small>The opposing Yanmega lost some of its HP!</small><br></div><div class="spacer battle-history"><br></div><div class="battle-history">Hitomi Tanaka fainted!<br></div><div class="spacer battle-history"><br></div><div class="battle-history"><small>[The opposing Yanmega's Speed Boost]</small><br></div><div class="battle-history"><small>The opposing Yanmega's Speed rose!</small><br></div><div class="spacer battle-history"><br></div><div class="battle-history">Go! Ash could of caugh (<strong>Entei</strong>)!<br></div><div class="battle-history"><small>[Ash could of caugh's Pressure]</small><br><small>Ash could of caugh is exerting its pressure!</small><br></div><div class="spacer battle-history"><br></div><h2 class="battle-history">Turn 17</h2><div class="spacer battle-history"><br></div><div class="battle-history">The opposing Yanmega used <strong>Protect</strong>!<br></div><div class="battle-history"><small>The opposing Yanmega protected itself!</small><br></div><div class="spacer battle-history"><br></div><div class="battle-history">Ash could of caugh used <strong>Extreme Speed</strong>!<br></div><div class="battle-history"><small>The opposing Yanmega protected itself!</small><br></div><div class="spacer battle-history"><br></div><div class="battle-history"><small>[The opposing Yanmega's Speed Boost]</small><br></div><div class="battle-history"><small>The opposing Yanmega's Speed rose!</small><br></div><div class="spacer battle-history"><br></div><h2 class="battle-history">Turn 18</h2><div class="spacer battle-history"><br></div><div class="battle-history">Ash could of caugh used <strong>Extreme Speed</strong>!<br></div><div class="battle-history"><small>(The opposing Yanmega lost <abbr title="−59/313">18.8%</abbr> of its health!)</small><br></div><div class="spacer battle-history"><br></div><div class="battle-history">The opposing Yanmega fainted!<br></div><div class="spacer battle-history"><br></div><div class="battle-history">SpookyTV sent out <strong>Whimsicott</strong>!<br></div><div class="spacer battle-history"><br></div><h2 class="battle-history">Turn 19</h2><div class="spacer battle-history"><br></div><div class="battle-history">Ash could of caugh, come back!<br></div><div class="battle-history">Go! Alpha (<strong>Magneton</strong>)!<br></div><div class="spacer battle-history"><br></div><div class="battle-history">SpookyTV withdrew Whimsicott!<br></div><div class="battle-history">SpookyTV sent out <strong>Chandelure</strong>!<br></div><div class="spacer battle-history"><br></div><h2 class="battle-history">Turn 20</h2><div class="spacer battle-history"><br></div><div class="battle-history">The opposing Chandelure used <strong>Flamethrower</strong>!<br></div><div class="battle-history"><small>It's super effective!</small><br></div><div class="battle-history"><small>(Alpha lost <abbr title="−121/303">39.9%</abbr> of its health!)</small><br></div><div class="spacer battle-history"><br></div><div class="battle-history">Alpha fainted!<br></div><div class="spacer battle-history"><br></div><div class="battle-history">Go! Ash could of caugh (<strong>Entei</strong>)!<br></div><div class="battle-history"><small>[Ash could of caugh's Pressure]</small><br><small>Ash could of caugh is exerting its pressure!</small><br></div><div class="spacer battle-history"><br></div><h2 class="battle-history">Turn 21</h2><div class="spacer battle-history"><br></div><div class="battle-history">SpookyTV withdrew Chandelure!<br></div><div class="battle-history">SpookyTV sent out <strong>Whimsicott</strong>!<br></div><div class="spacer battle-history"><br></div><div class="battle-history">Ash could of caugh used <strong>Bulldoze</strong>!<br></div><div class="battle-history"><small>It's not very effective...</small><br></div><div class="battle-history"><small>(The opposing Whimsicott lost <abbr title="−28/323">8.7%</abbr> of its health!)</small><br></div><div class="battle-history"><small>The opposing Whimsicott's Speed fell!</small><br></div><div class="spacer battle-history"><br></div><div class="battle-history"><small>The opposing Whimsicott restored a little HP using its Leftovers!</small><br></div><div class="spacer battle-history"><br></div><h2 class="battle-history">Turn 22</h2><div class="spacer battle-history"><br></div><div class="battle-history">The opposing Whimsicott used <strong>Encore</strong>!<br></div><div class="battle-history"><small>Ash could of caugh received an encore!</small><br></div><div class="spacer battle-history"><br></div><div class="battle-history">Ash could of caugh used <strong>Bulldoze</strong>!<br></div><div class="battle-history"><small>It's not very effective...</small><br></div><div class="battle-history"><small>A critical hit!</small><br></div><div class="battle-history"><small>(The opposing Whimsicott lost <abbr title="−39/323">12.1%</abbr> of its health!)</small><br></div><div class="battle-history"><small>The opposing Whimsicott's Speed fell!</small><br></div><div class="spacer battle-history"><br></div><div class="battle-history"><small>The opposing Whimsicott restored a little HP using its Leftovers!</small><br></div><div class="spacer battle-history"><br></div><h2 class="battle-history">Turn 23</h2><div class="spacer battle-history"><br></div><div class="battle-history">Ash could of caugh, come back!<br></div><div class="battle-history">Go! beta (<strong>Porygon-Z</strong>)!<br></div><div class="spacer battle-history"><br></div><div class="battle-history">The opposing Whimsicott used <strong>Leech Seed</strong>!<br></div><div class="battle-history"><small>beta was seeded!</small><br></div><div class="spacer battle-history"><br></div><div class="battle-history"><small>The opposing Whimsicott restored a little HP using its Leftovers!</small><br></div><div class="battle-history"><small>beta's health is sapped by Leech Seed!</small><br></div><div class="spacer battle-history"><br></div><h2 class="battle-history">Turn 24</h2><div class="spacer battle-history"><br></div><div class="battle-history">The opposing Whimsicott used <strong>Substitute</strong>!<br></div><div class="battle-history"><small>The opposing Whimsicott put in a substitute!</small><br></div><div class="battle-history"><small>(The opposing Whimsicott lost <abbr title="−80/323">24.8%</abbr> of its health!)</small><br></div><div class="spacer battle-history"><br></div><div class="battle-history">beta used <strong>Psyshock</strong>!<br></div><div class="battle-history"><small>The opposing Whimsicott's substitute faded!</small><br></div><div class="spacer battle-history"><br></div><div class="battle-history"><small>The opposing Whimsicott restored a little HP using its Leftovers!</small><br></div><div class="battle-history"><small>beta's health is sapped by Leech Seed!</small><br></div><div class="spacer battle-history"><br></div><h2 class="battle-history">Turn 25</h2><div class="spacer battle-history"><br></div><div class="battle-history">beta, come back!<br></div><div class="battle-history">Go! Mandingo (<strong>Conkeldurr</strong>)!<br></div><div class="spacer battle-history"><br></div><div class="battle-history">The opposing Whimsicott used <strong>Substitute</strong>!<br></div><div class="battle-history"><small>The opposing Whimsicott put in a substitute!</small><br></div><div class="battle-history"><small>(The opposing Whimsicott lost <abbr title="−80/323">24.8%</abbr> of its health!)</small><br></div><div class="spacer battle-history"><br></div><div class="battle-history"><small>The opposing Whimsicott restored a little HP using its Leftovers!</small><br></div><div class="battle-history"><small>Mandingo was hurt by its burn!</small><br></div><div class="spacer battle-history"><br></div><h2 class="battle-history">Turn 26</h2><div class="spacer battle-history"><br></div><div class="battle-history">Mandingo, come back!<br></div><div class="battle-history">Go! beta (<strong>Porygon-Z</strong>)!<br></div><div class="spacer battle-history"><br></div><div class="battle-history">The opposing Whimsicott used <strong>Leech Seed</strong>!<br></div><div class="battle-history"><small>beta was seeded!</small><br></div><div class="spacer battle-history"><br></div><div class="battle-history"><small>The opposing Whimsicott restored a little HP using its Leftovers!</small><br></div><div class="battle-history"><small>beta's health is sapped by Leech Seed!</small><br></div><div class="spacer battle-history"><br></div><h2 class="battle-history">Turn 27</h2><div class="spacer battle-history"><br></div><div class="battle-history">The opposing Whimsicott used <strong>Toxic</strong>!<br></div><div class="battle-history"><small>beta was badly poisoned!</small><br></div><div class="spacer battle-history"><br></div><div class="battle-history">beta used <strong>Uproar</strong>!<br></div><div class="battle-history"><small>(The opposing Whimsicott lost <abbr title="−204/323">63.2%</abbr> of its health!)</small><br></div><div class="battle-history"><small>beta caused an uproar!</small><br></div><div class="spacer battle-history"><br></div><div class="battle-history">The opposing Whimsicott fainted!<br></div><div class="spacer battle-history"><br></div><div class="battle-history"><small>beta is making an uproar!</small><br></div><div class="battle-history"><small>beta was hurt by poison!</small><br></div><div class="spacer battle-history"><br></div><div class="battle-history">SpookyTV sent out <strong>Chandelure</strong>!<br></div><div class="spacer battle-history"><br></div><h2 class="battle-history">Turn 28</h2><div class="spacer battle-history"><br></div><div class="battle-history">SpookyTV withdrew Chandelure!<br></div><div class="battle-history">SpookyTV sent out <strong>Absol</strong>!<br></div><div class="spacer battle-history"><br></div><div class="battle-history">beta used <strong>Uproar</strong>!<br></div><div class="battle-history"><small>(The opposing Absol lost <abbr title="−271/271">100%</abbr> of its health!)</small><br></div><div class="spacer battle-history"><br></div><div class="battle-history">The opposing Absol fainted!<br></div><div class="spacer battle-history"><br></div><div class="battle-history"><small>beta is making an uproar!</small><br></div><div class="battle-history"><small>beta was hurt by poison!</small><br></div><div class="spacer battle-history"><br></div><div class="battle-history">SpookyTV sent out <strong>Chandelure</strong>!<br></div><div class="spacer battle-history"><br></div><h2 class="battle-history">Turn 29</h2><div class="chat chatmessage-parnstar"><strong style="color:hsl(41,84%,41.163999978976825%)"><small>★</small><span class="username" data-name="ParnStar">ParnStar</span>:</strong> <em>??</em></div><div class="chat chatmessage-spookytv"><strong style="color:hsl(354,81%,45%)"><small>★</small><span class="username" data-name="SpookyTV">SpookyTV</span>:</strong> <em>miss clic</em></div><div class="spacer battle-history"><br></div><div class="battle-history">The opposing Chandelure used <strong>Flamethrower</strong>!<br></div><div class="battle-history"><small>A critical hit!</small><br></div><div class="battle-history"><small>(beta lost <abbr title="−140/311">45.0%</abbr> of its health!)</small><br></div><div class="spacer battle-history"><br></div><div class="battle-history">beta fainted!<br></div><div class="chat chatmessage-spookytv"><strong style="color:hsl(354,81%,45%)"><small>★</small><span class="username" data-name="SpookyTV">SpookyTV</span>:</strong> <em>my pc is old x)</em></div><div class="chat chatmessage-parnstar"><strong style="color:hsl(41,84%,41.163999978976825%)"><small>★</small><span class="username" data-name="ParnStar">ParnStar</span>:</strong> <em>Ah</em></div><div class="spacer battle-history"><br></div><div class="battle-history">Go! Ash could of caugh (<strong>Entei</strong>)!<br></div><div class="battle-history"><small>[Ash could of caugh's Pressure]</small><br><small>Ash could of caugh is exerting its pressure!</small><br></div><div class="spacer battle-history"><br></div><h2 class="battle-history">Turn 30</h2><div class="spacer battle-history"><br></div><div class="battle-history">The opposing Chandelure used <strong>Flamethrower</strong>!<br></div><div class="battle-history"><small>It's not very effective...</small><br></div><div class="battle-history"><small>(Ash could of caugh lost <abbr title="−117/371">31.5%</abbr> of its health!)</small><br></div><div class="spacer battle-history"><br></div><div class="battle-history">Ash could of caugh used <strong>Bulldoze</strong>!<br></div><div class="battle-history"><small>It's super effective!</small><br></div><div class="battle-history"><small>(The opposing Chandelure lost <abbr title="−150/261">57.5%</abbr> of its health!)</small><br></div><div class="spacer battle-history"><br></div><div class="battle-history">The opposing Chandelure fainted!<br></div><div class="spacer battle-history"><br></div><div class="battle-history"><strong>ParnStar</strong> won the battle!<br></div><div class="chat"><small>SpookyTV left.</small></div><div class="chat">ParnStar's rating: 1378 → <strong>1389</strong><br>(+11 for winning)</div><div class="chat">SpookyTV's rating: 1203 → <strong>1190</strong><br>(-13 for losing)</div><div class="chat chatmessage-parnstar"><strong style="color:hsl(41,84%,41.163999978976825%)"><small>★</small><span class="username" data-name="ParnStar">ParnStar</span>:</strong> <em>Gg</em></div></div><div class="inner-preempt"></div></div></div>
</div>
<script>
let daily = Math.floor(Date.now()/1000/60/60/24);document.write('<script src="https://play.pokemonshowdown.com/js/replay-embed.js?version'+daily+'"></'+'script>');
</script>
