<!DOCTYPE html>
<meta charset="utf-8" />
<!-- version 1 -->
<title>UU replay: JeffTheKiller101 vs. BroadloomAxe598</title>
<style>
html,body {font-family:Verdana, sans-serif;font-size:10pt;margin:0;padding:0;}body{padding:12px 0;} .battle-log {font-family:Verdana, sans-serif;font-size:10pt;} .battle-log-inline {border:1px solid #AAAAAA;background:#EEF2F5;color:black;max-width:640px;margin:0 auto 80px;padding-bottom:5px;} .battle-log .inner {padding:4px 8px 0px 8px;} .battle-log .inner-preempt {padding:0 8px 4px 8px;} .battle-log .inner-after {margin-top:0.5em;} .battle-log h2 {margin:0.5em -8px;padding:4px 8px;border:1px solid #AAAAAA;background:#E0E7EA;border-left:0;border-right:0;font-family:Verdana, sans-serif;font-size:13pt;} .battle-log .chat {vertical-align:middle;padding:3px 0 3px 0;font-size:8pt;} .battle-log .chat strong {color:#40576A;} .battle-log .chat em {padding:1px 4px 1px 3px;color:#000000;font-style:normal;} .chat.mine {background:rgba(0,0,0,0.05);margin-left:-8px;margin-right:-8px;padding-left:8px;padding-right:8px;} .spoiler {color:#BBBBBB;background:#BBBBBB;padding:0px 3px;} .spoiler:hover, .spoiler:active, .spoiler-shown {color:#000000;background:#E2E2E2;padding:0px 3px;} .spoiler a {color:#BBBBBB;} .spoiler:hover a, .spoiler:active a, .spoiler-shown a {color:#2288CC;} .chat code, .chat .spoiler:hover code, .chat .spoiler:active code, .chat .spoiler-shown code {border:1px solid #C0C0C0;background:#EEEEEE;color:black;padding:0 2px;} .chat .spoiler code {border:1px solid #CCCCCC;background:#CCCCCC;color:#CCCCCC;} .battle-log .rated {padding:3px 4px;} .battle-log .rated strong {color:white;background:#89A;padding:1px 4px;border-radius:4px;} .spacer {margin-top:0.5em;} .message-announce {background:#6688AA;color:white;padding:1px 4px 2px;} .message-announce a, .broadcast-green a, .broadcast-blue a, .broadcast-red a {color:#DDEEFF;} .broadcast-green {background-color:#559955;color:white;padding:2px 4px;} .broadcast-blue {background-color:#6688AA;color:white;padding:2px 4px;} .infobox {border:1px solid #6688AA;padding:2px 4px;} .infobox-limited {max-height:200px;overflow:auto;overflow-x:hidden;} .broadcast-red {background-color:#AA5544;color:white;padding:2px 4px;} .message-learn-canlearn {font-weight:bold;color:#228822;text-decoration:underline;} .message-learn-cannotlearn {font-weight:bold;color:#CC2222;text-decoration:underline;} .message-effect-weak {font-weight:bold;color:#CC2222;} .message-effect-resist {font-weight:bold;color:#6688AA;} .message-effect-immune {font-weight:bold;color:#666666;} .message-learn-list {margin-top:0;margin-bottom:0;} .message-throttle-notice, .message-error {color:#992222;} .message-overflow, .chat small.message-overflow {font-size:0pt;} .message-overflow::before {font-size:9pt;content:'...';} .subtle {color:#3A4A66;}
</style>
<div class="wrapper replay-wrapper" style="max-width:1180px;margin:0 auto">
<input type="hidden" name="replayid" value="uu-549304031" />
<div class="battle"></div><div class="battle-log"></div><div class="replay-controls"></div><div class="replay-controls-2"></div>
<h1 style="font-weight:normal;text-align:center"><strong>UU</strong><br /><a href="http://pokemonshowdown.com/users/jeffthekiller101" class="subtle" target="_blank">JeffTheKiller101</a> vs. <a href="http://pokemonshowdown.com/users/broadloomaxe598" class="subtle" target="_blank">BroadloomAxe598</a></h1>
<script type="text/plain" class="battle-log-data">|j|JeffTheKiller101
|j|BroadloomAxe598
|player|p1|JeffTheKiller101|176
|player|p2|BroadloomAxe598|289
|gametype|singles
|gen|6
|tier|UU
|rated
|seed|46870,15760,49900,54908
|rule|Sleep Clause Mod: Limit one foe put to sleep
|rule|Species Clause: Limit one of each Pokémon
|rule|OHKO Clause: OHKO moves are banned
|rule|Moody Clause: Moody is banned
|rule|Evasion Moves Clause: Evasion moves are banned
|rule|Endless Battle Clause: Forcing endless battles is banned
|rule|HP Percentage Mod: HP is shown in percentages
|clearpoke
|poke|p1|Venomoth, F, shiny|item
|poke|p1|Abomasnow, M, shiny|item
|poke|p1|Forretress, M, shiny|item
|poke|p1|Mienshao, F, shiny|item
|poke|p1|Sharpedo, M, shiny|item
|poke|p1|Florges-White, F, shiny|item
|poke|p2|Kyurem|item
|poke|p2|Aggron, M|item
|poke|p2|Meloetta|item
|poke|p2|Chesnaught, M|item
|poke|p2|Umbreon, F|item
|poke|p2|Suicune|item
|rule|Swagger Clause: Swagger is banned
|rule|Baton Pass Clause: Limit one Baton Passer, can't pass Spe and other stats simultaneously
|teampreview
|c|☆JeffTheKiller101|gl
|c|☆BroadloomAxe598|gl
|choice|team 2, team 1, team 3, team 4, team 5, team 6|team 4, team 2, team 3, team 1, team 5, team 6
|
|start
|switch|p1a: Abomasnow|Abomasnow, M, shiny|383\/383
|switch|p2a: Chesnaught|Chesnaught, M|318\/318
|-weather|Hail|[from] ability: Snow Warning|[of] p1a: Abomasnow
|turn|1
|choice|switch 3|move drainpunch
|
|switch|p1a: Forretress|Forretress, M, shiny|354\/354
|move|p2a: Chesnaught|Drain Punch|p1a: Forretress
|-damage|p1a: Forretress|254\/354
|
|-weather|Hail|[upkeep]
|-damage|p2a: Chesnaught|299\/318|[from] hail
|-heal|p1a: Forretress|276\/354|[from] item: Leftovers
|upkeep
|turn|2
|choice|move toxic|move spikes
|
|move|p2a: Chesnaught|Spikes|p1a: Forretress
|-sidestart|p1: JeffTheKiller101|Spikes
|move|p1a: Forretress|Toxic|p2a: Chesnaught
|-status|p2a: Chesnaught|tox
|
|-weather|Hail|[upkeep]
|-damage|p2a: Chesnaught|280\/318 tox|[from] hail
|-heal|p1a: Forretress|298\/354|[from] item: Leftovers
|-damage|p2a: Chesnaught|261\/318 tox|[from] psn
|upkeep
|turn|3
|choice|move rapidspin|move spikes
|
|move|p2a: Chesnaught|Spikes|p1a: Forretress
|-sidestart|p1: JeffTheKiller101|Spikes
|move|p1a: Forretress|Rapid Spin|p2a: Chesnaught
|-damage|p2a: Chesnaught|251\/318 tox
|-sideend|p1: JeffTheKiller101|Spikes|[from] move: Rapid Spin|[of] p1a: Forretress
|
|-weather|Hail|[upkeep]
|-damage|p2a: Chesnaught|232\/318 tox|[from] hail
|-heal|p1a: Forretress|320\/354|[from] item: Leftovers
|-damage|p2a: Chesnaught|194\/318 tox|[from] psn
|upkeep
|turn|4
|choice|move rapidspin|switch 4
|
|switch|p2a: Kyurem|Kyurem|454\/454
|-ability|p2a: Kyurem|Pressure
|move|p1a: Forretress|Rapid Spin|p2a: Kyurem
|-damage|p2a: Kyurem|437\/454
|
|-weather|Hail|[upkeep]
|-heal|p1a: Forretress|342\/354|[from] item: Leftovers
|upkeep
|turn|5
|c|☆BroadloomAxe598|!weakness steel
|html|<div class="infobox">Steel:<br \/><span class="message-effect-weak">Weaknesses<\/span>: Fighting, Fire, Ground<br \/><span class="message-effect-resist">Resistances<\/span>: Bug, Dragon, Fairy, Flying, Grass, Ice, Normal, Psychic, Rock, Steel<br \/><span class="message-effect-immune">Immunities<\/span>: Poison<\/div>
|c|☆BroadloomAxe598|!weakness bug
|html|<div class="infobox">Bug:<br \/><span class="message-effect-weak">Weaknesses<\/span>: Fire, Flying, Rock<br \/><span class="message-effect-resist">Resistances<\/span>: Fighting, Grass, Ground<br \/><span class="message-effect-immune">Immunities<\/span>: <font color=#999999>None<\/font><\/div>
|c|☆JeffTheKiller101|combined
|c|☆BroadloomAxe598|yea i figured out a weakness in my team lol
|c|☆JeffTheKiller101|oh
|choice|move gyroball|move dragonpulse
|
|move|p2a: Kyurem|Dragon Pulse|p1a: Forretress
|-resisted|p1a: Forretress
|-damage|p1a: Forretress|259\/354
|move|p1a: Forretress|Gyro Ball|p2a: Kyurem
|-supereffective|p2a: Kyurem
|-damage|p2a: Kyurem|273\/454
|
|-weather|none
|-heal|p1a: Forretress|281\/354|[from] item: Leftovers
|upkeep
|turn|6
|c|☆BroadloomAxe598|!weakness dark
|html|<div class="infobox">Dark:<br \/><span class="message-effect-weak">Weaknesses<\/span>: Bug, Fairy, Fighting<br \/><span class="message-effect-resist">Resistances<\/span>: Dark, Ghost<br \/><span class="message-effect-immune">Immunities<\/span>: Psychic<\/div>
|choice|move protect|switch 5
|
|switch|p2a: Umbreon|Umbreon, F|332\/332
|move|p1a: Forretress|Protect|p1a: Forretress
|-fail|p1a: Forretress
|
|-heal|p1a: Forretress|303\/354|[from] item: Leftovers
|upkeep
|turn|7
|choice|move toxic|move foulplay
|
|move|p2a: Umbreon|Foul Play|p1a: Forretress
|-damage|p1a: Forretress|231\/354
|move|p1a: Forretress|Toxic|p2a: Umbreon
|-status|p2a: Umbreon|tox
|-activate|p2a: Umbreon|ability: Synchronize
|-immune|p1a: Forretress|[msg]
|
|-heal|p1a: Forretress|253\/354|[from] item: Leftovers
|-damage|p2a: Umbreon|312\/332 tox|[from] psn
|upkeep
|turn|8
|c|☆BroadloomAxe598|your forretress set up is nice
|c|☆JeffTheKiller101|thanks
|choice|move protect|move wish
|
|move|p1a: Forretress|Protect|p1a: Forretress
|-singleturn|p1a: Forretress|Protect
|move|p2a: Umbreon|Wish|p2a: Umbreon
|
|-heal|p2a: Umbreon|332\/332 tox|[from] item: Leftovers
|-heal|p1a: Forretress|275\/354|[from] item: Leftovers
|-damage|p2a: Umbreon|292\/332 tox|[from] psn
|upkeep
|turn|9
|c|☆JeffTheKiller101|unless you have a strong special sweeper he is almost impossable to get rid of
|choice|move gyroball|switch 4
|
|switch|p2a: Chesnaught|Chesnaught, M|194\/318 tox
|move|p1a: Forretress|Gyro Ball|p2a: Chesnaught
|-immune|p2a: Chesnaught|[msg]|[from] ability: Bulletproof
|
|-heal|p2a: Chesnaught|318\/318 tox|[from] move: Wish|[wisher] Umbreon
|-heal|p1a: Forretress|297\/354|[from] item: Leftovers
|-damage|p2a: Chesnaught|299\/318 tox|[from] psn
|upkeep
|turn|10
|choice|move protect|switch 3
|
|switch|p2a: Meloetta|Meloetta|341\/341
|move|p1a: Forretress|Protect|p1a: Forretress
|-fail|p1a: Forretress
|
|-heal|p1a: Forretress|319\/354|[from] item: Leftovers
|upkeep
|turn|11
|c|☆JeffTheKiller101|shouldnt have said that
|c|☆BroadloomAxe598|that isnt why i brought this dude out lol i have no idea how to get rid i=of your foretress
|choice|move toxic|move relicsong
|
|move|p2a: Meloetta|Relic Song|p1a: Forretress
|-resisted|p1a: Forretress
|-damage|p1a: Forretress|244\/354
|-status|p1a: Forretress|slp
|-formechange|p2a: Meloetta|Meloetta-Pirouette|[msg]
|cant|p1a: Forretress|slp
|
|-heal|p1a: Forretress|266\/354 slp|[from] item: Leftovers
|upkeep
|turn|12
|c|☆BroadloomAxe598|!weakness steel
|html|<div class="infobox">Steel:<br \/><span class="message-effect-weak">Weaknesses<\/span>: Fighting, Fire, Ground<br \/><span class="message-effect-resist">Resistances<\/span>: Bug, Dragon, Fairy, Flying, Grass, Ice, Normal, Psychic, Rock, Steel<br \/><span class="message-effect-immune">Immunities<\/span>: Poison<\/div>
|c|☆JeffTheKiller101|now this is a problem
|choice|move protect|switch 5
|
|switch|p2a: Kyurem|Kyurem|273\/454
|-ability|p2a: Kyurem|Pressure
|cant|p1a: Forretress|slp
|
|-heal|p1a: Forretress|288\/354 slp|[from] item: Leftovers
|upkeep
|turn|13
|choice|move toxic|move dragonpulse
|
|move|p2a: Kyurem|Dragon Pulse|p1a: Forretress
|-resisted|p1a: Forretress
|-damage|p1a: Forretress|210\/354 slp
|cant|p1a: Forretress|slp
|
|-heal|p1a: Forretress|232\/354 slp|[from] item: Leftovers
|upkeep
|turn|14
|choice|move toxic|move dragonpulse
|
|move|p2a: Kyurem|Dragon Pulse|p1a: Forretress
|-resisted|p1a: Forretress
|-damage|p1a: Forretress|143\/354 slp
|-curestatus|p1a: Forretress|slp|[msg]
|move|p1a: Forretress|Toxic|p2a: Kyurem
|-status|p2a: Kyurem|tox
|
|-heal|p1a: Forretress|165\/354|[from] item: Leftovers
|-damage|p2a: Kyurem|245\/454 tox|[from] psn
|upkeep
|turn|15
|choice|move protect|move icebeam
|
|move|p1a: Forretress|Protect|p1a: Forretress
|-singleturn|p1a: Forretress|Protect
|move|p2a: Kyurem|Ice Beam|p1a: Forretress
|-activate|p1a: Forretress|move: Protect
|
|-heal|p1a: Forretress|187\/354|[from] item: Leftovers
|-damage|p2a: Kyurem|189\/454 tox|[from] psn
|upkeep
|turn|16
|choice|move gyroball|switch 5
|
|switch|p2a: Meloetta|Meloetta|341\/341
|move|p1a: Forretress|Gyro Ball|p2a: Meloetta
|-damage|p2a: Meloetta|256\/341
|
|-heal|p1a: Forretress|209\/354|[from] item: Leftovers
|upkeep
|turn|17
|choice|move protect|move relicsong
|
|move|p1a: Forretress|Protect|p1a: Forretress
|-singleturn|p1a: Forretress|Protect
|move|p2a: Meloetta|Relic Song|p1a: Forretress
|-activate|p1a: Forretress|move: Protect
|
|-heal|p1a: Forretress|231\/354|[from] item: Leftovers
|upkeep
|turn|18
|choice|move toxic|move hypervoice
|
|move|p2a: Meloetta|Hyper Voice|p1a: Forretress
|-resisted|p1a: Forretress
|-damage|p1a: Forretress|149\/354
|move|p1a: Forretress|Toxic|p2a: Meloetta
|-status|p2a: Meloetta|tox
|
|-heal|p1a: Forretress|171\/354|[from] item: Leftovers
|-damage|p2a: Meloetta|235\/341 tox|[from] psn
|upkeep
|turn|19
|choice|move protect|move hypervoice
|
|move|p1a: Forretress|Protect|p1a: Forretress
|-singleturn|p1a: Forretress|Protect
|move|p2a: Meloetta|Hyper Voice|p1a: Forretress
|-activate|p1a: Forretress|move: Protect
|
|-heal|p1a: Forretress|193\/354|[from] item: Leftovers
|-damage|p2a: Meloetta|193\/341 tox|[from] psn
|upkeep
|turn|20
|choice|move gyroball|move relicsong
|
|move|p2a: Meloetta|Relic Song|p1a: Forretress
|-resisted|p1a: Forretress
|-damage|p1a: Forretress|123\/354
|-formechange|p2a: Meloetta|Meloetta-Pirouette|[msg]
|move|p1a: Forretress|Gyro Ball|p2a: Meloetta
|-damage|p2a: Meloetta|87\/341 tox
|
|-heal|p1a: Forretress|145\/354|[from] item: Leftovers
|-damage|p2a: Meloetta|24\/341 tox|[from] psn
|upkeep
|turn|21
|choice|move protect|move relicsong
|
|move|p1a: Forretress|Protect|p1a: Forretress
|-singleturn|p1a: Forretress|Protect
|move|p2a: Meloetta|Relic Song|p1a: Forretress
|-activate|p1a: Forretress|move: Protect
|
|-heal|p1a: Forretress|167\/354|[from] item: Leftovers
|-damage|p2a: Meloetta|0 fnt|[from] psn
|upkeep
|faint|p2a: Meloetta
|choice||switch 6
|
|switch|p2a: Suicune|Suicune|341\/341
|-ability|p2a: Suicune|Pressure
|turn|22
|choice|move toxic|move scald
|
|move|p2a: Suicune|Scald|p1a: Forretress
|-damage|p1a: Forretress|82\/354
|move|p1a: Forretress|Toxic|p2a: Suicune|[miss]
|-miss|p1a: Forretress|p2a: Suicune
|
|-heal|p1a: Forretress|104\/354|[from] item: Leftovers
|upkeep
|turn|23
|c|☆JeffTheKiller101|crud
|choice|move protect|move scald
|
|move|p1a: Forretress|Protect|p1a: Forretress
|-singleturn|p1a: Forretress|Protect
|move|p2a: Suicune|Scald|p1a: Forretress
|-activate|p1a: Forretress|move: Protect
|
|-heal|p1a: Forretress|126\/354|[from] item: Leftovers
|upkeep
|turn|24
|choice|move toxic|move scald
|
|move|p2a: Suicune|Scald|p1a: Forretress
|-damage|p1a: Forretress|41\/354
|move|p1a: Forretress|Toxic|p2a: Suicune
|-status|p2a: Suicune|tox
|
|-heal|p1a: Forretress|63\/354|[from] item: Leftovers
|-damage|p2a: Suicune|320\/341 tox|[from] psn
|upkeep
|turn|25
|choice|move protect|move scald
|
|move|p1a: Forretress|Protect|p1a: Forretress
|-singleturn|p1a: Forretress|Protect
|move|p2a: Suicune|Scald|p1a: Forretress
|-activate|p1a: Forretress|move: Protect
|
|-heal|p1a: Forretress|85\/354|[from] item: Leftovers
|-damage|p2a: Suicune|278\/341 tox|[from] psn
|upkeep
|turn|26
|choice|move gyroball|move scald
|
|move|p2a: Suicune|Scald|p1a: Forretress
|-damage|p1a: Forretress|0 fnt
|faint|p1a: Forretress
|
|-damage|p2a: Suicune|215\/341 tox|[from] psn
|upkeep
|c|☆BroadloomAxe598|good lord
|c|☆JeffTheKiller101|lol
|c|☆BroadloomAxe598|i should have just done this in the first place
|choice|switch 4|
|
|switch|p1a: Mienshao|Mienshao, F, shiny|272\/272
|turn|27
|choice|move highjumpkick|switch 4
|
|switch|p2a: Umbreon|Umbreon, F|292\/332 tox
|move|p1a: Mienshao|High Jump Kick|p2a: Umbreon
|-supereffective|p2a: Umbreon
|-damage|p2a: Umbreon|0 fnt
|-damage|p1a: Mienshao|245\/272|[from] item: Life Orb
|faint|p2a: Umbreon
|
|upkeep
|c|☆BroadloomAxe598|i miss clicked
|c|☆BroadloomAxe598|i hate everything
|choice||switch 3
|
|switch|p2a: Chesnaught|Chesnaught, M|299\/318 tox
|turn|28
|c|☆JeffTheKiller101|in the arms of an angel
|choice|move uturn|move spikyshield
|
|move|p2a: Chesnaught|Spiky Shield|p2a: Chesnaught
|-singleturn|p2a: Chesnaught|move: Protect
|move|p1a: Mienshao|U-turn|p2a: Chesnaught
|-activate|p2a: Chesnaught|move: Protect
|-damage|p1a: Mienshao|211\/272|[from] Spiky Shield|[of] p2a: Chesnaught
|
|-damage|p2a: Chesnaught|280\/318 tox|[from] psn
|upkeep
|turn|29
|choice|move poisonjab|switch 2
|
|switch|p2a: Aggron|Aggron, M|282\/282
|move|p1a: Mienshao|Poison Jab|p2a: Aggron
|-immune|p2a: Aggron|[msg]
|
|upkeep
|turn|30
|choice|move highjumpkick|move earthquake mega
|
|detailschange|p2a: Aggron|Aggron-Mega, M
|-mega|p2a: Aggron|Aggron|Aggronite
|move|p1a: Mienshao|High Jump Kick|p2a: Aggron|[miss]
|-miss|p1a: Mienshao|p2a: Aggron
|-damage|p1a: Mienshao|75\/272|[from] highjumpkick
|move|p2a: Aggron|Earthquake|p1a: Mienshao
|-damage|p1a: Mienshao|0 fnt
|faint|p1a: Mienshao
|
|upkeep
|c|☆JeffTheKiller101|bruh
|c|☆BroadloomAxe598|broooooo lol
|c|☆BroadloomAxe598|my life was just saved
|c|☆JeffTheKiller101|that should have hit
|choice|switch 3|
|
|switch|p1a: Abomasnow|Abomasnow, M, shiny|383\/383
|-weather|Hail|[from] ability: Snow Warning|[of] p1a: Abomasnow
|turn|31
|c|☆BroadloomAxe598|yea i got very lucky i guess
|c|☆BroadloomAxe598|!weakness steel
|html|<div class="infobox">Steel:<br \/><span class="message-effect-weak">Weaknesses<\/span>: Fighting, Fire, Ground<br \/><span class="message-effect-resist">Resistances<\/span>: Bug, Dragon, Fairy, Flying, Grass, Ice, Normal, Psychic, Rock, Steel<br \/><span class="message-effect-immune">Immunities<\/span>: Poison<\/div>
|choice|move earthquake mega|move rockslide
|
|detailschange|p1a: Abomasnow|Abomasnow-Mega, M, shiny
|-mega|p1a: Abomasnow|Abomasnow|Abomasite
|move|p1a: Abomasnow|Earthquake|p2a: Aggron
|-supereffective|p2a: Aggron
|-damage|p2a: Aggron|203\/282
|move|p2a: Aggron|Rock Slide|p1a: Abomasnow
|-supereffective|p1a: Abomasnow
|-damage|p1a: Abomasnow|207\/383
|
|-weather|Hail|[upkeep]
|-damage|p2a: Aggron|186\/282|[from] hail
|upkeep
|turn|32
|c|☆BroadloomAxe598|welp
|choice|move earthquake|switch 5
|
|switch|p2a: Kyurem|Kyurem|189\/454 tox
|-ability|p2a: Kyurem|Pressure
|move|p1a: Abomasnow|Earthquake|p2a: Kyurem
|-damage|p2a: Kyurem|34\/454 tox
|
|-weather|Hail|[upkeep]
|-damage|p2a: Kyurem|6\/454 tox|[from] psn
|upkeep
|turn|33
|c|☆JeffTheKiller101|thinking the same thing
|choice|switch 6|switch 2
|
|switch|p2a: Chesnaught|Chesnaught, M|280\/318 tox
|switch|p1a: Florges|Florges-White, F, shiny|360\/360
|
|-weather|Hail|[upkeep]
|-damage|p1a: Florges|338\/360|[from] hail
|-damage|p2a: Chesnaught|261\/318 tox|[from] hail
|-heal|p1a: Florges|360\/360|[from] item: Leftovers
|-damage|p2a: Chesnaught|242\/318 tox|[from] psn
|upkeep
|turn|34
|choice|move moonblast|move spikes
|
|move|p1a: Florges|Moonblast|p2a: Chesnaught
|-supereffective|p2a: Chesnaught
|-damage|p2a: Chesnaught|0 fnt
|faint|p2a: Chesnaught
|
|-weather|Hail|[upkeep]
|-damage|p1a: Florges|338\/360|[from] hail
|-heal|p1a: Florges|360\/360|[from] item: Leftovers
|upkeep
|c|☆BroadloomAxe598|ugh poop
|choice||switch 4
|
|switch|p2a: Suicune|Suicune|215\/341 tox
|-ability|p2a: Suicune|Pressure
|turn|35
|choice|move moonblast|move scald
|
|move|p2a: Suicune|Scald|p1a: Florges
|-damage|p1a: Florges|299\/360
|-status|p1a: Florges|brn
|move|p1a: Florges|Moonblast|p2a: Suicune
|-damage|p2a: Suicune|136\/341 tox
|-unboost|p2a: Suicune|spa|1
|
|-weather|none
|-heal|p1a: Florges|321\/360 brn|[from] item: Leftovers
|-damage|p2a: Suicune|115\/341 tox|[from] psn
|-damage|p1a: Florges|276\/360 brn|[from] brn
|upkeep
|turn|36
|choice|move aromatherapy|switch 5
|
|switch|p2a: Aggron|Aggron-Mega, M|186\/282
|move|p1a: Florges|Aromatherapy|p1a: Florges
|-activate|p1a: Florges|move: Aromatherapy
|-curestatus|p1a: Florges|brn|[msg]
|
|-heal|p1a: Florges|298\/360|[from] item: Leftovers
|upkeep
|turn|37
|c|☆BroadloomAxe598|yea that happend
|c|☆BroadloomAxe598|the foretress was what killed me
|choice|move moonblast|move ironhead
|
|move|p1a: Florges|Moonblast|p2a: Aggron
|-resisted|p2a: Aggron
|-damage|p2a: Aggron|114\/282
|move|p2a: Aggron|Iron Head|p1a: Florges
|-supereffective|p1a: Florges
|-damage|p1a: Florges|14\/360
|
|-heal|p1a: Florges|36\/360|[from] item: Leftovers
|upkeep
|turn|38
|c|☆JeffTheKiller101|like a boss
|choice|move moonblast|move ironhead
|
|move|p1a: Florges|Moonblast|p2a: Aggron
|-resisted|p2a: Aggron
|-damage|p2a: Aggron|45\/282
|move|p2a: Aggron|Iron Head|p1a: Florges
|-supereffective|p1a: Florges
|-damage|p1a: Florges|0 fnt
|faint|p1a: Florges
|
|upkeep
|choice|switch 2|
|
|switch|p1a: Venomoth|Venomoth, F, shiny|282\/282
|turn|39
|c|☆BroadloomAxe598|A toxic running steel type is smart
|c|☆JeffTheKiller101|time to wrap this up
|c|☆JeffTheKiller101|thanks
|choice|move sleeppowder|move rockslide
|
|move|p1a: Venomoth|Sleep Powder|p2a: Aggron|[miss]
|-miss|p1a: Venomoth|p2a: Aggron
|move|p2a: Aggron|Rock Slide|p1a: Venomoth
|-supereffective|p1a: Venomoth
|-damage|p1a: Venomoth|8\/282
|
|upkeep
|turn|40
|c|☆JeffTheKiller101|he has a sash
|c|☆BroadloomAxe598|yep
|c|☆BroadloomAxe598|he does lo
|choice|move sleeppowder|move ironhead
|
|move|p1a: Venomoth|Sleep Powder|p2a: Aggron
|-status|p2a: Aggron|slp
|cant|p2a: Aggron|slp
|
|upkeep
|turn|41
|choice|move quiverdance|move ironhead
|
|move|p1a: Venomoth|Quiver Dance|p1a: Venomoth
|-boost|p1a: Venomoth|spa|1
|-boost|p1a: Venomoth|spd|1
|-boost|p1a: Venomoth|spe|1
|cant|p2a: Aggron|slp
|
|upkeep
|turn|42
|choice|move bugbuzz|move ironhead
|
|move|p1a: Venomoth|Bug Buzz|p2a: Aggron
|-resisted|p2a: Aggron
|-damage|p2a: Aggron|0 fnt
|faint|p2a: Aggron
|
|upkeep
|choice||switch 2
|
|switch|p2a: Kyurem|Kyurem|6\/454 tox
|-ability|p2a: Kyurem|Pressure
|turn|43
|choice|move sludgebomb|move dragonpulse
|
|move|p1a: Venomoth|Sludge Bomb|p2a: Kyurem
|-damage|p2a: Kyurem|0 fnt
|faint|p2a: Kyurem
|
|upkeep
|choice||switch 5
|
|switch|p2a: Suicune|Suicune|115\/341 tox
|-ability|p2a: Suicune|Pressure
|turn|44
|choice|move bugbuzz|move icebeam
|
|move|p1a: Venomoth|Bug Buzz|p2a: Suicune
|-damage|p2a: Suicune|0 fnt
|faint|p2a: Suicune
|
|win|JeffTheKiller101
|player|p1
|player|p2
|raw|JeffTheKiller101's rating: 1152 &rarr; <strong>1175<\/strong><br \/>(+23 for winning)
|raw|BroadloomAxe598's rating: 1133 &rarr; <strong>1110<\/strong><br \/>(-23 for losing)
|c|☆JeffTheKiller101|gg</script>
</div>
<div class="battle-log battle-log-inline"><div class="inner"><div class="battle-options"></div><div class="inner"><div class="chat"><small>JeffTheKiller101 joined.</small></div><div class="chat"><small>BroadloomAxe598 joined.</small></div><div class=""><small>Format:</small> <br><strong>UU</strong></div><div class="rated"><strong>Rated battle</strong></div><div class=""><small><em>Sleep Clause Mod:</em> Limit one foe put to sleep</small></div><div class=""><small><em>Species Clause:</em> Limit one of each Pokémon</small></div><div class=""><small><em>OHKO Clause:</em> OHKO moves are banned</small></div><div class=""><small><em>Moody Clause:</em> Moody is banned</small></div><div class=""><small><em>Evasion Moves Clause:</em> Evasion moves are banned</small></div><div class=""><small><em>Endless Battle Clause:</em> Forcing endless battles is banned</small></div><div class=""><small><em>HP Percentage Mod:</em> HP is shown in percentages</small></div><div class=""><small><em>Swagger Clause:</em> Swagger is banned</small></div><div class=""><small><em>Baton Pass Clause:</em> Limit one Baton Passer, can't pass Spe and other stats simultaneously</small></div><div class="chat battle-history"><strong>JeffTheKiller101's team:</strong> <em style="color:#445566;display:block;">Venomoth / Abomasnow / Forretress / Mienshao / Sharpedo / Florges-White</em></div><div class="chat battle-history"><strong>BroadloomAxe598's team:</strong> <em style="color:#445566;display:block;">Kyurem / Aggron / Meloetta / Chesnaught / Umbreon / Suicune</em></div><div class="chat chatmessage-jeffthekiller101"><strong style="color:hsl(337,66%,44%)"><small>☆</small><span class="username" data-name="JeffTheKiller101">JeffTheKiller101</span>:</strong> <em>gl</em></div><div class="chat chatmessage-broadloomaxe598"><strong style="color:hsl(284,74%,47%)"><small>☆</small><span class="username" data-name="BroadloomAxe598">BroadloomAxe598</span>:</strong> <em>gl</em></div><div class="spacer battle-history"><br></div><div class="battle-history">Battle started between JeffTheKiller101 and BroadloomAxe598!<br></div><div class="spacer battle-history"><br></div><div class="battle-history">Go! <strong>Abomasnow</strong>!<br></div><div class="spacer battle-history"><br></div><div class="battle-history">BroadloomAxe598 sent out <strong>Chesnaught</strong>!<br></div><div class="battle-history"><small>[Abomasnow's Snow Warning]</small><br><small>It started to hail!</small><br></div><div class="spacer battle-history"><br></div><h2 class="battle-history">Turn 1</h2><div class="spacer battle-history"><br></div><div class="battle-history">Abomasnow, come back!<br></div><div class="battle-history">Go! <strong>Forretress</strong>!<br></div><div class="spacer battle-history"><br></div><div class="battle-history">The opposing Chesnaught used <strong>Drain Punch</strong>!<br></div><div class="battle-history"><small>(Forretress lost <abbr title="−100/354">28.2%</abbr> of its health!)</small><br></div><div class="spacer battle-history"><br></div><div class="battle-history"><small>The hail is crashing down.</small><br></div><div class="battle-history"><small>The opposing Chesnaught is buffeted by the hail!</small><br></div><div class="battle-history"><small>Forretress restored a little HP using its Leftovers!</small><br></div><div class="spacer battle-history"><br></div><h2 class="battle-history">Turn 2</h2><div class="spacer battle-history"><br></div><div class="battle-history">The opposing Chesnaught used <strong>Spikes</strong>!<br></div><div class="battle-history"><small>Spikes were scattered on the ground all around your team!</small><br></div><div class="spacer battle-history"><br></div><div class="battle-history">Forretress used <strong>Toxic</strong>!<br></div><div class="battle-history"><small>The opposing Chesnaught was badly poisoned!</small><br></div><div class="spacer battle-history"><br></div><div class="battle-history"><small>The hail is crashing down.</small><br></div><div class="battle-history"><small>The opposing Chesnaught is buffeted by the hail!</small><br></div><div class="battle-history"><small>Forretress restored a little HP using its Leftovers!</small><br></div><div class="battle-history"><small>The opposing Chesnaught was hurt by poison!</small><br></div><div class="spacer battle-history"><br></div><h2 class="battle-history">Turn 3</h2><div class="spacer battle-history"><br></div><div class="battle-history">The opposing Chesnaught used <strong>Spikes</strong>!<br></div><div class="battle-history"><small>Spikes were scattered on the ground all around your team!</small><br></div><div class="spacer battle-history"><br></div><div class="battle-history">Forretress used <strong>Rapid Spin</strong>!<br></div><div class="battle-history"><small>(The opposing Chesnaught lost <abbr title="−10/318">3.1%</abbr> of its health!)</small><br></div><div class="battle-history"><small>The spikes disappeared from the ground around your team!</small><br></div><div class="spacer battle-history"><br></div><div class="battle-history"><small>The hail is crashing down.</small><br></div><div class="battle-history"><small>The opposing Chesnaught is buffeted by the hail!</small><br></div><div class="battle-history"><small>Forretress restored a little HP using its Leftovers!</small><br></div><div class="battle-history"><small>The opposing Chesnaught was hurt by poison!</small><br></div><div class="spacer battle-history"><br></div><h2 class="battle-history">Turn 4</h2><div class="spacer battle-history"><br></div><div class="battle-history">BroadloomAxe598 withdrew Chesnaught!<br></div><div class="battle-history">BroadloomAxe598 sent out <strong>Kyurem</strong>!<br></div><div class="battle-history"><small>[The opposing Kyurem's Pressure]</small><br><small>The opposing Kyurem is exerting its pressure!</small><br></div><div class="spacer battle-history"><br></div><div class="battle-history">Forretress used <strong>Rapid Spin</strong>!<br></div><div class="battle-history"><small>(The opposing Kyurem lost <abbr title="−17/454">3.7%</abbr> of its health!)</small><br></div><div class="spacer battle-history"><br></div><div class="battle-history"><small>The hail is crashing down.</small><br></div><div class="battle-history"><small>Forretress restored a little HP using its Leftovers!</small><br></div><div class="spacer battle-history"><br></div><h2 class="battle-history">Turn 5</h2><div class="chat chatmessage-broadloomaxe598"><strong style="color:hsl(284,74%,47%)"><small>☆</small><span class="username" data-name="BroadloomAxe598">BroadloomAxe598</span>:</strong> <em>!weakness steel</em></div><div class="chat"><div class="infobox">Steel:<br><span class="message-effect-weak">Weaknesses</span>: Fighting, Fire, Ground<br><span class="message-effect-resist">Resistances</span>: Bug, Dragon, Fairy, Flying, Grass, Ice, Normal, Psychic, Rock, Steel<br><span class="message-effect-immune">Immunities</span>: Poison</div></div><div class="chat chatmessage-broadloomaxe598"><strong style="color:hsl(284,74%,47%)"><small>☆</small><span class="username" data-name="BroadloomAxe598">BroadloomAxe598</span>:</strong> <em>!weakness bug</em></div><div class="chat"><div class="infobox">Bug:<br><span class="message-effect-weak">Weaknesses</span>: Fire, Flying, Rock<br><span class="message-effect-resist">Resistances</span>: Fighting, Grass, Ground<br><span class="message-effect-immune">Immunities</span>: <font color="#999999">None</font></div></div><div class="chat chatmessage-jeffthekiller101"><strong style="color:hsl(337,66%,44%)"><small>☆</small><span class="username" data-name="JeffTheKiller101">JeffTheKiller101</span>:</strong> <em>combined</em></div><div class="chat chatmessage-broadloomaxe598"><strong style="color:hsl(284,74%,47%)"><small>☆</small><span class="username" data-name="BroadloomAxe598">BroadloomAxe598</span>:</strong> <em>yea i figured out a weakness in my team lol</em></div><div class="chat chatmessage-jeffthekiller101"><strong style="color:hsl(337,66%,44%)"><small>☆</small><span class="username" data-name="JeffTheKiller101">JeffTheKiller101</span>:</strong> <em>oh</em></div><div class="spacer battle-history"><br></div><div class="battle-history">The opposing Kyurem used <strong>Dragon Pulse</strong>!<br></div><div class="battle-history"><small>It's not very effective...</small><br></div><div class="battle-history"><small>(Forretress lost <abbr title="−83/354">23.4%</abbr> of its health!)</small><br></div><div class="spacer battle-history"><br></div><div class="battle-history">Forretress used <strong>Gyro Ball</strong>!<br></div><div class="battle-history"><small>It's super effective!</small><br></div><div class="battle-history"><small>(The opposing Kyurem lost <abbr title="−164/454">36.1%</abbr> of its health!)</small><br></div><div class="spacer battle-history"><br></div><div class="battle-history"><small>The hail stopped.</small><br></div><div class="battle-history"><small>Forretress restored a little HP using its Leftovers!</small><br></div><div class="spacer battle-history"><br></div><h2 class="battle-history">Turn 6</h2><div class="chat chatmessage-broadloomaxe598"><strong style="color:hsl(284,74%,47%)"><small>☆</small><span class="username" data-name="BroadloomAxe598">BroadloomAxe598</span>:</strong> <em>!weakness dark</em></div><div class="chat"><div class="infobox">Dark:<br><span class="message-effect-weak">Weaknesses</span>: Bug, Fairy, Fighting<br><span class="message-effect-resist">Resistances</span>: Dark, Ghost<br><span class="message-effect-immune">Immunities</span>: Psychic</div></div><div class="spacer battle-history"><br></div><div class="battle-history">BroadloomAxe598 withdrew Kyurem!<br></div><div class="battle-history">BroadloomAxe598 sent out <strong>Umbreon</strong>!<br></div><div class="spacer battle-history"><br></div><div class="battle-history">Forretress used <strong>Protect</strong>!<br></div><div class="battle-history"><small>But it failed!</small><br></div><div class="spacer battle-history"><br></div><div class="battle-history"><small>Forretress restored a little HP using its Leftovers!</small><br></div><div class="spacer battle-history"><br></div><h2 class="battle-history">Turn 7</h2><div class="spacer battle-history"><br></div><div class="battle-history">The opposing Umbreon used <strong>Foul Play</strong>!<br></div><div class="battle-history"><small>(Forretress lost <abbr title="−72/354">20.3%</abbr> of its health!)</small><br></div><div class="spacer battle-history"><br></div><div class="battle-history">Forretress used <strong>Toxic</strong>!<br></div><div class="battle-history"><small>The opposing Umbreon was badly poisoned!</small><br></div><div class="battle-history"><small>[The opposing Umbreon's Synchronize]</small><br></div><div class="battle-history"><small>It doesn't affect Forretress...</small><br></div><div class="spacer battle-history"><br></div><div class="battle-history"><small>Forretress restored a little HP using its Leftovers!</small><br></div><div class="battle-history"><small>The opposing Umbreon was hurt by poison!</small><br></div><div class="spacer battle-history"><br></div><h2 class="battle-history">Turn 8</h2><div class="chat chatmessage-broadloomaxe598"><strong style="color:hsl(284,74%,47%)"><small>☆</small><span class="username" data-name="BroadloomAxe598">BroadloomAxe598</span>:</strong> <em>your forretress set up is nice</em></div><div class="chat chatmessage-jeffthekiller101"><strong style="color:hsl(337,66%,44%)"><small>☆</small><span class="username" data-name="JeffTheKiller101">JeffTheKiller101</span>:</strong> <em>thanks</em></div><div class="spacer battle-history"><br></div><div class="battle-history">Forretress used <strong>Protect</strong>!<br></div><div class="battle-history"><small>Forretress protected itself!</small><br></div><div class="spacer battle-history"><br></div><div class="battle-history">The opposing Umbreon used <strong>Wish</strong>!<br></div><div class="spacer battle-history"><br></div><div class="battle-history"><small>The opposing Umbreon restored a little HP using its Leftovers!</small><br></div><div class="battle-history"><small>Forretress restored a little HP using its Leftovers!</small><br></div><div class="battle-history"><small>The opposing Umbreon was hurt by poison!</small><br></div><div class="spacer battle-history"><br></div><h2 class="battle-history">Turn 9</h2><div class="chat chatmessage-jeffthekiller101"><strong style="color:hsl(337,66%,44%)"><small>☆</small><span class="username" data-name="JeffTheKiller101">JeffTheKiller101</span>:</strong> <em>unless you have a strong special sweeper he is almost impossable to get rid of</em></div><div class="spacer battle-history"><br></div><div class="battle-history">BroadloomAxe598 withdrew Umbreon!<br></div><div class="battle-history">BroadloomAxe598 sent out <strong>Chesnaught</strong>!<br></div><div class="spacer battle-history"><br></div><div class="battle-history">Forretress used <strong>Gyro Ball</strong>!<br></div><div class="battle-history"><small>[The opposing Chesnaught's Bulletproof]</small><br><small>It doesn't affect the opposing Chesnaught...</small><br></div><div class="spacer battle-history"><br></div><div class="battle-history"><small>Umbreon's wish came true!</small><br></div><div class="battle-history"><small>Forretress restored a little HP using its Leftovers!</small><br></div><div class="battle-history"><small>The opposing Chesnaught was hurt by poison!</small><br></div><div class="spacer battle-history"><br></div><h2 class="battle-history">Turn 10</h2><div class="spacer battle-history"><br></div><div class="battle-history">BroadloomAxe598 withdrew Chesnaught!<br></div><div class="battle-history">BroadloomAxe598 sent out <strong>Meloetta</strong>!<br></div><div class="spacer battle-history"><br></div><div class="battle-history">Forretress used <strong>Protect</strong>!<br></div><div class="battle-history"><small>But it failed!</small><br></div><div class="spacer battle-history"><br></div><div class="battle-history"><small>Forretress restored a little HP using its Leftovers!</small><br></div><div class="spacer battle-history"><br></div><h2 class="battle-history">Turn 11</h2><div class="chat chatmessage-jeffthekiller101"><strong style="color:hsl(337,66%,44%)"><small>☆</small><span class="username" data-name="JeffTheKiller101">JeffTheKiller101</span>:</strong> <em>shouldnt have said that</em></div><div class="chat chatmessage-broadloomaxe598"><strong style="color:hsl(284,74%,47%)"><small>☆</small><span class="username" data-name="BroadloomAxe598">BroadloomAxe598</span>:</strong> <em>that isnt why i brought this dude out lol i have no idea how to get rid i=of your foretress</em></div><div class="spacer battle-history"><br></div><div class="battle-history">The opposing Meloetta used <strong>Relic Song</strong>!<br></div><div class="battle-history"><small>It's not very effective...</small><br></div><div class="battle-history"><small>(Forretress lost <abbr title="−75/354">21.2%</abbr> of its health!)</small><br></div><div class="battle-history"><small>Forretress fell asleep!</small><br></div><div class="battle-history">The opposing Meloetta transformed!<br></div><div class="spacer battle-history"><br></div><div class="battle-history">Forretress is fast asleep.<br></div><div class="spacer battle-history"><br></div><div class="battle-history"><small>Forretress restored a little HP using its Leftovers!</small><br></div><div class="spacer battle-history"><br></div><h2 class="battle-history">Turn 12</h2><div class="chat chatmessage-broadloomaxe598"><strong style="color:hsl(284,74%,47%)"><small>☆</small><span class="username" data-name="BroadloomAxe598">BroadloomAxe598</span>:</strong> <em>!weakness steel</em></div><div class="chat"><div class="infobox">Steel:<br><span class="message-effect-weak">Weaknesses</span>: Fighting, Fire, Ground<br><span class="message-effect-resist">Resistances</span>: Bug, Dragon, Fairy, Flying, Grass, Ice, Normal, Psychic, Rock, Steel<br><span class="message-effect-immune">Immunities</span>: Poison</div></div><div class="chat chatmessage-jeffthekiller101"><strong style="color:hsl(337,66%,44%)"><small>☆</small><span class="username" data-name="JeffTheKiller101">JeffTheKiller101</span>:</strong> <em>now this is a problem</em></div><div class="spacer battle-history"><br></div><div class="battle-history">BroadloomAxe598 withdrew Meloetta!<br></div><div class="battle-history">BroadloomAxe598 sent out <strong>Kyurem</strong>!<br></div><div class="battle-history"><small>[The opposing Kyurem's Pressure]</small><br><small>The opposing Kyurem is exerting its pressure!</small><br></div><div class="spacer battle-history"><br></div><div class="battle-history">Forretress is fast asleep.<br></div><div class="spacer battle-history"><br></div><div class="battle-history"><small>Forretress restored a little HP using its Leftovers!</small><br></div><div class="spacer battle-history"><br></div><h2 class="battle-history">Turn 13</h2><div class="spacer battle-history"><br></div><div class="battle-history">The opposing Kyurem used <strong>Dragon Pulse</strong>!<br></div><div class="battle-history"><small>It's not very effective...</small><br></div><div class="battle-history"><small>(Forretress lost <abbr title="−78/354">22.0%</abbr> of its health!)</small><br></div><div class="spacer battle-history"><br></div><div class="battle-history">Forretress is fast asleep.<br></div><div class="spacer battle-history"><br></div><div class="battle-history"><small>Forretress restored a little HP using its Leftovers!</small><br></div><div class="spacer battle-history"><br></div><h2 class="battle-history">Turn 14</h2><div class="spacer battle-history"><br></div><div class="battle-history">The opposing Kyurem used <strong>Dragon Pulse</strong>!<br></div><div class="battle-history"><small>It's not very effective...</small><br></div><div class="battle-history"><small>(Forretress lost <abbr title="−89/354">25.1%</abbr> of its health!)</small><br></div><div class="battle-history"><small>Forretress woke up!</small><br></div><div class="spacer battle-history"><br></div><div class="battle-history">Forretress used <strong>Toxic</strong>!<br></div><div class="battle-history"><small>The opposing Kyurem was badly poisoned!</small><br></div><div class="spacer battle-history"><br></div><div class="battle-history"><small>Forretress restored a little HP using its Leftovers!</small><br></div><div class="battle-history"><small>The opposing Kyurem was hurt by poison!</small><br></div><div class="spacer battle-history"><br></div><h2 class="battle-history">Turn 15</h2><div class="spacer battle-history"><br></div><div class="battle-history">Forretress used <strong>Protect</strong>!<br></div><div class="battle-history"><small>Forretress protected itself!</small><br></div><div class="spacer battle-history"><br></div><div class="battle-history">The opposing Kyurem used <strong>Ice Beam</strong>!<br></div><div class="battle-history"><small>Forretress protected itself!</small><br></div><div class="spacer battle-history"><br></div><div class="battle-history"><small>Forretress restored a little HP using its Leftovers!</small><br></div><div class="battle-history"><small>The opposing Kyurem was hurt by poison!</small><br></div><div class="spacer battle-history"><br></div><h2 class="battle-history">Turn 16</h2><div class="spacer battle-history"><br></div><div class="battle-history">BroadloomAxe598 withdrew Kyurem!<br></div><div class="battle-history">BroadloomAxe598 sent out <strong>Meloetta</strong>!<br></div><div class="spacer battle-history"><br></div><div class="battle-history">Forretress used <strong>Gyro Ball</strong>!<br></div><div class="battle-history"><small>(The opposing Meloetta lost <abbr title="−85/341">24.9%</abbr> of its health!)</small><br></div><div class="spacer battle-history"><br></div><div class="battle-history"><small>Forretress restored a little HP using its Leftovers!</small><br></div><div class="spacer battle-history"><br></div><h2 class="battle-history">Turn 17</h2><div class="spacer battle-history"><br></div><div class="battle-history">Forretress used <strong>Protect</strong>!<br></div><div class="battle-history"><small>Forretress protected itself!</small><br></div><div class="spacer battle-history"><br></div><div class="battle-history">The opposing Meloetta used <strong>Relic Song</strong>!<br></div><div class="battle-history"><small>Forretress protected itself!</small><br></div><div class="spacer battle-history"><br></div><div class="battle-history"><small>Forretress restored a little HP using its Leftovers!</small><br></div><div class="spacer battle-history"><br></div><h2 class="battle-history">Turn 18</h2><div class="spacer battle-history"><br></div><div class="battle-history">The opposing Meloetta used <strong>Hyper Voice</strong>!<br></div><div class="battle-history"><small>It's not very effective...</small><br></div><div class="battle-history"><small>(Forretress lost <abbr title="−82/354">23.2%</abbr> of its health!)</small><br></div><div class="spacer battle-history"><br></div><div class="battle-history">Forretress used <strong>Toxic</strong>!<br></div><div class="battle-history"><small>The opposing Meloetta was badly poisoned!</small><br></div><div class="spacer battle-history"><br></div><div class="battle-history"><small>Forretress restored a little HP using its Leftovers!</small><br></div><div class="battle-history"><small>The opposing Meloetta was hurt by poison!</small><br></div><div class="spacer battle-history"><br></div><h2 class="battle-history">Turn 19</h2><div class="spacer battle-history"><br></div><div class="battle-history">Forretress used <strong>Protect</strong>!<br></div><div class="battle-history"><small>Forretress protected itself!</small><br></div><div class="spacer battle-history"><br></div><div class="battle-history">The opposing Meloetta used <strong>Hyper Voice</strong>!<br></div><div class="battle-history"><small>Forretress protected itself!</small><br></div><div class="spacer battle-history"><br></div><div class="battle-history"><small>Forretress restored a little HP using its Leftovers!</small><br></div><div class="battle-history"><small>The opposing Meloetta was hurt by poison!</small><br></div><div class="spacer battle-history"><br></div><h2 class="battle-history">Turn 20</h2><div class="spacer battle-history"><br></div><div class="battle-history">The opposing Meloetta used <strong>Relic Song</strong>!<br></div><div class="battle-history"><small>It's not very effective...</small><br></div><div class="battle-history"><small>(Forretress lost <abbr title="−70/354">19.8%</abbr> of its health!)</small><br></div><div class="battle-history">The opposing Meloetta transformed!<br></div><div class="spacer battle-history"><br></div><div class="battle-history">Forretress used <strong>Gyro Ball</strong>!<br></div><div class="battle-history"><small>(The opposing Meloetta lost <abbr title="−106/341">31.1%</abbr> of its health!)</small><br></div><div class="spacer battle-history"><br></div><div class="battle-history"><small>Forretress restored a little HP using its Leftovers!</small><br></div><div class="battle-history"><small>The opposing Meloetta was hurt by poison!</small><br></div><div class="spacer battle-history"><br></div><h2 class="battle-history">Turn 21</h2><div class="spacer battle-history"><br></div><div class="battle-history">Forretress used <strong>Protect</strong>!<br></div><div class="battle-history"><small>Forretress protected itself!</small><br></div><div class="spacer battle-history"><br></div><div class="battle-history">The opposing Meloetta used <strong>Relic Song</strong>!<br></div><div class="battle-history"><small>Forretress protected itself!</small><br></div><div class="spacer battle-history"><br></div><div class="battle-history"><small>Forretress restored a little HP using its Leftovers!</small><br></div><div class="battle-history"><small>The opposing Meloetta was hurt by poison!</small><br></div><div class="spacer battle-history"><br></div><div class="battle-history">The opposing Meloetta fainted!<br></div><div class="spacer battle-history"><br></div><div class="battle-history">BroadloomAxe598 sent out <strong>Suicune</strong>!<br></div><div class="battle-history"><small>[The opposing Suicune's Pressure]</small><br><small>The opposing Suicune is exerting its pressure!</small><br></div><div class="spacer battle-history"><br></div><h2 class="battle-history">Turn 22</h2><div class="spacer battle-history"><br></div><div class="battle-history">The opposing Suicune used <strong>Scald</strong>!<br></div><div class="battle-history"><small>(Forretress lost <abbr title="−85/354">24.0%</abbr> of its health!)</small><br></div><div class="spacer battle-history"><br></div><div class="battle-history">Forretress used <strong>Toxic</strong>!<br></div><div class="battle-history"><small>The opposing Suicune avoided the attack!</small><br></div><div class="spacer battle-history"><br></div><div class="battle-history"><small>Forretress restored a little HP using its Leftovers!</small><br></div><div class="spacer battle-history"><br></div><h2 class="battle-history">Turn 23</h2><div class="chat chatmessage-jeffthekiller101"><strong style="color:hsl(337,66%,44%)"><small>☆</small><span class="username" data-name="JeffTheKiller101">JeffTheKiller101</span>:</strong> <em>crud</em></div><div class="spacer battle-history"><br></div><div class="battle-history">Forretress used <strong>Protect</strong>!<br></div><div class="battle-history"><small>Forretress protected itself!</small><br></div><div class="spacer battle-history"><br></div><div class="battle-history">The opposing Suicune used <strong>Scald</strong>!<br></div><div class="battle-history"><small>Forretress protected itself!</small><br></div><div class="spacer battle-history"><br></div><div class="battle-history"><small>Forretress restored a little HP using its Leftovers!</small><br></div><div class="spacer battle-history"><br></div><h2 class="battle-history">Turn 24</h2><div class="spacer battle-history"><br></div><div class="battle-history">The opposing Suicune used <strong>Scald</strong>!<br></div><div class="battle-history"><small>(Forretress lost <abbr title="−85/354">24.0%</abbr> of its health!)</small><br></div><div class="spacer battle-history"><br></div><div class="battle-history">Forretress used <strong>Toxic</strong>!<br></div><div class="battle-history"><small>The opposing Suicune was badly poisoned!</small><br></div><div class="spacer battle-history"><br></div><div class="battle-history"><small>Forretress restored a little HP using its Leftovers!</small><br></div><div class="battle-history"><small>The opposing Suicune was hurt by poison!</small><br></div><div class="spacer battle-history"><br></div><h2 class="battle-history">Turn 25</h2><div class="spacer battle-history"><br></div><div class="battle-history">Forretress used <strong>Protect</strong>!<br></div><div class="battle-history"><small>Forretress protected itself!</small><br></div><div class="spacer battle-history"><br></div><div class="battle-history">The opposing Suicune used <strong>Scald</strong>!<br></div><div class="battle-history"><small>Forretress protected itself!</small><br></div><div class="spacer battle-history"><br></div><div class="battle-history"><small>Forretress restored a little HP using its Leftovers!</small><br></div><div class="battle-history"><small>The opposing Suicune was hurt by poison!</small><br></div><div class="spacer battle-history"><br></div><h2 class="battle-history">Turn 26</h2><div class="spacer battle-history"><br></div><div class="battle-history">The opposing Suicune used <strong>Scald</strong>!<br></div><div class="battle-history"><small>(Forretress lost <abbr title="−85/354">24.0%</abbr> of its health!)</small><br></div><div class="spacer battle-history"><br></div><div class="battle-history">Forretress fainted!<br></div><div class="spacer battle-history"><br></div><div class="battle-history"><small>The opposing Suicune was hurt by poison!</small><br></div><div class="chat chatmessage-broadloomaxe598"><strong style="color:hsl(284,74%,47%)"><small>☆</small><span class="username" data-name="BroadloomAxe598">BroadloomAxe598</span>:</strong> <em>good lord</em></div><div class="chat chatmessage-jeffthekiller101"><strong style="color:hsl(337,66%,44%)"><small>☆</small><span class="username" data-name="JeffTheKiller101">JeffTheKiller101</span>:</strong> <em>lol</em></div><div class="chat chatmessage-broadloomaxe598"><strong style="color:hsl(284,74%,47%)"><small>☆</small><span class="username" data-name="BroadloomAxe598">BroadloomAxe598</span>:</strong> <em>i should have just done this in the first place</em></div><div class="spacer battle-history"><br></div><div class="battle-history">Go! <strong>Mienshao</strong>!<br></div><div class="spacer battle-history"><br></div><h2 class="battle-history">Turn 27</h2><div class="spacer battle-history"><br></div><div class="battle-history">BroadloomAxe598 withdrew Suicune!<br></div><div class="battle-history">BroadloomAxe598 sent out <strong>Umbreon</strong>!<br></div><div class="spacer battle-history"><br></div><div class="battle-history">Mienshao used <strong>High Jump Kick</strong>!<br></div><div class="battle-history"><small>It's super effective!</small><br></div><div class="battle-history"><small>(The opposing Umbreon lost <abbr title="−292/332">88.0%</abbr> of its health!)</small><br></div><div class="battle-history"><small>Mienshao lost some of its HP!</small><br></div><div class="spacer battle-history"><br></div><div class="battle-history">The opposing Umbreon fainted!<br></div><div class="chat chatmessage-broadloomaxe598"><strong style="color:hsl(284,74%,47%)"><small>☆</small><span class="username" data-name="BroadloomAxe598">BroadloomAxe598</span>:</strong> <em>i miss clicked</em></div><div class="chat chatmessage-broadloomaxe598"><strong style="color:hsl(284,74%,47%)"><small>☆</small><span class="username" data-name="BroadloomAxe598">BroadloomAxe598</span>:</strong> <em>i hate everything</em></div><div class="spacer battle-history"><br></div><div class="battle-history">BroadloomAxe598 sent out <strong>Chesnaught</strong>!<br></div><div class="spacer battle-history"><br></div><h2 class="battle-history">Turn 28</h2><div class="chat chatmessage-jeffthekiller101"><strong style="color:hsl(337,66%,44%)"><small>☆</small><span class="username" data-name="JeffTheKiller101">JeffTheKiller101</span>:</strong> <em>in the arms of an angel</em></div><div class="spacer battle-history"><br></div><div class="battle-history">The opposing Chesnaught used <strong>Spiky Shield</strong>!<br></div><div class="battle-history"><small>The opposing Chesnaught protected itself!</small><br></div><div class="spacer battle-history"><br></div><div class="battle-history">Mienshao used <strong>U-turn</strong>!<br></div><div class="battle-history"><small>The opposing Chesnaught protected itself!</small><br></div><div class="battle-history"><small>Mienshao was hurt!</small><br></div><div class="spacer battle-history"><br></div><div class="battle-history"><small>The opposing Chesnaught was hurt by poison!</small><br></div><div class="spacer battle-history"><br></div><h2 class="battle-history">Turn 29</h2><div class="spacer battle-history"><br></div><div class="battle-history">BroadloomAxe598 withdrew Chesnaught!<br></div><div class="battle-history">BroadloomAxe598 sent out <strong>Aggron</strong>!<br></div><div class="spacer battle-history"><br></div><div class="battle-history">Mienshao used <strong>Poison Jab</strong>!<br></div><div class="battle-history"><small>It doesn't affect the opposing Aggron...</small><br></div><div class="spacer battle-history"><br></div><h2 class="battle-history">Turn 30</h2><div class="spacer battle-history"><br></div><div class="battle-history"><small>The opposing Aggron's Aggronite is reacting to BroadloomAxe598's Mega Bracelet!</small><br>The opposing Aggron has Mega Evolved into Mega Aggron!<br></div><div class="spacer battle-history"><br></div><div class="battle-history">Mienshao used <strong>High Jump Kick</strong>!<br></div><div class="battle-history"><small>The opposing Aggron avoided the attack!</small><br></div><div class="battle-history"><small>Mienshao kept going and crashed!</small><br></div><div class="spacer battle-history"><br></div><div class="battle-history">The opposing Aggron used <strong>Earthquake</strong>!<br></div><div class="battle-history"><small>(Mienshao lost <abbr title="−75/272">27.6%</abbr> of its health!)</small><br></div><div class="spacer battle-history"><br></div><div class="battle-history">Mienshao fainted!<br></div><div class="chat chatmessage-jeffthekiller101"><strong style="color:hsl(337,66%,44%)"><small>☆</small><span class="username" data-name="JeffTheKiller101">JeffTheKiller101</span>:</strong> <em>bruh</em></div><div class="chat chatmessage-broadloomaxe598"><strong style="color:hsl(284,74%,47%)"><small>☆</small><span class="username" data-name="BroadloomAxe598">BroadloomAxe598</span>:</strong> <em>broooooo lol</em></div><div class="chat chatmessage-broadloomaxe598"><strong style="color:hsl(284,74%,47%)"><small>☆</small><span class="username" data-name="BroadloomAxe598">BroadloomAxe598</span>:</strong> <em>my life was just saved</em></div><div class="chat chatmessage-jeffthekiller101"><strong style="color:hsl(337,66%,44%)"><small>☆</small><span class="username" data-name="JeffTheKiller101">JeffTheKiller101</span>:</strong> <em>that should have hit</em></div><div class="spacer battle-history"><br></div><div class="battle-history">Go! <strong>Abomasnow</strong>!<br></div><div class="battle-history"><small>[Abomasnow's Snow Warning]</small><br><small>It started to hail!</small><br></div><div class="spacer battle-history"><br></div><h2 class="battle-history">Turn 31</h2><div class="chat chatmessage-broadloomaxe598"><strong style="color:hsl(284,74%,47%)"><small>☆</small><span class="username" data-name="BroadloomAxe598">BroadloomAxe598</span>:</strong> <em>yea i got very lucky i guess</em></div><div class="chat chatmessage-broadloomaxe598"><strong style="color:hsl(284,74%,47%)"><small>☆</small><span class="username" data-name="BroadloomAxe598">BroadloomAxe598</span>:</strong> <em>!weakness steel</em></div><div class="chat"><div class="infobox">Steel:<br><span class="message-effect-weak">Weaknesses</span>: Fighting, Fire, Ground<br><span class="message-effect-resist">Resistances</span>: Bug, Dragon, Fairy, Flying, Grass, Ice, Normal, Psychic, Rock, Steel<br><span class="message-effect-immune">Immunities</span>: Poison</div></div><div class="spacer battle-history"><br></div><div class="battle-history"><small>Abomasnow's Abomasite is reacting to JeffTheKiller101's Mega Bracelet!</small><br>Abomasnow has Mega Evolved into Mega Abomasnow!<br></div><div class="spacer battle-history"><br></div><div class="battle-history">Abomasnow used <strong>Earthquake</strong>!<br></div><div class="battle-history"><small>It's super effective!</small><br></div><div class="battle-history"><small>(The opposing Aggron lost <abbr title="−79/282">28.0%</abbr> of its health!)</small><br></div><div class="spacer battle-history"><br></div><div class="battle-history">The opposing Aggron used <strong>Rock Slide</strong>!<br></div><div class="battle-history"><small>It's super effective!</small><br></div><div class="battle-history"><small>(Abomasnow lost <abbr title="−176/383">46.0%</abbr> of its health!)</small><br></div><div class="spacer battle-history"><br></div><div class="battle-history"><small>The hail is crashing down.</small><br></div><div class="battle-history"><small>The opposing Aggron is buffeted by the hail!</small><br></div><div class="spacer battle-history"><br></div><h2 class="battle-history">Turn 32</h2><div class="chat chatmessage-broadloomaxe598"><strong style="color:hsl(284,74%,47%)"><small>☆</small><span class="username" data-name="BroadloomAxe598">BroadloomAxe598</span>:</strong> <em>welp</em></div><div class="spacer battle-history"><br></div><div class="battle-history">BroadloomAxe598 withdrew Aggron!<br></div><div class="battle-history">BroadloomAxe598 sent out <strong>Kyurem</strong>!<br></div><div class="battle-history"><small>[The opposing Kyurem's Pressure]</small><br><small>The opposing Kyurem is exerting its pressure!</small><br></div><div class="spacer battle-history"><br></div><div class="battle-history">Abomasnow used <strong>Earthquake</strong>!<br></div><div class="battle-history"><small>(The opposing Kyurem lost <abbr title="−155/454">34.1%</abbr> of its health!)</small><br></div><div class="spacer battle-history"><br></div><div class="battle-history"><small>The hail is crashing down.</small><br></div><div class="battle-history"><small>The opposing Kyurem was hurt by poison!</small><br></div><div class="spacer battle-history"><br></div><h2 class="battle-history">Turn 33</h2><div class="chat chatmessage-jeffthekiller101"><strong style="color:hsl(337,66%,44%)"><small>☆</small><span class="username" data-name="JeffTheKiller101">JeffTheKiller101</span>:</strong> <em>thinking the same thing</em></div><div class="spacer battle-history"><br></div><div class="battle-history">BroadloomAxe598 withdrew Kyurem!<br></div><div class="battle-history">BroadloomAxe598 sent out <strong>Chesnaught</strong>!<br></div><div class="spacer battle-history"><br></div><div class="battle-history">Abomasnow, come back!<br></div><div class="battle-history">Go! Florges (<strong>Florges-White</strong>)!<br></div><div class="spacer battle-history"><br></div><div class="battle-history"><small>The hail is crashing down.</small><br></div><div class="battle-history"><small>Florges is buffeted by the hail!</small><br></div><div class="battle-history"><small>The opposing Chesnaught is buffeted by the hail!</small><br></div><div class="battle-history"><small>Florges restored a little HP using its Leftovers!</small><br></div><div class="battle-history"><small>The opposing Chesnaught was hurt by poison!</small><br></div><div class="spacer battle-history"><br></div><h2 class="battle-history">Turn 34</h2><div class="spacer battle-history"><br></div><div class="battle-history">Florges used <strong>Moonblast</strong>!<br></div><div class="battle-history"><small>It's super effective!</small><br></div><div class="battle-history"><small>(The opposing Chesnaught lost <abbr title="−242/318">76.1%</abbr> of its health!)</small><br></div><div class="spacer battle-history"><br></div><div class="battle-history">The opposing Chesnaught fainted!<br></div><div class="spacer battle-history"><br></div><div class="battle-history"><small>The hail is crashing down.</small><br></div><div class="battle-history"><small>Florges is buffeted by the hail!</small><br></div><div class="battle-history"><small>Florges restored a little HP using its Leftovers!</small><br></div><div class="chat chatmessage-broadloomaxe598"><strong style="color:hsl(284,74%,47%)"><small>☆</small><span class="username" data-name="BroadloomAxe598">BroadloomAxe598</span>:</strong> <em>ugh poop</em></div><div class="spacer battle-history"><br></div><div class="battle-history">BroadloomAxe598 sent out <strong>Suicune</strong>!<br></div><div class="battle-history"><small>[The opposing Suicune's Pressure]</small><br><small>The opposing Suicune is exerting its pressure!</small><br></div><div class="spacer battle-history"><br></div><h2 class="battle-history">Turn 35</h2><div class="spacer battle-history"><br></div><div class="battle-history">The opposing Suicune used <strong>Scald</strong>!<br></div><div class="battle-history"><small>(Florges lost <abbr title="−61/360">16.9%</abbr> of its health!)</small><br></div><div class="battle-history"><small>Florges was burned!</small><br></div><div class="spacer battle-history"><br></div><div class="battle-history">Florges used <strong>Moonblast</strong>!<br></div><div class="battle-history"><small>(The opposing Suicune lost <abbr title="−79/341">23.2%</abbr> of its health!)</small><br></div><div class="battle-history"><small>The opposing Suicune's Special Attack fell!</small><br></div><div class="spacer battle-history"><br></div><div class="battle-history"><small>The hail stopped.</small><br></div><div class="battle-history"><small>Florges restored a little HP using its Leftovers!</small><br></div><div class="battle-history"><small>The opposing Suicune was hurt by poison!</small><br></div><div class="battle-history"><small>Florges was hurt by its burn!</small><br></div><div class="spacer battle-history"><br></div><h2 class="battle-history">Turn 36</h2><div class="spacer battle-history"><br></div><div class="battle-history">BroadloomAxe598 withdrew Suicune!<br></div><div class="battle-history">BroadloomAxe598 sent out Aggron (<strong>Aggron-Mega</strong>)!<br></div><div class="spacer battle-history"><br></div><div class="battle-history">Florges used <strong>Aromatherapy</strong>!<br></div><div class="battle-history"><small>A soothing aroma wafted through the area!</small><br></div><div class="battle-history"><small>Florges's burn was healed.</small><br></div><div class="spacer battle-history"><br></div><div class="battle-history"><small>Florges restored a little HP using its Leftovers!</small><br></div><div class="spacer battle-history"><br></div><h2 class="battle-history">Turn 37</h2><div class="chat chatmessage-broadloomaxe598"><strong style="color:hsl(284,74%,47%)"><small>☆</small><span class="username" data-name="BroadloomAxe598">BroadloomAxe598</span>:</strong> <em>yea that happend</em></div><div class="chat chatmessage-broadloomaxe598"><strong style="color:hsl(284,74%,47%)"><small>☆</small><span class="username" data-name="BroadloomAxe598">BroadloomAxe598</span>:</strong> <em>the foretress was what killed me</em></div><div class="spacer battle-history"><br></div><div class="battle-history">Florges used <strong>Moonblast</strong>!<br></div><div class="battle-history"><small>It's not very effective...</small><br></div><div class="battle-history"><small>(The opposing Aggron lost <abbr title="−72/282">25.5%</abbr> of its health!)</small><br></div><div class="spacer battle-history"><br></div><div class="battle-history">The opposing Aggron used <strong>Iron Head</strong>!<br></div><div class="battle-history"><small>It's super effective!</small><br></div><div class="battle-history"><small>(Florges lost <abbr title="−284/360">78.9%</abbr> of its health!)</small><br></div><div class="spacer battle-history"><br></div><div class="battle-history"><small>Florges restored a little HP using its Leftovers!</small><br></div><div class="spacer battle-history"><br></div><h2 class="battle-history">Turn 38</h2><div class="chat chatmessage-jeffthekiller101"><strong style="color:hsl(337,66%,44%)"><small>☆</small><span class="username" data-name="JeffTheKiller101">JeffTheKiller101</span>:</strong> <em>like a boss</em></div><div class="spacer battle-history"><br></div><div class="battle-history">Florges used <strong>Moonblast</strong>!<br></div><div class="battle-history"><small>It's not very effective...</small><br></div><div class="battle-history"><small>(The opposing Aggron lost <abbr title="−69/282">24.5%</abbr> of its health!)</small><br></div><div class="spacer battle-history"><br></div><div class="battle-history">The opposing Aggron used <strong>Iron Head</strong>!<br></div><div class="battle-history"><small>It's super effective!</small><br></div><div class="battle-history"><small>(Florges lost <abbr title="−36/360">10%</abbr> of its health!)</small><br></div><div class="spacer battle-history"><br></div><div class="battle-history">Florges fainted!<br></div><div class="spacer battle-history"><br></div><div class="battle-history">Go! <strong>Venomoth</strong>!<br></div><div class="spacer battle-history"><br></div><h2 class="battle-history">Turn 39</h2><div class="chat chatmessage-broadloomaxe598"><strong style="color:hsl(284,74%,47%)"><small>☆</small><span class="username" data-name="BroadloomAxe598">BroadloomAxe598</span>:</strong> <em>A toxic running steel type is smart</em></div><div class="chat chatmessage-jeffthekiller101"><strong style="color:hsl(337,66%,44%)"><small>☆</small><span class="username" data-name="JeffTheKiller101">JeffTheKiller101</span>:</strong> <em>time to wrap this up</em></div><div class="chat chatmessage-jeffthekiller101"><strong style="color:hsl(337,66%,44%)"><small>☆</small><span class="username" data-name="JeffTheKiller101">JeffTheKiller101</span>:</strong> <em>thanks</em></div><div class="spacer battle-history"><br></div><div class="battle-history">Venomoth used <strong>Sleep Powder</strong>!<br></div><div class="battle-history"><small>The opposing Aggron avoided the attack!</small><br></div><div class="spacer battle-history"><br></div><div class="battle-history">The opposing Aggron used <strong>Rock Slide</strong>!<br></div><div class="battle-history"><small>It's super effective!</small><br></div><div class="battle-history"><small>(Venomoth lost <abbr title="−274/282">97.2%</abbr> of its health!)</small><br></div><div class="spacer battle-history"><br></div><h2 class="battle-history">Turn 40</h2><div class="chat chatmessage-jeffthekiller101"><strong style="color:hsl(337,66%,44%)"><small>☆</small><span class="username" data-name="JeffTheKiller101">JeffTheKiller101</span>:</strong> <em>he has a sash</em></div><div class="chat chatmessage-broadloomaxe598"><strong style="color:hsl(284,74%,47%)"><small>☆</small><span class="username" data-name="BroadloomAxe598">BroadloomAxe598</span>:</strong> <em>yep</em></div><div class="chat chatmessage-broadloomaxe598"><strong style="color:hsl(284,74%,47%)"><small>☆</small><span class="username" data-name="BroadloomAxe598">BroadloomAxe598</span>:</strong> <em>he does lo</em></div><div class="spacer battle-history"><br></div><div class="battle-history">Venomoth used <strong>Sleep Powder</strong>!<br></div><div class="battle-history"><small>The opposing Aggron fell asleep!</small><br></div><div class="spacer battle-history"><br></div><div class="battle-history">The opposing Aggron is fast asleep.<br></div><div class="spacer battle-history"><br></div><h2 class="battle-history">Turn 41</h2><div class="spacer battle-history"><br></div><div class="battle-history">Venomoth used <strong>Quiver Dance</strong>!<br></div><div class="battle-history"><small>Venomoth's Special Attack rose!</small><br></div><div class="battle-history"><small>Venomoth's Special Defense rose!</small><br></div><div class="battle-history"><small>Venomoth's Speed rose!</small><br></div><div class="spacer battle-history"><br></div><div class="battle-history">The opposing Aggron is fast asleep.<br></div><div class="spacer battle-history"><br></div><h2 class="battle-history">Turn 42</h2><div class="spacer battle-history"><br></div><div class="battle-history">Venomoth used <strong>Bug Buzz</strong>!<br></div><div class="battle-history"><small>It's not very effective...</small><br></div><div class="battle-history"><small>(The opposing Aggron lost <abbr title="−45/282">16.0%</abbr> of its health!)</small><br></div><div class="spacer battle-history"><br></div><div class="battle-history">The opposing Aggron fainted!<br></div><div class="spacer battle-history"><br></div><div class="battle-history">BroadloomAxe598 sent out <strong>Kyurem</strong>!<br></div><div class="battle-history"><small>[The opposing Kyurem's Pressure]</small><br><small>The opposing Kyurem is exerting its pressure!</small><br></div><div class="spacer battle-history"><br></div><h2 class="battle-history">Turn 43</h2><div class="spacer battle-history"><br></div><div class="battle-history">Venomoth used <strong>Sludge Bomb</strong>!<br></div><div class="battle-history"><small>(The opposing Kyurem lost <abbr title="−6/454">1.3%</abbr> of its health!)</small><br></div><div class="spacer battle-history"><br></div><div class="battle-history">The opposing Kyurem fainted!<br></div><div class="spacer battle-history"><br></div><div class="battle-history">BroadloomAxe598 sent out <strong>Suicune</strong>!<br></div><div class="battle-history"><small>[The opposing Suicune's Pressure]</small><br><small>The opposing Suicune is exerting its pressure!</small><br></div><div class="spacer battle-history"><br></div><h2 class="battle-history">Turn 44</h2><div class="spacer battle-history"><br></div><div class="battle-history">Venomoth used <strong>Bug Buzz</strong>!<br></div><div class="battle-history"><small>(The opposing Suicune lost <abbr title="−115/341">33.7%</abbr> of its health!)</small><br></div><div class="spacer battle-history"><br></div><div class="battle-history">The opposing Suicune fainted!<br></div><div class="spacer battle-history"><br></div><div class="battle-history"><strong>JeffTheKiller101</strong> won the battle!<br></div><div class="chat">JeffTheKiller101's rating: 1152 → <strong>1175</strong><br>(+23 for winning)</div><div class="chat">BroadloomAxe598's rating: 1133 → <strong>1110</strong><br>(-23 for losing)</div><div class="chat chatmessage-jeffthekiller101"><strong style="color:hsl(337,66%,44%)"><small>☆</small><span class="username" data-name="JeffTheKiller101">JeffTheKiller101</span>:</strong> <em>gg</em></div></div><div class="inner-preempt"></div></div></div>
</div>
<script>
let daily = Math.floor(Date.now()/1000/60/60/24);document.write('<script src="https://play.pokemonshowdown.com/js/replay-embed.js?version'+daily+'"></'+'script>');
</script>
