<!DOCTYPE html>
<meta charset="utf-8" />
<!-- version 1 -->
<title>UU replay: ParnStar vs. FromRussiaWithLove</title>
<style>
html,body {font-family:Verdana, sans-serif;font-size:10pt;margin:0;padding:0;}body{padding:12px 0;} .battle-log {font-family:Verdana, sans-serif;font-size:10pt;} .battle-log-inline {border:1px solid #AAAAAA;background:#EEF2F5;color:black;max-width:640px;margin:0 auto 80px;padding-bottom:5px;} .battle-log .inner {padding:4px 8px 0px 8px;} .battle-log .inner-preempt {padding:0 8px 4px 8px;} .battle-log .inner-after {margin-top:0.5em;} .battle-log h2 {margin:0.5em -8px;padding:4px 8px;border:1px solid #AAAAAA;background:#E0E7EA;border-left:0;border-right:0;font-family:Verdana, sans-serif;font-size:13pt;} .battle-log .chat {vertical-align:middle;padding:3px 0 3px 0;font-size:8pt;} .battle-log .chat strong {color:#40576A;} .battle-log .chat em {padding:1px 4px 1px 3px;color:#000000;font-style:normal;} .chat.mine {background:rgba(0,0,0,0.05);margin-left:-8px;margin-right:-8px;padding-left:8px;padding-right:8px;} .spoiler {color:#BBBBBB;background:#BBBBBB;padding:0px 3px;} .spoiler:hover, .spoiler:active, .spoiler-shown {color:#000000;background:#E2E2E2;padding:0px 3px;} .spoiler a {color:#BBBBBB;} .spoiler:hover a, .spoiler:active a, .spoiler-shown a {color:#2288CC;} .chat code, .chat .spoiler:hover code, .chat .spoiler:active code, .chat .spoiler-shown code {border:1px solid #C0C0C0;background:#EEEEEE;color:black;padding:0 2px;} .chat .spoiler code {border:1px solid #CCCCCC;background:#CCCCCC;color:#CCCCCC;} .battle-log .rated {padding:3px 4px;} .battle-log .rated strong {color:white;background:#89A;padding:1px 4px;border-radius:4px;} .spacer {margin-top:0.5em;} .message-announce {background:#6688AA;color:white;padding:1px 4px 2px;} .message-announce a, .broadcast-green a, .broadcast-blue a, .broadcast-red a {color:#DDEEFF;} .broadcast-green {background-color:#559955;color:white;padding:2px 4px;} .broadcast-blue {background-color:#6688AA;color:white;padding:2px 4px;} .infobox {border:1px solid #6688AA;padding:2px 4px;} .infobox-limited {max-height:200px;overflow:auto;overflow-x:hidden;} .broadcast-red {background-color:#AA5544;color:white;padding:2px 4px;} .message-learn-canlearn {font-weight:bold;color:#228822;text-decoration:underline;} .message-learn-cannotlearn {font-weight:bold;color:#CC2222;text-decoration:underline;} .message-effect-weak {font-weight:bold;color:#CC2222;} .message-effect-resist {font-weight:bold;color:#6688AA;} .message-effect-immune {font-weight:bold;color:#666666;} .message-learn-list {margin-top:0;margin-bottom:0;} .message-throttle-notice, .message-error {color:#992222;} .message-overflow, .chat small.message-overflow {font-size:0pt;} .message-overflow::before {font-size:9pt;content:'...';} .subtle {color:#3A4A66;}
</style>
<div class="wrapper replay-wrapper" style="max-width:1180px;margin:0 auto">
<input type="hidden" name="replayid" value="uu-534134095" />
<div class="battle"></div><div class="battle-log"></div><div class="replay-controls"></div><div class="replay-controls-2"></div>
<h1 style="font-weight:normal;text-align:center"><strong>UU</strong><br /><a href="http://pokemonshowdown.com/users/parnstar" class="subtle" target="_blank">ParnStar</a> vs. <a href="http://pokemonshowdown.com/users/fromrussiawithlove" class="subtle" target="_blank">FromRussiaWithLove</a></h1>
<script type="text/plain" class="battle-log-data">|j|ParnStar
|j|FromRussiaWithLove
|player|p1|ParnStar|24
|player|p2|FromRussiaWithLove|275
|gametype|singles
|gen|6
|tier|UU
|rated
|seed|55631,60637,49167,15949
|rule|Sleep Clause Mod: Limit one foe put to sleep
|rule|Species Clause: Limit one of each Pokémon
|rule|OHKO Clause: OHKO moves are banned
|rule|Moody Clause: Moody is banned
|rule|Evasion Moves Clause: Evasion moves are banned
|rule|Endless Battle Clause: Forcing endless battles is banned
|rule|HP Percentage Mod: HP is shown in percentages
|clearpoke
|poke|p1|Conkeldurr, F|item
|poke|p1|Magneton|item
|poke|p1|Porygon-Z|item
|poke|p1|Whimsicott, M|item
|poke|p1|Entei, shiny|item
|poke|p1|Tentacruel, F|item
|poke|p2|Absol, M|item
|poke|p2|Aggron, M, shiny|item
|poke|p2|Donphan, M, shiny|item
|poke|p2|Cradily, M|item
|poke|p2|Accelgor, M, shiny|item
|poke|p2|Darmanitan, M|item
|rule|Swagger Clause: Swagger is banned
|rule|Baton Pass Clause: Limit one Baton Passer, can't pass Spe and other stats simultaneously
|teampreview
|choice|team 1, team 2, team 3, team 4, team 5, team 6|team 1, team 2, team 3, team 4, team 5, team 6
|
|start
|switch|p1a: Mandingo|Conkeldurr, F|414\/414
|switch|p2a: MR.BADASS|Absol, M|271\/271
|turn|1
|choice|move machpunch|switch 3
|
|switch|p2a: ARMADILLEPHANT|Donphan, M, shiny|383\/383
|move|p1a: Mandingo|Mach Punch|p2a: ARMADILLEPHANT
|-damage|p2a: ARMADILLEPHANT|316\/383
|
|-status|p1a: Mandingo|brn|[from] item: Flame Orb
|upkeep
|turn|2
|choice|move knockoff|move playrough
|
|move|p2a: ARMADILLEPHANT|Play Rough|p1a: Mandingo
|-supereffective|p1a: Mandingo
|-damage|p1a: Mandingo|188\/414 brn
|move|p1a: Mandingo|Knock Off|p2a: ARMADILLEPHANT
|-damage|p2a: ARMADILLEPHANT|151\/383
|-enditem|p2a: ARMADILLEPHANT|Custap Berry|[from] move: Knock Off|[of] p1a: Mandingo
|
|-damage|p1a: Mandingo|137\/414 brn|[from] brn
|upkeep
|turn|3
|choice|switch 4|move iceshard
|
|switch|p1a: Presscott|Whimsicott, M|261\/261
|move|p2a: ARMADILLEPHANT|Ice Shard|p1a: Presscott
|-supereffective|p1a: Presscott
|-damage|p1a: Presscott|147\/261
|
|upkeep
|turn|4
|choice|move gigadrain|move iceshard
|
|move|p2a: ARMADILLEPHANT|Ice Shard|p1a: Presscott
|-supereffective|p1a: Presscott
|-damage|p1a: Presscott|33\/261
|move|p1a: Presscott|Giga Drain|p2a: ARMADILLEPHANT
|-supereffective|p2a: ARMADILLEPHANT
|-damage|p2a: ARMADILLEPHANT|0 fnt
|-heal|p1a: Presscott|109\/261|[from] drain|[of] p2a: ARMADILLEPHANT
|faint|p2a: ARMADILLEPHANT
|
|upkeep
|choice||switch 5
|
|switch|p2a: NINJA|Accelgor, M, shiny|301\/301
|turn|5
|choice|move naturepower|move sludgebomb
|
|move|p1a: Presscott|Nature Power|p2a: NINJA
|move|p1a: Presscott|Tri Attack|p2a: NINJA|[from]Nature Power
|-damage|p2a: NINJA|181\/301
|move|p2a: NINJA|Sludge Bomb|p1a: Presscott
|-supereffective|p1a: Presscott
|-damage|p1a: Presscott|0 fnt
|-damage|p2a: NINJA|151\/301|[from] item: Life Orb
|faint|p1a: Presscott
|
|upkeep
|choice|switch 2|
|
|switch|p1a: Alpha|Magneton|303\/303
|turn|6
|choice|move voltswitch|move focusblast
|
|move|p2a: NINJA|Focus Blast|p1a: Alpha
|-supereffective|p1a: Alpha
|-damage|p1a: Alpha|12\/303
|-damage|p2a: NINJA|121\/301|[from] item: Life Orb
|move|p1a: Alpha|Volt Switch|p2a: NINJA
|-damage|p2a: NINJA|0 fnt
|faint|p2a: NINJA
|choice|switch 4|
|
|switch|p1a: Mandingo|Conkeldurr, F|137\/414 brn
|
|-damage|p1a: Mandingo|86\/414 brn|[from] brn
|upkeep
|choice||switch 3
|
|switch|p2a: MR.BADASS|Absol, M|271\/271
|turn|7
|choice|move machpunch|move suckerpunch mega
|
|detailschange|p2a: MR.BADASS|Absol-Mega, M
|-mega|p2a: MR.BADASS|Absol|Absolite
|move|p2a: MR.BADASS|Sucker Punch|p1a: Mandingo
|-resisted|p1a: Mandingo
|-damage|p1a: Mandingo|10\/414 brn
|move|p1a: Mandingo|Mach Punch|p2a: MR.BADASS
|-supereffective|p2a: MR.BADASS
|-damage|p2a: MR.BADASS|0 fnt
|faint|p2a: MR.BADASS
|
|-damage|p1a: Mandingo|0 fnt|[from] brn
|upkeep
|faint|p1a: Mandingo
|choice|switch 4|switch 6
|
|switch|p2a: DK|Darmanitan, M|414\/414
|switch|p1a: Alpha|Magneton|12\/303
|turn|8
|choice|move voltswitch|move bulldoze
|
|move|p2a: DK|Bulldoze|p1a: Alpha
|-supereffective|p1a: Alpha
|-damage|p1a: Alpha|0 fnt
|faint|p1a: Alpha
|
|upkeep
|choice|switch 3|
|
|switch|p1a: beta|Porygon-Z|311\/311
|turn|9
|choice|move triattack|move flareblitz
|
|move|p1a: beta|Tri Attack|p2a: DK
|-damage|p2a: DK|0 fnt
|faint|p2a: DK
|
|upkeep
|-message|FromRussiaWithLove forfeited.
|
|win|ParnStar
|player|p1
|player|p2
|l|FromRussiaWithLove
|raw|ParnStar's rating: 1398 &rarr; <strong>1403<\/strong><br \/>(+5 for winning)
|raw|FromRussiaWithLove's rating: 1085 &rarr; <strong>1078<\/strong><br \/>(-7 for losing)</script>
</div>
<div class="battle-log battle-log-inline"><div class="inner"><div class="battle-options"></div><div class="inner"><div class="chat"><small>ParnStar joined.</small></div><div class="chat"><small>FromRussiaWithLove joined.</small></div><div class=""><small>Format:</small> <br><strong>UU</strong></div><div class="rated"><strong>Rated battle</strong></div><div class=""><small><em>Sleep Clause Mod:</em> Limit one foe put to sleep</small></div><div class=""><small><em>Species Clause:</em> Limit one of each Pokémon</small></div><div class=""><small><em>OHKO Clause:</em> OHKO moves are banned</small></div><div class=""><small><em>Moody Clause:</em> Moody is banned</small></div><div class=""><small><em>Evasion Moves Clause:</em> Evasion moves are banned</small></div><div class=""><small><em>Endless Battle Clause:</em> Forcing endless battles is banned</small></div><div class=""><small><em>HP Percentage Mod:</em> HP is shown in percentages</small></div><div class=""><small><em>Swagger Clause:</em> Swagger is banned</small></div><div class=""><small><em>Baton Pass Clause:</em> Limit one Baton Passer, can't pass Spe and other stats simultaneously</small></div><div class="chat battle-history"><strong>ParnStar's team:</strong> <em style="color:#445566;display:block;">Conkeldurr / Magneton / Porygon-Z / Whimsicott / Entei / Tentacruel</em></div><div class="chat battle-history"><strong>FromRussiaWithLove's team:</strong> <em style="color:#445566;display:block;">Absol / Aggron / Donphan / Cradily / Accelgor / Darmanitan</em></div><div class="spacer battle-history"><br></div><div class="battle-history">Battle started between ParnStar and FromRussiaWithLove!<br></div><div class="spacer battle-history"><br></div><div class="battle-history">Go! Mandingo (<strong>Conkeldurr</strong>)!<br></div><div class="spacer battle-history"><br></div><div class="battle-history">FromRussiaWithLove sent out MR.BADASS (<strong>Absol</strong>)!<br></div><div class="spacer battle-history"><br></div><h2 class="battle-history">Turn 1</h2><div class="spacer battle-history"><br></div><div class="battle-history">FromRussiaWithLove withdrew MR.BADASS!<br></div><div class="battle-history">FromRussiaWithLove sent out ARMADILLEPHANT (<strong>Donphan</strong>)!<br></div><div class="spacer battle-history"><br></div><div class="battle-history">Mandingo used <strong>Mach Punch</strong>!<br></div><div class="battle-history"><small>(The opposing ARMADILLEPHANT lost <abbr title="−67/383">17.5%</abbr> of its health!)</small><br></div><div class="spacer battle-history"><br></div><div class="battle-history"><small>Mandingo was burned!</small><br></div><div class="spacer battle-history"><br></div><h2 class="battle-history">Turn 2</h2><div class="spacer battle-history"><br></div><div class="battle-history">The opposing ARMADILLEPHANT used <strong>Play Rough</strong>!<br></div><div class="battle-history"><small>It's super effective!</small><br></div><div class="battle-history"><small>(Mandingo lost <abbr title="−226/414">54.6%</abbr> of its health!)</small><br></div><div class="spacer battle-history"><br></div><div class="battle-history">Mandingo used <strong>Knock Off</strong>!<br></div><div class="battle-history"><small>(The opposing ARMADILLEPHANT lost <abbr title="−165/383">43.1%</abbr> of its health!)</small><br></div><div class="battle-history"><small>Mandingo knocked off the opposing ARMADILLEPHANT's Custap Berry!</small><br></div><div class="spacer battle-history"><br></div><div class="battle-history"><small>Mandingo was hurt by its burn!</small><br></div><div class="spacer battle-history"><br></div><h2 class="battle-history">Turn 3</h2><div class="spacer battle-history"><br></div><div class="battle-history">Mandingo, come back!<br></div><div class="battle-history">Go! Presscott (<strong>Whimsicott</strong>)!<br></div><div class="spacer battle-history"><br></div><div class="battle-history">The opposing ARMADILLEPHANT used <strong>Ice Shard</strong>!<br></div><div class="battle-history"><small>It's super effective!</small><br></div><div class="battle-history"><small>(Presscott lost <abbr title="−114/261">43.7%</abbr> of its health!)</small><br></div><div class="spacer battle-history"><br></div><h2 class="battle-history">Turn 4</h2><div class="spacer battle-history"><br></div><div class="battle-history">The opposing ARMADILLEPHANT used <strong>Ice Shard</strong>!<br></div><div class="battle-history"><small>It's super effective!</small><br></div><div class="battle-history"><small>(Presscott lost <abbr title="−114/261">43.7%</abbr> of its health!)</small><br></div><div class="spacer battle-history"><br></div><div class="battle-history">Presscott used <strong>Giga Drain</strong>!<br></div><div class="battle-history"><small>It's super effective!</small><br></div><div class="battle-history"><small>(The opposing ARMADILLEPHANT lost <abbr title="−151/383">39.4%</abbr> of its health!)</small><br></div><div class="battle-history"><small>The opposing ARMADILLEPHANT had its energy drained!</small><br></div><div class="spacer battle-history"><br></div><div class="battle-history">The opposing ARMADILLEPHANT fainted!<br></div><div class="spacer battle-history"><br></div><div class="battle-history">FromRussiaWithLove sent out NINJA (<strong>Accelgor</strong>)!<br></div><div class="spacer battle-history"><br></div><h2 class="battle-history">Turn 5</h2><div class="spacer battle-history"><br></div><div class="battle-history">Presscott used <strong>Nature Power</strong>!<br></div><div class="spacer battle-history"><br></div><div class="battle-history">Nature Power turned into Tri Attack!<br></div><div class="battle-history"><small>(The opposing NINJA lost <abbr title="−120/301">39.9%</abbr> of its health!)</small><br></div><div class="spacer battle-history"><br></div><div class="battle-history">The opposing NINJA used <strong>Sludge Bomb</strong>!<br></div><div class="battle-history"><small>It's super effective!</small><br></div><div class="battle-history"><small>(Presscott lost <abbr title="−109/261">41.8%</abbr> of its health!)</small><br></div><div class="battle-history"><small>The opposing NINJA lost some of its HP!</small><br></div><div class="spacer battle-history"><br></div><div class="battle-history">Presscott fainted!<br></div><div class="spacer battle-history"><br></div><div class="battle-history">Go! Alpha (<strong>Magneton</strong>)!<br></div><div class="spacer battle-history"><br></div><h2 class="battle-history">Turn 6</h2><div class="spacer battle-history"><br></div><div class="battle-history">The opposing NINJA used <strong>Focus Blast</strong>!<br></div><div class="battle-history"><small>It's super effective!</small><br></div><div class="battle-history"><small>(Alpha lost <abbr title="−291/303">96.0%</abbr> of its health!)</small><br></div><div class="battle-history"><small>The opposing NINJA lost some of its HP!</small><br></div><div class="spacer battle-history"><br></div><div class="battle-history">Alpha used <strong>Volt Switch</strong>!<br></div><div class="battle-history"><small>(The opposing NINJA lost <abbr title="−121/301">40.2%</abbr> of its health!)</small><br></div><div class="spacer battle-history"><br></div><div class="battle-history">The opposing NINJA fainted!<br></div><div class="spacer battle-history"><br></div><div class="battle-history">Alpha went back to ParnStar!<br></div><div class="battle-history">Go! Mandingo (<strong>Conkeldurr</strong>)!<br></div><div class="spacer battle-history"><br></div><div class="battle-history"><small>Mandingo was hurt by its burn!</small><br></div><div class="spacer battle-history"><br></div><div class="battle-history">FromRussiaWithLove sent out MR.BADASS (<strong>Absol</strong>)!<br></div><div class="spacer battle-history"><br></div><h2 class="battle-history">Turn 7</h2><div class="spacer battle-history"><br></div><div class="battle-history"><small>The opposing MR.BADASS's Absolite is reacting to FromRussiaWithLove's Mega Bracelet!</small><br>The opposing MR.BADASS has Mega Evolved into Mega Absol!<br></div><div class="spacer battle-history"><br></div><div class="battle-history">The opposing MR.BADASS used <strong>Sucker Punch</strong>!<br></div><div class="battle-history"><small>It's not very effective...</small><br></div><div class="battle-history"><small>(Mandingo lost <abbr title="−76/414">18.4%</abbr> of its health!)</small><br></div><div class="spacer battle-history"><br></div><div class="battle-history">Mandingo used <strong>Mach Punch</strong>!<br></div><div class="battle-history"><small>It's super effective!</small><br></div><div class="battle-history"><small>(The opposing MR.BADASS lost <abbr title="−271/271">100%</abbr> of its health!)</small><br></div><div class="spacer battle-history"><br></div><div class="battle-history">The opposing MR.BADASS fainted!<br></div><div class="spacer battle-history"><br></div><div class="battle-history"><small>Mandingo was hurt by its burn!</small><br></div><div class="spacer battle-history"><br></div><div class="battle-history">Mandingo fainted!<br></div><div class="spacer battle-history"><br></div><div class="battle-history">FromRussiaWithLove sent out DK (<strong>Darmanitan</strong>)!<br></div><div class="spacer battle-history"><br></div><div class="battle-history">Go! Alpha (<strong>Magneton</strong>)!<br></div><div class="spacer battle-history"><br></div><h2 class="battle-history">Turn 8</h2><div class="spacer battle-history"><br></div><div class="battle-history">The opposing DK used <strong>Bulldoze</strong>!<br></div><div class="battle-history"><small>It's super effective!</small><br></div><div class="battle-history"><small>(Alpha lost <abbr title="−12/303">4.0%</abbr> of its health!)</small><br></div><div class="spacer battle-history"><br></div><div class="battle-history">Alpha fainted!<br></div><div class="spacer battle-history"><br></div><div class="battle-history">Go! beta (<strong>Porygon-Z</strong>)!<br></div><div class="spacer battle-history"><br></div><h2 class="battle-history">Turn 9</h2><div class="spacer battle-history"><br></div><div class="battle-history">beta used <strong>Tri Attack</strong>!<br></div><div class="battle-history"><small>(The opposing DK lost <abbr title="−414/414">100%</abbr> of its health!)</small><br></div><div class="spacer battle-history"><br></div><div class="battle-history">The opposing DK fainted!<br></div><div class="spacer battle-history"><br></div><div class="battle-history"><small>FromRussiaWithLove forfeited.</small><br></div><div class="spacer battle-history"><br></div><div class="battle-history"><strong>ParnStar</strong> won the battle!<br></div><div class="chat"><small>FromRussiaWithLove left.</small></div><div class="chat">ParnStar's rating: 1398 → <strong>1403</strong><br>(+5 for winning)</div><div class="chat">FromRussiaWithLove's rating: 1085 → <strong>1078</strong><br>(-7 for losing)</div></div><div class="inner-preempt"></div></div></div>
</div>
<script>
let daily = Math.floor(Date.now()/1000/60/60/24);document.write('<script src="https://play.pokemonshowdown.com/js/replay-embed.js?version'+daily+'"></'+'script>');
</script>
