<!DOCTYPE html>
<meta charset="utf-8" />
<!-- version 1 -->
<title>UU replay: SwixTag vs. Parnstar</title>
<style>
html,body {font-family:Verdana, sans-serif;font-size:10pt;margin:0;padding:0;}body{padding:12px 0;} .battle-log {font-family:Verdana, sans-serif;font-size:10pt;} .battle-log-inline {border:1px solid #AAAAAA;background:#EEF2F5;color:black;max-width:640px;margin:0 auto 80px;padding-bottom:5px;} .battle-log .inner {padding:4px 8px 0px 8px;} .battle-log .inner-preempt {padding:0 8px 4px 8px;} .battle-log .inner-after {margin-top:0.5em;} .battle-log h2 {margin:0.5em -8px;padding:4px 8px;border:1px solid #AAAAAA;background:#E0E7EA;border-left:0;border-right:0;font-family:Verdana, sans-serif;font-size:13pt;} .battle-log .chat {vertical-align:middle;padding:3px 0 3px 0;font-size:8pt;} .battle-log .chat strong {color:#40576A;} .battle-log .chat em {padding:1px 4px 1px 3px;color:#000000;font-style:normal;} .chat.mine {background:rgba(0,0,0,0.05);margin-left:-8px;margin-right:-8px;padding-left:8px;padding-right:8px;} .spoiler {color:#BBBBBB;background:#BBBBBB;padding:0px 3px;} .spoiler:hover, .spoiler:active, .spoiler-shown {color:#000000;background:#E2E2E2;padding:0px 3px;} .spoiler a {color:#BBBBBB;} .spoiler:hover a, .spoiler:active a, .spoiler-shown a {color:#2288CC;} .chat code, .chat .spoiler:hover code, .chat .spoiler:active code, .chat .spoiler-shown code {border:1px solid #C0C0C0;background:#EEEEEE;color:black;padding:0 2px;} .chat .spoiler code {border:1px solid #CCCCCC;background:#CCCCCC;color:#CCCCCC;} .battle-log .rated {padding:3px 4px;} .battle-log .rated strong {color:white;background:#89A;padding:1px 4px;border-radius:4px;} .spacer {margin-top:0.5em;} .message-announce {background:#6688AA;color:white;padding:1px 4px 2px;} .message-announce a, .broadcast-green a, .broadcast-blue a, .broadcast-red a {color:#DDEEFF;} .broadcast-green {background-color:#559955;color:white;padding:2px 4px;} .broadcast-blue {background-color:#6688AA;color:white;padding:2px 4px;} .infobox {border:1px solid #6688AA;padding:2px 4px;} .infobox-limited {max-height:200px;overflow:auto;overflow-x:hidden;} .broadcast-red {background-color:#AA5544;color:white;padding:2px 4px;} .message-learn-canlearn {font-weight:bold;color:#228822;text-decoration:underline;} .message-learn-cannotlearn {font-weight:bold;color:#CC2222;text-decoration:underline;} .message-effect-weak {font-weight:bold;color:#CC2222;} .message-effect-resist {font-weight:bold;color:#6688AA;} .message-effect-immune {font-weight:bold;color:#666666;} .message-learn-list {margin-top:0;margin-bottom:0;} .message-throttle-notice, .message-error {color:#992222;} .message-overflow, .chat small.message-overflow {font-size:0pt;} .message-overflow::before {font-size:9pt;content:'...';} .subtle {color:#3A4A66;}
</style>
<div class="wrapper replay-wrapper" style="max-width:1180px;margin:0 auto">
<input type="hidden" name="replayid" value="uu-555582667" />
<div class="battle"></div><div class="battle-log"></div><div class="replay-controls"></div><div class="replay-controls-2"></div>
<h1 style="font-weight:normal;text-align:center"><strong>UU</strong><br /><a href="http://pokemonshowdown.com/users/swixtag" class="subtle" target="_blank">SwixTag</a> vs. <a href="http://pokemonshowdown.com/users/parnstar" class="subtle" target="_blank">Parnstar</a></h1>
<script type="text/plain" class="battle-log-data">|j|SwixTag
|j|Parnstar
|player|p1|SwixTag|129
|player|p2|Parnstar|21
|gametype|singles
|gen|6
|tier|UU
|rated
|seed|33079,62430,7694,11371
|rule|Sleep Clause Mod: Limit one foe put to sleep
|rule|Species Clause: Limit one of each Pokémon
|rule|OHKO Clause: OHKO moves are banned
|rule|Moody Clause: Moody is banned
|rule|Evasion Moves Clause: Evasion moves are banned
|rule|Endless Battle Clause: Forcing endless battles is banned
|rule|HP Percentage Mod: HP is shown in percentages
|clearpoke
|poke|p1|Sceptile, M|item
|poke|p1|Milotic, M, shiny|item
|poke|p1|Infernape, M, shiny|item
|poke|p1|Shuckle, M, shiny|item
|poke|p1|Doublade, M, shiny|item
|poke|p1|Sylveon, F, shiny|item
|poke|p2|Mamoswine, M|item
|poke|p2|Toxicroak, F|item
|poke|p2|Whimsicott, F|item
|poke|p2|Heliolisk, M|item
|poke|p2|Donphan, M|item
|poke|p2|Crawdaunt, M|item
|rule|Swagger Clause: Swagger is banned
|rule|Baton Pass Clause: Limit one Baton Passer, can't pass Spe and other stats simultaneously
|teampreview
|choice|team 4, team 2, team 3, team 1, team 5, team 6|team 5, team 2, team 3, team 4, team 1, team 6
|
|start
|switch|p1a: Shuckle|Shuckle, M, shiny|243\/243
|switch|p2a: Mustard pass|Donphan, M|383\/383
|turn|1
|choice|move stealthrock|move stealthrock
|
|move|p2a: Mustard pass|Stealth Rock|p1a: Shuckle
|-sidestart|p1: SwixTag|move: Stealth Rock
|move|p1a: Shuckle|Stealth Rock|p2a: Mustard pass
|-sidestart|p2: Parnstar|move: Stealth Rock
|
|upkeep
|turn|2
|choice|move stickyweb|move knockoff
|
|move|p2a: Mustard pass|Knock Off|p1a: Shuckle
|-damage|p1a: Shuckle|191\/243
|-enditem|p1a: Shuckle|Leftovers|[from] move: Knock Off|[of] p2a: Mustard pass
|move|p1a: Shuckle|Sticky Web|p2a: Mustard pass
|-sidestart|p2: Parnstar|move: Sticky Web
|
|upkeep
|turn|3
|choice|move toxic|move roar
|
|move|p1a: Shuckle|Toxic|p2a: Mustard pass
|-status|p2a: Mustard pass|tox
|move|p2a: Mustard pass|Roar|p1a: Shuckle
|drag|p1a: Milotic|Milotic, M, shiny|394\/394
|-damage|p1a: Milotic|345\/394|[from] Stealth Rock
|
|-heal|p1a: Milotic|369\/394|[from] item: Leftovers
|-damage|p2a: Mustard pass|360\/383 tox|[from] psn
|upkeep
|turn|4
|choice|move icebeam|move knockoff
|
|move|p1a: Milotic|Ice Beam|p2a: Mustard pass
|-supereffective|p2a: Mustard pass
|-damage|p2a: Mustard pass|142\/383 tox
|move|p2a: Mustard pass|Knock Off|p1a: Milotic
|-damage|p1a: Milotic|275\/394
|-enditem|p1a: Milotic|Leftovers|[from] move: Knock Off|[of] p2a: Mustard pass
|
|-damage|p2a: Mustard pass|96\/383 tox|[from] psn
|upkeep
|turn|5
|choice|move icebeam|move earthquake
|
|move|p1a: Milotic|Ice Beam|p2a: Mustard pass
|-supereffective|p2a: Mustard pass
|-damage|p2a: Mustard pass|0 fnt
|faint|p2a: Mustard pass
|
|upkeep
|choice||switch 4
|
|switch|p2a: Scared|Heliolisk, M|265\/265
|-damage|p2a: Scared|232\/265|[from] Stealth Rock
|-item|p2a: Scared|Air Balloon
|turn|6
|choice|move scald|move hypervoice
|
|move|p2a: Scared|Hyper Voice|p1a: Milotic
|-crit|p1a: Milotic
|-damage|p1a: Milotic|85\/394
|move|p1a: Milotic|Scald|p2a: Scared
|-heal|p2a: Scared|265\/265|[from] ability: Dry Skin|[of] p1a: Milotic
|
|upkeep
|turn|7
|choice|switch 2|move voltswitch
|
|switch|p1a: Shuckle|Shuckle, M, shiny|191\/243
|-damage|p1a: Shuckle|131\/243|[from] Stealth Rock
|move|p2a: Scared|Volt Switch|p1a: Shuckle
|-damage|p1a: Shuckle|85\/243
|choice||switch 6
|
|switch|p2a: NIpple pinochle|Crawdaunt, M|267\/267
|-activate|p2a: NIpple pinochle|move: Sticky Web
|-unboost|p2a: NIpple pinochle|spe|1
|-damage|p2a: NIpple pinochle|234\/267|[from] Stealth Rock
|
|upkeep
|turn|8
|choice|move toxic|move dragondance
|
|move|p2a: NIpple pinochle|Dragon Dance|p2a: NIpple pinochle
|-boost|p2a: NIpple pinochle|atk|1
|-boost|p2a: NIpple pinochle|spe|1
|move|p1a: Shuckle|Toxic|p2a: NIpple pinochle
|-status|p2a: NIpple pinochle|tox
|
|-damage|p2a: NIpple pinochle|218\/267 tox|[from] psn
|upkeep
|turn|9
|choice|switch 4|move dragondance
|
|switch|p1a: Sceptile|Sceptile, M|281\/281
|-damage|p1a: Sceptile|246\/281|[from] Stealth Rock
|move|p2a: NIpple pinochle|Dragon Dance|p2a: NIpple pinochle
|-boost|p2a: NIpple pinochle|atk|1
|-boost|p2a: NIpple pinochle|spe|1
|
|-damage|p2a: NIpple pinochle|186\/267 tox|[from] psn
|upkeep
|turn|10
|choice|move gigadrain mega|move knockoff
|
|detailschange|p1a: Sceptile|Sceptile-Mega, M
|-mega|p1a: Sceptile|Sceptile|Sceptilite
|move|p1a: Sceptile|Giga Drain|p2a: NIpple pinochle
|-supereffective|p2a: NIpple pinochle
|-damage|p2a: NIpple pinochle|0 fnt
|-heal|p1a: Sceptile|281\/281|[from] drain|[of] p2a: NIpple pinochle
|faint|p2a: NIpple pinochle
|
|upkeep
|choice||switch 3
|
|switch|p2a: Prick|Whimsicott, F|261\/261
|-activate|p2a: Prick|move: Sticky Web
|-unboost|p2a: Prick|spe|1
|-damage|p2a: Prick|229\/261|[from] Stealth Rock
|turn|11
|choice|switch 3|move moonblast
|
|switch|p1a: Infernape|Infernape, M, shiny|293\/293
|-damage|p1a: Infernape|257\/293|[from] Stealth Rock
|move|p2a: Prick|Moonblast|p1a: Infernape
|-damage|p1a: Infernape|79\/293
|
|upkeep
|turn|12
|choice|move firepunch|move naturepower
|
|move|p2a: Prick|Nature Power|p1a: Infernape
|move|p2a: Prick|Tri Attack|p1a: Infernape|[from]Nature Power
|-damage|p1a: Infernape|0 fnt
|faint|p1a: Infernape
|
|upkeep
|choice|switch 4|
|
|switch|p1a: Shuckle|Shuckle, M, shiny|85\/243
|-damage|p1a: Shuckle|25\/243|[from] Stealth Rock
|turn|13
|choice|move toxic|move moonblast
|
|move|p2a: Prick|Moonblast|p1a: Shuckle
|-damage|p1a: Shuckle|0 fnt
|faint|p1a: Shuckle
|
|upkeep
|choice|switch 5|
|
|switch|p1a: Doublade|Doublade, M, shiny|319\/319
|-damage|p1a: Doublade|300\/319|[from] Stealth Rock
|turn|14
|choice|move sacredsword|move moonblast
|
|move|p2a: Prick|Moonblast|p1a: Doublade
|-resisted|p1a: Doublade
|-damage|p1a: Doublade|214\/319
|move|p1a: Doublade|Sacred Sword|p2a: Prick
|-resisted|p2a: Prick
|-damage|p2a: Prick|171\/261
|
|upkeep
|turn|15
|choice|move shadowsneak|move encore
|
|move|p2a: Prick|Encore|p1a: Doublade
|-start|p1a: Doublade|Encore
|move|p1a: Doublade|Sacred Sword|p2a: Prick
|-resisted|p2a: Prick
|-damage|p2a: Prick|109\/261
|
|upkeep
|turn|16
|choice|move sacredsword|move moonblast
|
|move|p2a: Prick|Moonblast|p1a: Doublade
|-resisted|p1a: Doublade
|-crit|p1a: Doublade
|-damage|p1a: Doublade|80\/319
|move|p1a: Doublade|Sacred Sword|p2a: Prick
|-resisted|p2a: Prick
|-damage|p2a: Prick|46\/261
|
|upkeep
|turn|17
|choice|switch 3|move moonblast
|
|switch|p1a: Sceptile|Sceptile-Mega, M|281\/281
|-damage|p1a: Sceptile|246\/281|[from] Stealth Rock
|move|p2a: Prick|Moonblast|p1a: Sceptile
|-supereffective|p1a: Sceptile
|-damage|p1a: Sceptile|0 fnt
|faint|p1a: Sceptile
|
|upkeep
|choice|switch 6|
|
|switch|p1a: Sylveon|Sylveon, F, shiny|393\/393
|-damage|p1a: Sylveon|344\/393|[from] Stealth Rock
|turn|18
|choice|move psyshock|move moonblast
|
|move|p2a: Prick|Moonblast|p1a: Sylveon
|-damage|p1a: Sylveon|226\/393
|move|p1a: Sylveon|Psyshock|p2a: Prick
|-damage|p2a: Prick|0 fnt
|faint|p2a: Prick
|
|upkeep
|choice||switch 2
|
|switch|p2a: Mandingo|Toxicroak, F|308\/308
|-activate|p2a: Mandingo|move: Sticky Web
|-unboost|p2a: Mandingo|spe|1
|-damage|p2a: Mandingo|289\/308|[from] Stealth Rock
|turn|19
|choice|move psyshock|move gunkshot
|
|move|p2a: Mandingo|Gunk Shot|p1a: Sylveon
|-supereffective|p1a: Sylveon
|-damage|p1a: Sylveon|0 fnt
|-damage|p2a: Mandingo|259\/308|[from] item: Life Orb
|faint|p1a: Sylveon
|
|upkeep
|choice|switch 3|
|
|switch|p1a: Doublade|Doublade, M, shiny|80\/319
|-damage|p1a: Doublade|61\/319|[from] Stealth Rock
|turn|20
|choice|move shadowsneak|move suckerpunch
|
|move|p2a: Mandingo|Sucker Punch|p1a: Doublade
|-supereffective|p1a: Doublade
|-damage|p1a: Doublade|0 fnt
|-damage|p2a: Mandingo|229\/308|[from] item: Life Orb
|faint|p1a: Doublade
|
|upkeep
|choice|switch 2|
|
|switch|p1a: Milotic|Milotic, M, shiny|85\/394
|-damage|p1a: Milotic|36\/394|[from] Stealth Rock
|turn|21
|choice|move recover|move drainpunch
|
|move|p2a: Mandingo|Drain Punch|p1a: Milotic
|-damage|p1a: Milotic|0 fnt
|-heal|p2a: Mandingo|247\/308|[from] drain|[of] p1a: Milotic
|-damage|p2a: Mandingo|217\/308|[from] item: Life Orb
|faint|p1a: Milotic
|
|win|Parnstar
|raw|SwixTag's rating: 1052 &rarr; <strong>1044<\/strong><br \/>(-8 for losing)
|raw|Parnstar's rating: 1262 &rarr; <strong>1274<\/strong><br \/>(+12 for winning)
|l|SwixTag</script>
</div>
<div class="battle-log battle-log-inline"><div class="inner"><div class="battle-options"></div><div class="inner"><div class="chat"><small>SwixTag joined.</small></div><div class="chat"><small>Parnstar joined.</small></div><div class=""><small>Format:</small> <br><strong>UU</strong></div><div class="rated"><strong>Rated battle</strong></div><div class=""><small><em>Sleep Clause Mod:</em> Limit one foe put to sleep</small></div><div class=""><small><em>Species Clause:</em> Limit one of each Pokémon</small></div><div class=""><small><em>OHKO Clause:</em> OHKO moves are banned</small></div><div class=""><small><em>Moody Clause:</em> Moody is banned</small></div><div class=""><small><em>Evasion Moves Clause:</em> Evasion moves are banned</small></div><div class=""><small><em>Endless Battle Clause:</em> Forcing endless battles is banned</small></div><div class=""><small><em>HP Percentage Mod:</em> HP is shown in percentages</small></div><div class=""><small><em>Swagger Clause:</em> Swagger is banned</small></div><div class=""><small><em>Baton Pass Clause:</em> Limit one Baton Passer, can't pass Spe and other stats simultaneously</small></div><div class="chat battle-history"><strong>SwixTag's team:</strong> <em style="color:#445566;display:block;">Sceptile / Milotic / Infernape / Shuckle / Doublade / Sylveon</em></div><div class="chat battle-history"><strong>Parnstar's team:</strong> <em style="color:#445566;display:block;">Mamoswine / Toxicroak / Whimsicott / Heliolisk / Donphan / Crawdaunt</em></div><div class="spacer battle-history"><br></div><div class="battle-history">Battle started between SwixTag and Parnstar!<br></div><div class="spacer battle-history"><br></div><div class="battle-history">Go! <strong>Shuckle</strong>!<br></div><div class="spacer battle-history"><br></div><div class="battle-history">Parnstar sent out Mustard pass (<strong>Donphan</strong>)!<br></div><div class="spacer battle-history"><br></div><h2 class="battle-history">Turn 1</h2><div class="spacer battle-history"><br></div><div class="battle-history">The opposing Mustard pass used <strong>Stealth Rock</strong>!<br></div><div class="battle-history"><small>Pointed stones float in the air around your team!</small><br></div><div class="spacer battle-history"><br></div><div class="battle-history">Shuckle used <strong>Stealth Rock</strong>!<br></div><div class="battle-history"><small>Pointed stones float in the air around the opposing team!</small><br></div><div class="spacer battle-history"><br></div><h2 class="battle-history">Turn 2</h2><div class="spacer battle-history"><br></div><div class="battle-history">The opposing Mustard pass used <strong>Knock Off</strong>!<br></div><div class="battle-history"><small>(Shuckle lost <abbr title="−52/243">21.4%</abbr> of its health!)</small><br></div><div class="battle-history"><small>The opposing Mustard pass knocked off Shuckle's Leftovers!</small><br></div><div class="spacer battle-history"><br></div><div class="battle-history">Shuckle used <strong>Sticky Web</strong>!<br></div><div class="battle-history"><small>A sticky web spreads out on the ground around the opposing team!</small><br></div><div class="spacer battle-history"><br></div><h2 class="battle-history">Turn 3</h2><div class="spacer battle-history"><br></div><div class="battle-history">Shuckle used <strong>Toxic</strong>!<br></div><div class="battle-history"><small>The opposing Mustard pass was badly poisoned!</small><br></div><div class="spacer battle-history"><br></div><div class="battle-history">The opposing Mustard pass used <strong>Roar</strong>!<br></div><div class="spacer battle-history"><br></div><div class="battle-history"><strong>Milotic</strong> was dragged out!<br></div><div class="battle-history"><small>Pointed stones dug into Milotic!</small><br></div><div class="spacer battle-history"><br></div><div class="battle-history"><small>Milotic restored a little HP using its Leftovers!</small><br></div><div class="battle-history"><small>The opposing Mustard pass was hurt by poison!</small><br></div><div class="spacer battle-history"><br></div><h2 class="battle-history">Turn 4</h2><div class="spacer battle-history"><br></div><div class="battle-history">Milotic used <strong>Ice Beam</strong>!<br></div><div class="battle-history"><small>It's super effective!</small><br></div><div class="battle-history"><small>(The opposing Mustard pass lost <abbr title="−218/383">56.9%</abbr> of its health!)</small><br></div><div class="spacer battle-history"><br></div><div class="battle-history">The opposing Mustard pass used <strong>Knock Off</strong>!<br></div><div class="battle-history"><small>(Milotic lost <abbr title="−94/394">23.9%</abbr> of its health!)</small><br></div><div class="battle-history"><small>The opposing Mustard pass knocked off Milotic's Leftovers!</small><br></div><div class="spacer battle-history"><br></div><div class="battle-history"><small>The opposing Mustard pass was hurt by poison!</small><br></div><div class="spacer battle-history"><br></div><h2 class="battle-history">Turn 5</h2><div class="spacer battle-history"><br></div><div class="battle-history">Milotic used <strong>Ice Beam</strong>!<br></div><div class="battle-history"><small>It's super effective!</small><br></div><div class="battle-history"><small>(The opposing Mustard pass lost <abbr title="−96/383">25.1%</abbr> of its health!)</small><br></div><div class="spacer battle-history"><br></div><div class="battle-history">The opposing Mustard pass fainted!<br></div><div class="spacer battle-history"><br></div><div class="battle-history">Parnstar sent out Scared (<strong>Heliolisk</strong>)!<br></div><div class="battle-history"><small>Pointed stones dug into the opposing Scared!</small><br></div><div class="battle-history"><small>The opposing Scared floats in the air with its Air Balloon!</small><br></div><div class="spacer battle-history"><br></div><h2 class="battle-history">Turn 6</h2><div class="spacer battle-history"><br></div><div class="battle-history">The opposing Scared used <strong>Hyper Voice</strong>!<br></div><div class="battle-history"><small>A critical hit!</small><br></div><div class="battle-history"><small>(Milotic lost <abbr title="−190/394">48.2%</abbr> of its health!)</small><br></div><div class="spacer battle-history"><br></div><div class="battle-history">Milotic used <strong>Scald</strong>!<br></div><div class="battle-history"><small>[The opposing Scared's Dry Skin]</small><br><small>The opposing Scared restored its HP.</small><br></div><div class="spacer battle-history"><br></div><h2 class="battle-history">Turn 7</h2><div class="spacer battle-history"><br></div><div class="battle-history">Milotic, come back!<br></div><div class="battle-history">Go! <strong>Shuckle</strong>!<br></div><div class="battle-history"><small>Pointed stones dug into Shuckle!</small><br></div><div class="spacer battle-history"><br></div><div class="battle-history">The opposing Scared used <strong>Volt Switch</strong>!<br></div><div class="battle-history"><small>(Shuckle lost <abbr title="−46/243">18.9%</abbr> of its health!)</small><br></div><div class="spacer battle-history"><br></div><div class="battle-history">The opposing Scared went back to Parnstar!<br></div><div class="battle-history">Parnstar sent out NIpple pinochle (<strong>Crawdaunt</strong>)!<br></div><div class="battle-history"><small>The opposing NIpple pinochle was caught in a sticky web!</small><br></div><div class="battle-history"><small>The opposing NIpple pinochle's Speed fell!</small><br></div><div class="battle-history"><small>Pointed stones dug into the opposing NIpple pinochle!</small><br></div><div class="spacer battle-history"><br></div><h2 class="battle-history">Turn 8</h2><div class="spacer battle-history"><br></div><div class="battle-history">The opposing NIpple pinochle used <strong>Dragon Dance</strong>!<br></div><div class="battle-history"><small>The opposing NIpple pinochle's Attack rose!</small><br></div><div class="battle-history"><small>The opposing NIpple pinochle's Speed rose!</small><br></div><div class="spacer battle-history"><br></div><div class="battle-history">Shuckle used <strong>Toxic</strong>!<br></div><div class="battle-history"><small>The opposing NIpple pinochle was badly poisoned!</small><br></div><div class="spacer battle-history"><br></div><div class="battle-history"><small>The opposing NIpple pinochle was hurt by poison!</small><br></div><div class="spacer battle-history"><br></div><h2 class="battle-history">Turn 9</h2><div class="spacer battle-history"><br></div><div class="battle-history">Shuckle, come back!<br></div><div class="battle-history">Go! <strong>Sceptile</strong>!<br></div><div class="battle-history"><small>Pointed stones dug into Sceptile!</small><br></div><div class="spacer battle-history"><br></div><div class="battle-history">The opposing NIpple pinochle used <strong>Dragon Dance</strong>!<br></div><div class="battle-history"><small>The opposing NIpple pinochle's Attack rose!</small><br></div><div class="battle-history"><small>The opposing NIpple pinochle's Speed rose!</small><br></div><div class="spacer battle-history"><br></div><div class="battle-history"><small>The opposing NIpple pinochle was hurt by poison!</small><br></div><div class="spacer battle-history"><br></div><h2 class="battle-history">Turn 10</h2><div class="spacer battle-history"><br></div><div class="battle-history"><small>Sceptile's Sceptilite is reacting to SwixTag's Mega Bracelet!</small><br>Sceptile has Mega Evolved into Mega Sceptile!<br></div><div class="spacer battle-history"><br></div><div class="battle-history">Sceptile used <strong>Giga Drain</strong>!<br></div><div class="battle-history"><small>It's super effective!</small><br></div><div class="battle-history"><small>(The opposing NIpple pinochle lost <abbr title="−186/267">69.7%</abbr> of its health!)</small><br></div><div class="battle-history"><small>The opposing NIpple pinochle had its energy drained!</small><br></div><div class="spacer battle-history"><br></div><div class="battle-history">The opposing NIpple pinochle fainted!<br></div><div class="spacer battle-history"><br></div><div class="battle-history">Parnstar sent out Prick (<strong>Whimsicott</strong>)!<br></div><div class="battle-history"><small>The opposing Prick was caught in a sticky web!</small><br></div><div class="battle-history"><small>The opposing Prick's Speed fell!</small><br></div><div class="battle-history"><small>Pointed stones dug into the opposing Prick!</small><br></div><div class="spacer battle-history"><br></div><h2 class="battle-history">Turn 11</h2><div class="spacer battle-history"><br></div><div class="battle-history">Sceptile, come back!<br></div><div class="battle-history">Go! <strong>Infernape</strong>!<br></div><div class="battle-history"><small>Pointed stones dug into Infernape!</small><br></div><div class="spacer battle-history"><br></div><div class="battle-history">The opposing Prick used <strong>Moonblast</strong>!<br></div><div class="battle-history"><small>(Infernape lost <abbr title="−178/293">60.8%</abbr> of its health!)</small><br></div><div class="spacer battle-history"><br></div><h2 class="battle-history">Turn 12</h2><div class="spacer battle-history"><br></div><div class="battle-history">The opposing Prick used <strong>Nature Power</strong>!<br></div><div class="spacer battle-history"><br></div><div class="battle-history">Nature Power turned into Tri Attack!<br></div><div class="battle-history"><small>(Infernape lost <abbr title="−79/293">27.0%</abbr> of its health!)</small><br></div><div class="spacer battle-history"><br></div><div class="battle-history">Infernape fainted!<br></div><div class="spacer battle-history"><br></div><div class="battle-history">Go! <strong>Shuckle</strong>!<br></div><div class="battle-history"><small>Pointed stones dug into Shuckle!</small><br></div><div class="spacer battle-history"><br></div><h2 class="battle-history">Turn 13</h2><div class="spacer battle-history"><br></div><div class="battle-history">The opposing Prick used <strong>Moonblast</strong>!<br></div><div class="battle-history"><small>(Shuckle lost <abbr title="−25/243">10.3%</abbr> of its health!)</small><br></div><div class="spacer battle-history"><br></div><div class="battle-history">Shuckle fainted!<br></div><div class="spacer battle-history"><br></div><div class="battle-history">Go! <strong>Doublade</strong>!<br></div><div class="battle-history"><small>Pointed stones dug into Doublade!</small><br></div><div class="spacer battle-history"><br></div><h2 class="battle-history">Turn 14</h2><div class="spacer battle-history"><br></div><div class="battle-history">The opposing Prick used <strong>Moonblast</strong>!<br></div><div class="battle-history"><small>It's not very effective...</small><br></div><div class="battle-history"><small>(Doublade lost <abbr title="−86/319">27.0%</abbr> of its health!)</small><br></div><div class="spacer battle-history"><br></div><div class="battle-history">Doublade used <strong>Sacred Sword</strong>!<br></div><div class="battle-history"><small>It's not very effective...</small><br></div><div class="battle-history"><small>(The opposing Prick lost <abbr title="−58/261">22.2%</abbr> of its health!)</small><br></div><div class="spacer battle-history"><br></div><h2 class="battle-history">Turn 15</h2><div class="spacer battle-history"><br></div><div class="battle-history">The opposing Prick used <strong>Encore</strong>!<br></div><div class="battle-history"><small>Doublade received an encore!</small><br></div><div class="spacer battle-history"><br></div><div class="battle-history">Doublade used <strong>Sacred Sword</strong>!<br></div><div class="battle-history"><small>It's not very effective...</small><br></div><div class="battle-history"><small>(The opposing Prick lost <abbr title="−62/261">23.8%</abbr> of its health!)</small><br></div><div class="spacer battle-history"><br></div><h2 class="battle-history">Turn 16</h2><div class="spacer battle-history"><br></div><div class="battle-history">The opposing Prick used <strong>Moonblast</strong>!<br></div><div class="battle-history"><small>It's not very effective...</small><br></div><div class="battle-history"><small>A critical hit!</small><br></div><div class="battle-history"><small>(Doublade lost <abbr title="−134/319">42.0%</abbr> of its health!)</small><br></div><div class="spacer battle-history"><br></div><div class="battle-history">Doublade used <strong>Sacred Sword</strong>!<br></div><div class="battle-history"><small>It's not very effective...</small><br></div><div class="battle-history"><small>(The opposing Prick lost <abbr title="−63/261">24.1%</abbr> of its health!)</small><br></div><div class="spacer battle-history"><br></div><h2 class="battle-history">Turn 17</h2><div class="spacer battle-history"><br></div><div class="battle-history">Doublade, come back!<br></div><div class="battle-history">Go! Sceptile (<strong>Sceptile-Mega</strong>)!<br></div><div class="battle-history"><small>Pointed stones dug into Sceptile!</small><br></div><div class="spacer battle-history"><br></div><div class="battle-history">The opposing Prick used <strong>Moonblast</strong>!<br></div><div class="battle-history"><small>It's super effective!</small><br></div><div class="battle-history"><small>(Sceptile lost <abbr title="−246/281">87.5%</abbr> of its health!)</small><br></div><div class="spacer battle-history"><br></div><div class="battle-history">Sceptile fainted!<br></div><div class="spacer battle-history"><br></div><div class="battle-history">Go! <strong>Sylveon</strong>!<br></div><div class="battle-history"><small>Pointed stones dug into Sylveon!</small><br></div><div class="spacer battle-history"><br></div><h2 class="battle-history">Turn 18</h2><div class="spacer battle-history"><br></div><div class="battle-history">The opposing Prick used <strong>Moonblast</strong>!<br></div><div class="battle-history"><small>(Sylveon lost <abbr title="−118/393">30.0%</abbr> of its health!)</small><br></div><div class="spacer battle-history"><br></div><div class="battle-history">Sylveon used <strong>Psyshock</strong>!<br></div><div class="battle-history"><small>(The opposing Prick lost <abbr title="−46/261">17.6%</abbr> of its health!)</small><br></div><div class="spacer battle-history"><br></div><div class="battle-history">The opposing Prick fainted!<br></div><div class="spacer battle-history"><br></div><div class="battle-history">Parnstar sent out Mandingo (<strong>Toxicroak</strong>)!<br></div><div class="battle-history"><small>The opposing Mandingo was caught in a sticky web!</small><br></div><div class="battle-history"><small>The opposing Mandingo's Speed fell!</small><br></div><div class="battle-history"><small>Pointed stones dug into the opposing Mandingo!</small><br></div><div class="spacer battle-history"><br></div><h2 class="battle-history">Turn 19</h2><div class="spacer battle-history"><br></div><div class="battle-history">The opposing Mandingo used <strong>Gunk Shot</strong>!<br></div><div class="battle-history"><small>It's super effective!</small><br></div><div class="battle-history"><small>(Sylveon lost <abbr title="−226/393">57.5%</abbr> of its health!)</small><br></div><div class="battle-history"><small>The opposing Mandingo lost some of its HP!</small><br></div><div class="spacer battle-history"><br></div><div class="battle-history">Sylveon fainted!<br></div><div class="spacer battle-history"><br></div><div class="battle-history">Go! <strong>Doublade</strong>!<br></div><div class="battle-history"><small>Pointed stones dug into Doublade!</small><br></div><div class="spacer battle-history"><br></div><h2 class="battle-history">Turn 20</h2><div class="spacer battle-history"><br></div><div class="battle-history">The opposing Mandingo used <strong>Sucker Punch</strong>!<br></div><div class="battle-history"><small>It's super effective!</small><br></div><div class="battle-history"><small>(Doublade lost <abbr title="−61/319">19.1%</abbr> of its health!)</small><br></div><div class="battle-history"><small>The opposing Mandingo lost some of its HP!</small><br></div><div class="spacer battle-history"><br></div><div class="battle-history">Doublade fainted!<br></div><div class="spacer battle-history"><br></div><div class="battle-history">Go! <strong>Milotic</strong>!<br></div><div class="battle-history"><small>Pointed stones dug into Milotic!</small><br></div><div class="spacer battle-history"><br></div><h2 class="battle-history">Turn 21</h2><div class="spacer battle-history"><br></div><div class="battle-history">The opposing Mandingo used <strong>Drain Punch</strong>!<br></div><div class="battle-history"><small>(Milotic lost <abbr title="−36/394">9.1%</abbr> of its health!)</small><br></div><div class="battle-history"><small>Milotic had its energy drained!</small><br></div><div class="battle-history"><small>The opposing Mandingo lost some of its HP!</small><br></div><div class="spacer battle-history"><br></div><div class="battle-history">Milotic fainted!<br></div><div class="spacer battle-history"><br></div><div class="battle-history"><strong>Parnstar</strong> won the battle!<br></div><div class="chat">SwixTag's rating: 1052 → <strong>1044</strong><br>(-8 for losing)</div><div class="chat">Parnstar's rating: 1262 → <strong>1274</strong><br>(+12 for winning)</div><div class="chat"><small>SwixTag left.</small></div></div><div class="inner-preempt"></div></div></div>
</div>
<script>
let daily = Math.floor(Date.now()/1000/60/60/24);document.write('<script src="https://play.pokemonshowdown.com/js/replay-embed.js?version'+daily+'"></'+'script>');
</script>
