<!DOCTYPE html>
<meta charset="utf-8" />
<!-- version 1 -->
<title>UU replay: MegaNinja12 vs. Parnstar</title>
<style>
html,body {font-family:Verdana, sans-serif;font-size:10pt;margin:0;padding:0;}body{padding:12px 0;} .battle-log {font-family:Verdana, sans-serif;font-size:10pt;} .battle-log-inline {border:1px solid #AAAAAA;background:#EEF2F5;color:black;max-width:640px;margin:0 auto 80px;padding-bottom:5px;} .battle-log .inner {padding:4px 8px 0px 8px;} .battle-log .inner-preempt {padding:0 8px 4px 8px;} .battle-log .inner-after {margin-top:0.5em;} .battle-log h2 {margin:0.5em -8px;padding:4px 8px;border:1px solid #AAAAAA;background:#E0E7EA;border-left:0;border-right:0;font-family:Verdana, sans-serif;font-size:13pt;} .battle-log .chat {vertical-align:middle;padding:3px 0 3px 0;font-size:8pt;} .battle-log .chat strong {color:#40576A;} .battle-log .chat em {padding:1px 4px 1px 3px;color:#000000;font-style:normal;} .chat.mine {background:rgba(0,0,0,0.05);margin-left:-8px;margin-right:-8px;padding-left:8px;padding-right:8px;} .spoiler {color:#BBBBBB;background:#BBBBBB;padding:0px 3px;} .spoiler:hover, .spoiler:active, .spoiler-shown {color:#000000;background:#E2E2E2;padding:0px 3px;} .spoiler a {color:#BBBBBB;} .spoiler:hover a, .spoiler:active a, .spoiler-shown a {color:#2288CC;} .chat code, .chat .spoiler:hover code, .chat .spoiler:active code, .chat .spoiler-shown code {border:1px solid #C0C0C0;background:#EEEEEE;color:black;padding:0 2px;} .chat .spoiler code {border:1px solid #CCCCCC;background:#CCCCCC;color:#CCCCCC;} .battle-log .rated {padding:3px 4px;} .battle-log .rated strong {color:white;background:#89A;padding:1px 4px;border-radius:4px;} .spacer {margin-top:0.5em;} .message-announce {background:#6688AA;color:white;padding:1px 4px 2px;} .message-announce a, .broadcast-green a, .broadcast-blue a, .broadcast-red a {color:#DDEEFF;} .broadcast-green {background-color:#559955;color:white;padding:2px 4px;} .broadcast-blue {background-color:#6688AA;color:white;padding:2px 4px;} .infobox {border:1px solid #6688AA;padding:2px 4px;} .infobox-limited {max-height:200px;overflow:auto;overflow-x:hidden;} .broadcast-red {background-color:#AA5544;color:white;padding:2px 4px;} .message-learn-canlearn {font-weight:bold;color:#228822;text-decoration:underline;} .message-learn-cannotlearn {font-weight:bold;color:#CC2222;text-decoration:underline;} .message-effect-weak {font-weight:bold;color:#CC2222;} .message-effect-resist {font-weight:bold;color:#6688AA;} .message-effect-immune {font-weight:bold;color:#666666;} .message-learn-list {margin-top:0;margin-bottom:0;} .message-throttle-notice, .message-error {color:#992222;} .message-overflow, .chat small.message-overflow {font-size:0pt;} .message-overflow::before {font-size:9pt;content:'...';} .subtle {color:#3A4A66;}
</style>
<div class="wrapper replay-wrapper" style="max-width:1180px;margin:0 auto">
<input type="hidden" name="replayid" value="uu-558943473" />
<div class="battle"></div><div class="battle-log"></div><div class="replay-controls"></div><div class="replay-controls-2"></div>
<h1 style="font-weight:normal;text-align:center"><strong>UU</strong><br /><a href="http://pokemonshowdown.com/users/meganinja12" class="subtle" target="_blank">MegaNinja12</a> vs. <a href="http://pokemonshowdown.com/users/parnstar" class="subtle" target="_blank">Parnstar</a></h1>
<script type="text/plain" class="battle-log-data">|j|MegaNinja12
|j|Parnstar
|player|p1|MegaNinja12|267
|player|p2|Parnstar|21
|gametype|singles
|gen|6
|tier|UU
|rated
|seed|17201,46135,34438,20484
|rule|Sleep Clause Mod: Limit one foe put to sleep
|rule|Species Clause: Limit one of each Pokémon
|rule|OHKO Clause: OHKO moves are banned
|rule|Moody Clause: Moody is banned
|rule|Evasion Moves Clause: Evasion moves are banned
|rule|Endless Battle Clause: Forcing endless battles is banned
|rule|HP Percentage Mod: HP is shown in percentages
|clearpoke
|poke|p1|Ampharos, F|item
|poke|p1|Cobalion|item
|poke|p1|Goodra, M|item
|poke|p1|Mamoswine, F|item
|poke|p1|Donphan, F|item
|poke|p1|Roserade, F|item
|poke|p2|Mamoswine, F|item
|poke|p2|Toxicroak, F|item
|poke|p2|Whimsicott, M|item
|poke|p2|Heliolisk, M|item
|poke|p2|Donphan, M|item
|poke|p2|Crawdaunt, M|item
|rule|Swagger Clause: Swagger is banned
|rule|Baton Pass Clause: Limit one Baton Passer, can't pass Spe and other stats simultaneously
|teampreview
|j|kelechi
|choice|team 6, team 2, team 3, team 4, team 5, team 1|team 6, team 2, team 3, team 4, team 5, team 1
|
|start
|switch|p1a: Roses Are Purple|Roserade, F|261\/261
|switch|p2a: NIpple pinochle|Crawdaunt, M|267\/267
|turn|1
|choice|move sleeppowder|move knockoff
|
|move|p1a: Roses Are Purple|Sleep Powder|p2a: NIpple pinochle
|-status|p2a: NIpple pinochle|slp
|cant|p2a: NIpple pinochle|slp
|
|upkeep
|turn|2
|choice|move toxicspikes|switch 5
|
|switch|p2a: Mustard pass|Donphan, M|383\/383
|move|p1a: Roses Are Purple|Toxic Spikes|p2a: Mustard pass
|-sidestart|p2: Parnstar|move: Toxic Spikes
|
|upkeep
|turn|3
|choice|move spikes|move stealthrock
|
|move|p1a: Roses Are Purple|Spikes|p2a: Mustard pass
|-sidestart|p2: Parnstar|Spikes
|move|p2a: Mustard pass|Stealth Rock|p1a: Roses Are Purple
|-sidestart|p1: MegaNinja12|move: Stealth Rock
|
|upkeep
|turn|4
|choice|move spikes|move earthquake
|
|move|p1a: Roses Are Purple|Spikes|p2a: Mustard pass
|-sidestart|p2: Parnstar|Spikes
|move|p2a: Mustard pass|Earthquake|p1a: Roses Are Purple
|-damage|p1a: Roses Are Purple|53\/261
|
|-heal|p1a: Roses Are Purple|69\/261|[from] item: Black Sludge
|upkeep
|turn|5
|choice|switch 3|move rapidspin
|
|switch|p1a: Gooey|Goodra, M|322\/322
|-damage|p1a: Gooey|282\/322|[from] Stealth Rock
|move|p2a: Mustard pass|Rapid Spin|p1a: Gooey
|-damage|p1a: Gooey|258\/322
|-ability|p1a: Gooey|Gooey
|-unboost|p2a: Mustard pass|spe|1
|-sideend|p2: Parnstar|Spikes|[from] move: Rapid Spin|[of] p2a: Mustard pass
|-sideend|p2: Parnstar|Toxic Spikes|[from] move: Rapid Spin|[of] p2a: Mustard pass
|
|upkeep
|turn|6
|choice|move icebeam|move earthquake
|
|move|p1a: Gooey|Ice Beam|p2a: Mustard pass
|-supereffective|p2a: Mustard pass
|-damage|p2a: Mustard pass|87\/383
|move|p2a: Mustard pass|Earthquake|p1a: Gooey
|-damage|p1a: Gooey|68\/322
|
|upkeep
|turn|7
|l|kelechi
|choice|move icebeam|switch 5
|
|switch|p2a: NIpple pinochle|Crawdaunt, M|267\/267 slp
|move|p1a: Gooey|Ice Beam|p2a: NIpple pinochle
|-resisted|p2a: NIpple pinochle
|-damage|p2a: NIpple pinochle|184\/267 slp
|
|upkeep
|turn|8
|choice|move thunderbolt|move knockoff
|
|cant|p2a: NIpple pinochle|slp
|move|p1a: Gooey|Thunderbolt|p2a: NIpple pinochle
|-supereffective|p2a: NIpple pinochle
|-damage|p2a: NIpple pinochle|0 fnt
|faint|p2a: NIpple pinochle
|
|upkeep
|choice||switch 3
|
|switch|p2a: Prick|Whimsicott, M|261\/261
|turn|9
|choice|move fireblast|move moonblast
|
|move|p2a: Prick|Moonblast|p1a: Gooey
|-supereffective|p1a: Gooey
|-damage|p1a: Gooey|0 fnt
|faint|p1a: Gooey
|
|upkeep
|choice|switch 2|
|
|switch|p1a: Swords|Cobalion|324\/324
|-damage|p1a: Swords|314\/324|[from] Stealth Rock
|turn|10
|choice|move ironhead|move moonblast
|
|move|p2a: Prick|Moonblast|p1a: Swords
|-damage|p1a: Swords|118\/324
|-unboost|p1a: Swords|spa|1
|move|p1a: Swords|Iron Head|p2a: Prick
|-supereffective|p2a: Prick
|-damage|p2a: Prick|0 fnt
|faint|p2a: Prick
|
|-heal|p1a: Swords|138\/324|[from] item: Leftovers
|upkeep
|choice||switch 6
|
|switch|p2a: Whoopie goldust|Mamoswine, F|361\/361
|turn|11
|choice|move sacredsword|move earthquake
|
|move|p2a: Whoopie goldust|Earthquake|p1a: Swords
|-supereffective|p1a: Swords
|-damage|p1a: Swords|0 fnt
|faint|p1a: Swords
|
|upkeep
|choice|switch 3|
|
|switch|p1a: Roses Are Purple|Roserade, F|69\/261
|-damage|p1a: Roses Are Purple|37\/261|[from] Stealth Rock
|turn|12
|choice|move sleeppowder|move iceshard
|
|move|p2a: Whoopie goldust|Ice Shard|p1a: Roses Are Purple
|-supereffective|p1a: Roses Are Purple
|-damage|p1a: Roses Are Purple|0 fnt
|faint|p1a: Roses Are Purple
|
|upkeep
|choice|switch 4|
|
|switch|p1a: T H I C C|Mamoswine, F|361\/361
|-damage|p1a: T H I C C|316\/361|[from] Stealth Rock
|turn|13
|choice|move knockoff|move earthquake
|
|move|p2a: Whoopie goldust|Earthquake|p1a: T H I C C
|-damage|p1a: T H I C C|165\/361
|move|p1a: T H I C C|Knock Off|p2a: Whoopie goldust
|-damage|p2a: Whoopie goldust|245\/361
|-enditem|p2a: Whoopie goldust|Focus Sash|[from] move: Knock Off|[of] p1a: T H I C C
|
|upkeep
|turn|14
|choice|move earthquake|move earthquake
|
|move|p2a: Whoopie goldust|Earthquake|p1a: T H I C C
|-damage|p1a: T H I C C|0 fnt
|faint|p1a: T H I C C
|
|upkeep
|choice|switch 5|
|
|switch|p1a: Tusks|Donphan, F|322\/322
|-damage|p1a: Tusks|302\/322|[from] Stealth Rock
|turn|15
|choice|move earthquake|move iciclecrash
|
|move|p2a: Whoopie goldust|Icicle Crash|p1a: Tusks
|-supereffective|p1a: Tusks
|-damage|p1a: Tusks|86\/322
|move|p1a: Tusks|Earthquake|p2a: Whoopie goldust
|-crit|p2a: Whoopie goldust
|-damage|p2a: Whoopie goldust|0 fnt
|faint|p2a: Whoopie goldust
|
|-heal|p1a: Tusks|106\/322|[from] item: Leftovers
|upkeep
|choice||switch 4
|
|switch|p2a: Scared|Heliolisk, M|265\/265
|-item|p2a: Scared|Air Balloon
|turn|16
|choice|move earthquake|move surf
|
|move|p2a: Scared|Surf|p1a: Tusks
|-supereffective|p1a: Tusks
|-damage|p1a: Tusks|0 fnt
|faint|p1a: Tusks
|
|upkeep
|choice|switch 6|
|
|switch|p1a: Sparky|Ampharos, F|322\/322
|-damage|p1a: Sparky|282\/322|[from] Stealth Rock
|turn|17
|choice|move dragonpulse mega|move hypervoice
|
|detailschange|p1a: Sparky|Ampharos-Mega, F
|-mega|p1a: Sparky|Ampharos|Ampharosite
|-ability|p1a: Sparky|Mold Breaker
|move|p2a: Scared|Hyper Voice|p1a: Sparky
|-damage|p1a: Sparky|149\/322
|move|p1a: Sparky|Dragon Pulse|p2a: Scared
|-damage|p2a: Scared|46\/265
|-enditem|p2a: Scared|Air Balloon
|
|upkeep
|turn|18
|choice|move dragonpulse|move hypervoice
|
|move|p2a: Scared|Hyper Voice|p1a: Sparky
|-damage|p1a: Sparky|19\/322
|move|p1a: Sparky|Dragon Pulse|p2a: Scared
|-crit|p2a: Scared
|-damage|p2a: Scared|0 fnt
|faint|p2a: Scared
|
|upkeep
|-message|MegaNinja12 forfeited.
|
|win|Parnstar
|l|MegaNinja12
|raw|MegaNinja12's rating: 1114 &rarr; <strong>1102<\/strong><br \/>(-12 for losing)
|raw|Parnstar's rating: 1302 &rarr; <strong>1312<\/strong><br \/>(+10 for winning)</script>
</div>
<div class="battle-log battle-log-inline"><div class="inner"><div class="battle-options"></div><div class="inner"><div class="chat"><small>MegaNinja12 joined.</small></div><div class="chat"><small>Parnstar joined.</small></div><div class=""><small>Format:</small> <br><strong>UU</strong></div><div class="rated"><strong>Rated battle</strong></div><div class=""><small><em>Sleep Clause Mod:</em> Limit one foe put to sleep</small></div><div class=""><small><em>Species Clause:</em> Limit one of each Pokémon</small></div><div class=""><small><em>OHKO Clause:</em> OHKO moves are banned</small></div><div class=""><small><em>Moody Clause:</em> Moody is banned</small></div><div class=""><small><em>Evasion Moves Clause:</em> Evasion moves are banned</small></div><div class=""><small><em>Endless Battle Clause:</em> Forcing endless battles is banned</small></div><div class=""><small><em>HP Percentage Mod:</em> HP is shown in percentages</small></div><div class=""><small><em>Swagger Clause:</em> Swagger is banned</small></div><div class=""><small><em>Baton Pass Clause:</em> Limit one Baton Passer, can't pass Spe and other stats simultaneously</small></div><div class="chat battle-history"><strong>MegaNinja12's team:</strong> <em style="color:#445566;display:block;">Ampharos / Cobalion / Goodra / Mamoswine / Donphan / Roserade</em></div><div class="chat battle-history"><strong>Parnstar's team:</strong> <em style="color:#445566;display:block;">Mamoswine / Toxicroak / Whimsicott / Heliolisk / Donphan / Crawdaunt</em></div><div class="chat"><small>kelechi joined.</small></div><div class="spacer battle-history"><br></div><div class="battle-history">Battle started between MegaNinja12 and Parnstar!<br></div><div class="spacer battle-history"><br></div><div class="battle-history">Go! Roses Are Purple (<strong>Roserade</strong>)!<br></div><div class="spacer battle-history"><br></div><div class="battle-history">Parnstar sent out NIpple pinochle (<strong>Crawdaunt</strong>)!<br></div><div class="spacer battle-history"><br></div><h2 class="battle-history">Turn 1</h2><div class="spacer battle-history"><br></div><div class="battle-history">Roses Are Purple used <strong>Sleep Powder</strong>!<br></div><div class="battle-history"><small>The opposing NIpple pinochle fell asleep!</small><br></div><div class="spacer battle-history"><br></div><div class="battle-history">The opposing NIpple pinochle is fast asleep.<br></div><div class="spacer battle-history"><br></div><h2 class="battle-history">Turn 2</h2><div class="spacer battle-history"><br></div><div class="battle-history">Parnstar withdrew NIpple pinochle!<br></div><div class="battle-history">Parnstar sent out Mustard pass (<strong>Donphan</strong>)!<br></div><div class="spacer battle-history"><br></div><div class="battle-history">Roses Are Purple used <strong>Toxic Spikes</strong>!<br></div><div class="battle-history"><small>Poison spikes were scattered on the ground all around the opposing team!</small><br></div><div class="spacer battle-history"><br></div><h2 class="battle-history">Turn 3</h2><div class="spacer battle-history"><br></div><div class="battle-history">Roses Are Purple used <strong>Spikes</strong>!<br></div><div class="battle-history"><small>Spikes were scattered on the ground all around the opposing team!</small><br></div><div class="spacer battle-history"><br></div><div class="battle-history">The opposing Mustard pass used <strong>Stealth Rock</strong>!<br></div><div class="battle-history"><small>Pointed stones float in the air around your team!</small><br></div><div class="spacer battle-history"><br></div><h2 class="battle-history">Turn 4</h2><div class="spacer battle-history"><br></div><div class="battle-history">Roses Are Purple used <strong>Spikes</strong>!<br></div><div class="battle-history"><small>Spikes were scattered on the ground all around the opposing team!</small><br></div><div class="spacer battle-history"><br></div><div class="battle-history">The opposing Mustard pass used <strong>Earthquake</strong>!<br></div><div class="battle-history"><small>(Roses Are Purple lost <abbr title="−208/261">79.7%</abbr> of its health!)</small><br></div><div class="spacer battle-history"><br></div><div class="battle-history"><small>Roses Are Purple restored a little HP using its Black Sludge!</small><br></div><div class="spacer battle-history"><br></div><h2 class="battle-history">Turn 5</h2><div class="spacer battle-history"><br></div><div class="battle-history">Roses Are Purple, come back!<br></div><div class="battle-history">Go! Gooey (<strong>Goodra</strong>)!<br></div><div class="battle-history"><small>Pointed stones dug into Gooey!</small><br></div><div class="spacer battle-history"><br></div><div class="battle-history">The opposing Mustard pass used <strong>Rapid Spin</strong>!<br></div><div class="battle-history"><small>(Gooey lost <abbr title="−24/322">7.5%</abbr> of its health!)</small><br></div><div class="battle-history"><small>[Gooey's Gooey]</small><br></div><div class="battle-history"><small>The opposing Mustard pass's Speed fell!</small><br></div><div class="battle-history"><small>The spikes disappeared from the ground around the opposing team!</small><br></div><div class="battle-history"><small>The poison spikes disappeared from the ground around the opposing team!</small><br></div><div class="spacer battle-history"><br></div><h2 class="battle-history">Turn 6</h2><div class="spacer battle-history"><br></div><div class="battle-history">Gooey used <strong>Ice Beam</strong>!<br></div><div class="battle-history"><small>It's super effective!</small><br></div><div class="battle-history"><small>(The opposing Mustard pass lost <abbr title="−296/383">77.3%</abbr> of its health!)</small><br></div><div class="spacer battle-history"><br></div><div class="battle-history">The opposing Mustard pass used <strong>Earthquake</strong>!<br></div><div class="battle-history"><small>(Gooey lost <abbr title="−190/322">59.0%</abbr> of its health!)</small><br></div><div class="spacer battle-history"><br></div><h2 class="battle-history">Turn 7</h2><div class="chat"><small>kelechi left.</small></div><div class="spacer battle-history"><br></div><div class="battle-history">Parnstar withdrew Mustard pass!<br></div><div class="battle-history">Parnstar sent out NIpple pinochle (<strong>Crawdaunt</strong>)!<br></div><div class="spacer battle-history"><br></div><div class="battle-history">Gooey used <strong>Ice Beam</strong>!<br></div><div class="battle-history"><small>It's not very effective...</small><br></div><div class="battle-history"><small>(The opposing NIpple pinochle lost <abbr title="−83/267">31.1%</abbr> of its health!)</small><br></div><div class="spacer battle-history"><br></div><h2 class="battle-history">Turn 8</h2><div class="spacer battle-history"><br></div><div class="battle-history">The opposing NIpple pinochle is fast asleep.<br></div><div class="spacer battle-history"><br></div><div class="battle-history">Gooey used <strong>Thunderbolt</strong>!<br></div><div class="battle-history"><small>It's super effective!</small><br></div><div class="battle-history"><small>(The opposing NIpple pinochle lost <abbr title="−184/267">68.9%</abbr> of its health!)</small><br></div><div class="spacer battle-history"><br></div><div class="battle-history">The opposing NIpple pinochle fainted!<br></div><div class="spacer battle-history"><br></div><div class="battle-history">Parnstar sent out Prick (<strong>Whimsicott</strong>)!<br></div><div class="spacer battle-history"><br></div><h2 class="battle-history">Turn 9</h2><div class="spacer battle-history"><br></div><div class="battle-history">The opposing Prick used <strong>Moonblast</strong>!<br></div><div class="battle-history"><small>It's super effective!</small><br></div><div class="battle-history"><small>(Gooey lost <abbr title="−68/322">21.1%</abbr> of its health!)</small><br></div><div class="spacer battle-history"><br></div><div class="battle-history">Gooey fainted!<br></div><div class="spacer battle-history"><br></div><div class="battle-history">Go! Swords (<strong>Cobalion</strong>)!<br></div><div class="battle-history"><small>Pointed stones dug into Swords!</small><br></div><div class="spacer battle-history"><br></div><h2 class="battle-history">Turn 10</h2><div class="spacer battle-history"><br></div><div class="battle-history">The opposing Prick used <strong>Moonblast</strong>!<br></div><div class="battle-history"><small>(Swords lost <abbr title="−196/324">60.5%</abbr> of its health!)</small><br></div><div class="battle-history"><small>Swords's Special Attack fell!</small><br></div><div class="spacer battle-history"><br></div><div class="battle-history">Swords used <strong>Iron Head</strong>!<br></div><div class="battle-history"><small>It's super effective!</small><br></div><div class="battle-history"><small>(The opposing Prick lost <abbr title="−261/261">100%</abbr> of its health!)</small><br></div><div class="spacer battle-history"><br></div><div class="battle-history">The opposing Prick fainted!<br></div><div class="spacer battle-history"><br></div><div class="battle-history"><small>Swords restored a little HP using its Leftovers!</small><br></div><div class="spacer battle-history"><br></div><div class="battle-history">Parnstar sent out Whoopie goldust (<strong>Mamoswine</strong>)!<br></div><div class="spacer battle-history"><br></div><h2 class="battle-history">Turn 11</h2><div class="spacer battle-history"><br></div><div class="battle-history">The opposing Whoopie goldust used <strong>Earthquake</strong>!<br></div><div class="battle-history"><small>It's super effective!</small><br></div><div class="battle-history"><small>(Swords lost <abbr title="−138/324">42.6%</abbr> of its health!)</small><br></div><div class="spacer battle-history"><br></div><div class="battle-history">Swords fainted!<br></div><div class="spacer battle-history"><br></div><div class="battle-history">Go! Roses Are Purple (<strong>Roserade</strong>)!<br></div><div class="battle-history"><small>Pointed stones dug into Roses Are Purple!</small><br></div><div class="spacer battle-history"><br></div><h2 class="battle-history">Turn 12</h2><div class="spacer battle-history"><br></div><div class="battle-history">The opposing Whoopie goldust used <strong>Ice Shard</strong>!<br></div><div class="battle-history"><small>It's super effective!</small><br></div><div class="battle-history"><small>(Roses Are Purple lost <abbr title="−37/261">14.2%</abbr> of its health!)</small><br></div><div class="spacer battle-history"><br></div><div class="battle-history">Roses Are Purple fainted!<br></div><div class="spacer battle-history"><br></div><div class="battle-history">Go! T H I C C (<strong>Mamoswine</strong>)!<br></div><div class="battle-history"><small>Pointed stones dug into T H I C C!</small><br></div><div class="spacer battle-history"><br></div><h2 class="battle-history">Turn 13</h2><div class="spacer battle-history"><br></div><div class="battle-history">The opposing Whoopie goldust used <strong>Earthquake</strong>!<br></div><div class="battle-history"><small>(T H I C C lost <abbr title="−151/361">41.8%</abbr> of its health!)</small><br></div><div class="spacer battle-history"><br></div><div class="battle-history">T H I C C used <strong>Knock Off</strong>!<br></div><div class="battle-history"><small>(The opposing Whoopie goldust lost <abbr title="−116/361">32.1%</abbr> of its health!)</small><br></div><div class="battle-history"><small>T H I C C knocked off the opposing Whoopie goldust's Focus Sash!</small><br></div><div class="spacer battle-history"><br></div><h2 class="battle-history">Turn 14</h2><div class="spacer battle-history"><br></div><div class="battle-history">The opposing Whoopie goldust used <strong>Earthquake</strong>!<br></div><div class="battle-history"><small>(T H I C C lost <abbr title="−165/361">45.7%</abbr> of its health!)</small><br></div><div class="spacer battle-history"><br></div><div class="battle-history">T H I C C fainted!<br></div><div class="spacer battle-history"><br></div><div class="battle-history">Go! Tusks (<strong>Donphan</strong>)!<br></div><div class="battle-history"><small>Pointed stones dug into Tusks!</small><br></div><div class="spacer battle-history"><br></div><h2 class="battle-history">Turn 15</h2><div class="spacer battle-history"><br></div><div class="battle-history">The opposing Whoopie goldust used <strong>Icicle Crash</strong>!<br></div><div class="battle-history"><small>It's super effective!</small><br></div><div class="battle-history"><small>(Tusks lost <abbr title="−216/322">67.1%</abbr> of its health!)</small><br></div><div class="spacer battle-history"><br></div><div class="battle-history">Tusks used <strong>Earthquake</strong>!<br></div><div class="battle-history"><small>A critical hit!</small><br></div><div class="battle-history"><small>(The opposing Whoopie goldust lost <abbr title="−245/361">67.9%</abbr> of its health!)</small><br></div><div class="spacer battle-history"><br></div><div class="battle-history">The opposing Whoopie goldust fainted!<br></div><div class="spacer battle-history"><br></div><div class="battle-history"><small>Tusks restored a little HP using its Leftovers!</small><br></div><div class="spacer battle-history"><br></div><div class="battle-history">Parnstar sent out Scared (<strong>Heliolisk</strong>)!<br></div><div class="battle-history"><small>The opposing Scared floats in the air with its Air Balloon!</small><br></div><div class="spacer battle-history"><br></div><h2 class="battle-history">Turn 16</h2><div class="spacer battle-history"><br></div><div class="battle-history">The opposing Scared used <strong>Surf</strong>!<br></div><div class="battle-history"><small>It's super effective!</small><br></div><div class="battle-history"><small>(Tusks lost <abbr title="−106/322">32.9%</abbr> of its health!)</small><br></div><div class="spacer battle-history"><br></div><div class="battle-history">Tusks fainted!<br></div><div class="spacer battle-history"><br></div><div class="battle-history">Go! Sparky (<strong>Ampharos</strong>)!<br></div><div class="battle-history"><small>Pointed stones dug into Sparky!</small><br></div><div class="spacer battle-history"><br></div><h2 class="battle-history">Turn 17</h2><div class="spacer battle-history"><br></div><div class="battle-history"><small>Sparky's Ampharosite is reacting to MegaNinja12's Mega Bracelet!</small><br>Sparky has Mega Evolved into Mega Ampharos!<br></div><div class="battle-history"><small>[Sparky's Mold Breaker]</small><br><small>Sparky breaks the mold!</small><br></div><div class="spacer battle-history"><br></div><div class="battle-history">The opposing Scared used <strong>Hyper Voice</strong>!<br></div><div class="battle-history"><small>(Sparky lost <abbr title="−133/322">41.3%</abbr> of its health!)</small><br></div><div class="spacer battle-history"><br></div><div class="battle-history">Sparky used <strong>Dragon Pulse</strong>!<br></div><div class="battle-history"><small>(The opposing Scared lost <abbr title="−219/265">82.6%</abbr> of its health!)</small><br></div><div class="battle-history"><small>The opposing Scared's Air Balloon popped!</small><br></div><div class="spacer battle-history"><br></div><h2 class="battle-history">Turn 18</h2><div class="spacer battle-history"><br></div><div class="battle-history">The opposing Scared used <strong>Hyper Voice</strong>!<br></div><div class="battle-history"><small>(Sparky lost <abbr title="−130/322">40.4%</abbr> of its health!)</small><br></div><div class="spacer battle-history"><br></div><div class="battle-history">Sparky used <strong>Dragon Pulse</strong>!<br></div><div class="battle-history"><small>A critical hit!</small><br></div><div class="battle-history"><small>(The opposing Scared lost <abbr title="−46/265">17.4%</abbr> of its health!)</small><br></div><div class="spacer battle-history"><br></div><div class="battle-history">The opposing Scared fainted!<br></div><div class="spacer battle-history"><br></div><div class="battle-history"><small>MegaNinja12 forfeited.</small><br></div><div class="spacer battle-history"><br></div><div class="battle-history"><strong>Parnstar</strong> won the battle!<br></div><div class="chat"><small>MegaNinja12 left.</small></div><div class="chat">MegaNinja12's rating: 1114 → <strong>1102</strong><br>(-12 for losing)</div><div class="chat">Parnstar's rating: 1302 → <strong>1312</strong><br>(+10 for winning)</div></div><div class="inner-preempt"></div></div></div>
</div>
<script>
let daily = Math.floor(Date.now()/1000/60/60/24);document.write('<script src="https://play.pokemonshowdown.com/js/replay-embed.js?version'+daily+'"></'+'script>');
</script>
