<!DOCTYPE html>
<meta charset="utf-8" />
<!-- version 1 -->
<title>UU replay: ileslieknope vs. TrumpTookMyCats</title>
<style>
html,body {font-family:Verdana, sans-serif;font-size:10pt;margin:0;padding:0;}body{padding:12px 0;} .battle-log {font-family:Verdana, sans-serif;font-size:10pt;} .battle-log-inline {border:1px solid #AAAAAA;background:#EEF2F5;color:black;max-width:640px;margin:0 auto 80px;padding-bottom:5px;} .battle-log .inner {padding:4px 8px 0px 8px;} .battle-log .inner-preempt {padding:0 8px 4px 8px;} .battle-log .inner-after {margin-top:0.5em;} .battle-log h2 {margin:0.5em -8px;padding:4px 8px;border:1px solid #AAAAAA;background:#E0E7EA;border-left:0;border-right:0;font-family:Verdana, sans-serif;font-size:13pt;} .battle-log .chat {vertical-align:middle;padding:3px 0 3px 0;font-size:8pt;} .battle-log .chat strong {color:#40576A;} .battle-log .chat em {padding:1px 4px 1px 3px;color:#000000;font-style:normal;} .chat.mine {background:rgba(0,0,0,0.05);margin-left:-8px;margin-right:-8px;padding-left:8px;padding-right:8px;} .spoiler {color:#BBBBBB;background:#BBBBBB;padding:0px 3px;} .spoiler:hover, .spoiler:active, .spoiler-shown {color:#000000;background:#E2E2E2;padding:0px 3px;} .spoiler a {color:#BBBBBB;} .spoiler:hover a, .spoiler:active a, .spoiler-shown a {color:#2288CC;} .chat code, .chat .spoiler:hover code, .chat .spoiler:active code, .chat .spoiler-shown code {border:1px solid #C0C0C0;background:#EEEEEE;color:black;padding:0 2px;} .chat .spoiler code {border:1px solid #CCCCCC;background:#CCCCCC;color:#CCCCCC;} .battle-log .rated {padding:3px 4px;} .battle-log .rated strong {color:white;background:#89A;padding:1px 4px;border-radius:4px;} .spacer {margin-top:0.5em;} .message-announce {background:#6688AA;color:white;padding:1px 4px 2px;} .message-announce a, .broadcast-green a, .broadcast-blue a, .broadcast-red a {color:#DDEEFF;} .broadcast-green {background-color:#559955;color:white;padding:2px 4px;} .broadcast-blue {background-color:#6688AA;color:white;padding:2px 4px;} .infobox {border:1px solid #6688AA;padding:2px 4px;} .infobox-limited {max-height:200px;overflow:auto;overflow-x:hidden;} .broadcast-red {background-color:#AA5544;color:white;padding:2px 4px;} .message-learn-canlearn {font-weight:bold;color:#228822;text-decoration:underline;} .message-learn-cannotlearn {font-weight:bold;color:#CC2222;text-decoration:underline;} .message-effect-weak {font-weight:bold;color:#CC2222;} .message-effect-resist {font-weight:bold;color:#6688AA;} .message-effect-immune {font-weight:bold;color:#666666;} .message-learn-list {margin-top:0;margin-bottom:0;} .message-throttle-notice, .message-error {color:#992222;} .message-overflow, .chat small.message-overflow {font-size:0pt;} .message-overflow::before {font-size:9pt;content:'...';} .subtle {color:#3A4A66;}
</style>
<div class="wrapper replay-wrapper" style="max-width:1180px;margin:0 auto">
<input type="hidden" name="replayid" value="uu-573532699" />
<div class="battle"></div><div class="battle-log"></div><div class="replay-controls"></div><div class="replay-controls-2"></div>
<h1 style="font-weight:normal;text-align:center"><strong>UU</strong><br /><a href="http://pokemonshowdown.com/users/ileslieknope" class="subtle" target="_blank">ileslieknope</a> vs. <a href="http://pokemonshowdown.com/users/trumptookmycats" class="subtle" target="_blank">TrumpTookMyCats</a></h1>
<script type="text/plain" class="battle-log-data">|j|ileslieknope
|j|TrumpTookMyCats
|player|p1|ileslieknope|70
|player|p2|TrumpTookMyCats|170
|gametype|singles
|gen|6
|tier|UU
|rated
|seed|673,47418,6855,24980
|rule|Sleep Clause Mod: Limit one foe put to sleep
|rule|Species Clause: Limit one of each Pokémon
|rule|OHKO Clause: OHKO moves are banned
|rule|Moody Clause: Moody is banned
|rule|Evasion Moves Clause: Evasion moves are banned
|rule|Endless Battle Clause: Forcing endless battles is banned
|rule|HP Percentage Mod: HP is shown in percentages
|clearpoke
|poke|p1|Forretress, M, shiny|item
|poke|p1|Sylveon, F|item
|poke|p1|Milotic, F, shiny|item
|poke|p1|Mamoswine, M|item
|poke|p1|Goodra, M|item
|poke|p1|Meloetta|item
|poke|p2|Golem, M|item
|poke|p2|Muk, M|item
|poke|p2|Cloyster, M|item
|poke|p2|Weezing, M|item
|poke|p2|Glalie, F|item
|poke|p2|Magneton|item
|rule|Swagger Clause: Swagger is banned
|rule|Baton Pass Clause: Limit one Baton Passer, can't pass Spe and other stats simultaneously
|teampreview
|c|☆TrumpTookMyCats|ALUAKBARRRRRRRRRRRRRRRRRRRRRRRRRRR
|choice|team 1, team 2, team 3, team 4, team 5, team 6|team 1, team 2, team 3, team 4, team 5, team 6
|
|start
|switch|p1a: Forretress|Forretress, M, shiny|354\/354
|switch|p2a: aluakbar|Golem, M|301\/301
|turn|1
|c|☆ileslieknope|omg is this
|choice|move stealthrock|move explosion
|
|move|p2a: aluakbar|Explosion|p1a: Forretress
|-resisted|p1a: Forretress
|-damage|p1a: Forretress|267\/354
|faint|p2a: aluakbar
|move|p1a: Forretress|Stealth Rock|p2: aluakbar
|-sidestart|p2: TrumpTookMyCats|move: Stealth Rock
|
|upkeep
|choice||switch 2
|
|switch|p2a: aluakbarr|Muk, M|351\/351
|-damage|p2a: aluakbarr|308\/351|[from] Stealth Rock
|turn|2
|choice|move spikes|move explosion
|
|move|p2a: aluakbarr|Explosion|p1a: Forretress
|-resisted|p1a: Forretress
|-crit|p1a: Forretress
|-damage|p1a: Forretress|130\/354
|faint|p2a: aluakbarr
|move|p1a: Forretress|Spikes|p2: aluakbarr
|-sidestart|p2: TrumpTookMyCats|Spikes
|
|upkeep
|choice||switch 3
|
|switch|p2a: aluakberrr|Cloyster, M|241\/241
|-damage|p2a: aluakberrr|211\/241|[from] Spikes
|-damage|p2a: aluakberrr|151\/241|[from] Stealth Rock
|turn|3
|c|☆ileslieknope|omg
|choice|move spikes|move explosion
|
|move|p2a: aluakberrr|Explosion|p1a: Forretress
|-resisted|p1a: Forretress
|-damage|p1a: Forretress|52\/354
|faint|p2a: aluakberrr
|move|p1a: Forretress|Spikes|p2: aluakberrr
|-sidestart|p2: TrumpTookMyCats|Spikes
|
|upkeep
|choice||switch 4
|
|switch|p2a: aluakbarrrr|Weezing, M|271\/271
|-damage|p2a: aluakbarrrr|238\/271|[from] Stealth Rock
|turn|4
|c|☆TrumpTookMyCats|ALUAKBARRRRRRRRRRRRRRRRRRRRRRRRR
|choice|move spikes|move explosion
|
|move|p2a: aluakbarrrr|Explosion|p1a: Forretress
|-resisted|p1a: Forretress
|-crit|p1a: Forretress
|-damage|p1a: Forretress|0 fnt
|faint|p2a: aluakbarrrr
|faint|p1a: Forretress
|
|upkeep
|inactive|Battle timer is ON: inactive players will automatically lose when time's up. (requested by TrumpTookMyCats)
|c|☆TrumpTookMyCats|^timebomb
|choice|switch 5|switch 5
|
|switch|p2a: aluakbarrrrr|Glalie, F|301\/301
|switch|p1a: Goodra|Goodra, M|350\/350
|-damage|p2a: aluakbarrrrr|226\/301|[from] Stealth Rock
|-damage|p2a: aluakbarrrrr|176\/301|[from] Spikes
|turn|5
|c|☆ileslieknope|omgg
|c|☆TrumpTookMyCats|ALUAKBARRRRRRRRR
|choice|move flamethrower|move explosion
|
|move|p2a: aluakbarrrrr|Explosion|p1a: Goodra
|-damage|p1a: Goodra|125\/350
|faint|p2a: aluakbarrrrr
|move|p1a: Goodra|Flamethrower|p2: aluakbarrrrr|[notarget]
|-notarget
|
|upkeep
|choice||switch 6
|
|switch|p2a: aluakbarrrrrr|Magneton|241\/241
|-damage|p2a: aluakbarrrrrr|226\/241|[from] Stealth Rock
|-damage|p2a: aluakbarrrrrr|186\/241|[from] Spikes
|turn|6
|c|☆TrumpTookMyCats|ALU.........ALu........
|c|☆TrumpTookMyCats|ALUAKBARRRRRRRRRRRRRRRRRRR!!!!!!!!!
|choice|move flamethrower|move explosion
|
|move|p2a: aluakbarrrrrr|Explosion|p1a: Goodra
|-crit|p1a: Goodra
|-damage|p1a: Goodra|0 fnt
|faint|p2a: aluakbarrrrrr
|faint|p1a: Goodra
|
|win|ileslieknope
|raw|ileslieknope's rating: 1123 &rarr; <strong>1139<\/strong><br \/>(+16 for winning)
|raw|TrumpTookMyCats's rating: 1000 &rarr; <strong>1000<\/strong><br \/>(+0 for losing)
|c|☆TrumpTookMyCats|B)000000000000000000000000m
|c|☆TrumpTookMyCats|gg
|c|☆ileslieknope|gg
|c|☆TrumpTookMyCats|lel
|c|☆TrumpTookMyCats|get it....
|c|☆TrumpTookMyCats|im muslm
|c|☆ileslieknope|omg\/\/
|c|☆TrumpTookMyCats|ALUAKBARRRRRRRRRRRRRRRRRRRRRRRRRRRRRR its meta rn but gg bye
|l|TrumpTookMyCats</script>
</div>
<div class="battle-log battle-log-inline"><div class="inner"><div class="battle-options"></div><div class="inner"><div class="chat"><small>ileslieknope joined.</small></div><div class="chat"><small>TrumpTookMyCats joined.</small></div><div class=""><small>Format:</small> <br><strong>UU</strong></div><div class="rated"><strong>Rated battle</strong></div><div class=""><small><em>Sleep Clause Mod:</em> Limit one foe put to sleep</small></div><div class=""><small><em>Species Clause:</em> Limit one of each Pokémon</small></div><div class=""><small><em>OHKO Clause:</em> OHKO moves are banned</small></div><div class=""><small><em>Moody Clause:</em> Moody is banned</small></div><div class=""><small><em>Evasion Moves Clause:</em> Evasion moves are banned</small></div><div class=""><small><em>Endless Battle Clause:</em> Forcing endless battles is banned</small></div><div class=""><small><em>HP Percentage Mod:</em> HP is shown in percentages</small></div><div class=""><small><em>Swagger Clause:</em> Swagger is banned</small></div><div class=""><small><em>Baton Pass Clause:</em> Limit one Baton Passer, can't pass Spe and other stats simultaneously</small></div><div class="chat battle-history"><strong>ileslieknope's team:</strong> <em style="color:#445566;display:block;">Forretress / Sylveon / Milotic / Mamoswine / Goodra / Meloetta</em></div><div class="chat battle-history"><strong>TrumpTookMyCats's team:</strong> <em style="color:#445566;display:block;">Golem / Muk / Cloyster / Weezing / Glalie / Magneton</em></div><div class="chat chatmessage-trumptookmycats"><strong style="color:hsl(13,66%,42%)"><small>☆</small><span class="username" data-name="TrumpTookMyCats">TrumpTookMyCats</span>:</strong> <em>ALUAKBARRRRRRRRRRRRRRRRRRRRRRRRRRR</em></div><div class="spacer battle-history"><br></div><div class="battle-history">Battle started between ileslieknope and TrumpTookMyCats!<br></div><div class="spacer battle-history"><br></div><div class="battle-history">Go! <strong>Forretress</strong>!<br></div><div class="spacer battle-history"><br></div><div class="battle-history">TrumpTookMyCats sent out aluakbar (<strong>Golem</strong>)!<br></div><div class="spacer battle-history"><br></div><h2 class="battle-history">Turn 1</h2><div class="chat chatmessage-ileslieknope"><strong style="color:hsl(7,42%,49.14190831262144%)"><small>☆</small><span class="username" data-name="ileslieknope">ileslieknope</span>:</strong> <em>omg is this</em></div><div class="spacer battle-history"><br></div><div class="battle-history">The opposing aluakbar used <strong>Explosion</strong>!<br></div><div class="battle-history"><small>It's not very effective...</small><br></div><div class="battle-history"><small>(Forretress lost <abbr title="−87/354">24.6%</abbr> of its health!)</small><br></div><div class="spacer battle-history"><br></div><div class="battle-history">The opposing aluakbar fainted!<br></div><div class="battle-history">Forretress used <strong>Stealth Rock</strong>!<br></div><div class="battle-history"><small>Pointed stones float in the air around the opposing team!</small><br></div><div class="spacer battle-history"><br></div><div class="battle-history">TrumpTookMyCats sent out aluakbarr (<strong>Muk</strong>)!<br></div><div class="battle-history"><small>Pointed stones dug into the opposing aluakbarr!</small><br></div><div class="spacer battle-history"><br></div><h2 class="battle-history">Turn 2</h2><div class="spacer battle-history"><br></div><div class="battle-history">The opposing aluakbarr used <strong>Explosion</strong>!<br></div><div class="battle-history"><small>It's not very effective...</small><br></div><div class="battle-history"><small>A critical hit!</small><br></div><div class="battle-history"><small>(Forretress lost <abbr title="−137/354">38.7%</abbr> of its health!)</small><br></div><div class="spacer battle-history"><br></div><div class="battle-history">The opposing aluakbarr fainted!<br></div><div class="battle-history">Forretress used <strong>Spikes</strong>!<br></div><div class="battle-history"><small>Spikes were scattered on the ground all around the opposing team!</small><br></div><div class="spacer battle-history"><br></div><div class="battle-history">TrumpTookMyCats sent out aluakberrr (<strong>Cloyster</strong>)!<br></div><div class="battle-history"><small>The opposing aluakberrr is hurt by the spikes!</small><br></div><div class="battle-history"><small>Pointed stones dug into the opposing aluakberrr!</small><br></div><div class="spacer battle-history"><br></div><h2 class="battle-history">Turn 3</h2><div class="chat chatmessage-ileslieknope"><strong style="color:hsl(7,42%,49.14190831262144%)"><small>☆</small><span class="username" data-name="ileslieknope">ileslieknope</span>:</strong> <em>omg</em></div><div class="spacer battle-history"><br></div><div class="battle-history">The opposing aluakberrr used <strong>Explosion</strong>!<br></div><div class="battle-history"><small>It's not very effective...</small><br></div><div class="battle-history"><small>(Forretress lost <abbr title="−78/354">22.0%</abbr> of its health!)</small><br></div><div class="spacer battle-history"><br></div><div class="battle-history">The opposing aluakberrr fainted!<br></div><div class="battle-history">Forretress used <strong>Spikes</strong>!<br></div><div class="battle-history"><small>Spikes were scattered on the ground all around the opposing team!</small><br></div><div class="spacer battle-history"><br></div><div class="battle-history">TrumpTookMyCats sent out aluakbarrrr (<strong>Weezing</strong>)!<br></div><div class="battle-history"><small>Pointed stones dug into the opposing aluakbarrrr!</small><br></div><div class="spacer battle-history"><br></div><h2 class="battle-history">Turn 4</h2><div class="chat chatmessage-trumptookmycats"><strong style="color:hsl(13,66%,42%)"><small>☆</small><span class="username" data-name="TrumpTookMyCats">TrumpTookMyCats</span>:</strong> <em>ALUAKBARRRRRRRRRRRRRRRRRRRRRRRRR</em></div><div class="spacer battle-history"><br></div><div class="battle-history">The opposing aluakbarrrr used <strong>Explosion</strong>!<br></div><div class="battle-history"><small>It's not very effective...</small><br></div><div class="battle-history"><small>A critical hit!</small><br></div><div class="battle-history"><small>(Forretress lost <abbr title="−52/354">14.7%</abbr> of its health!)</small><br></div><div class="spacer battle-history"><br></div><div class="battle-history">The opposing aluakbarrrr fainted!<br></div><div class="battle-history">Forretress fainted!<br></div><div class="chat message-error">Battle timer is ON: inactive players will automatically lose when time's up. (requested by TrumpTookMyCats)</div><div class="chat chatmessage-trumptookmycats"><strong style="color:hsl(13,66%,42%)"><small>☆</small><span class="username" data-name="TrumpTookMyCats">TrumpTookMyCats</span>:</strong> <em>^timebomb</em></div><div class="spacer battle-history"><br></div><div class="battle-history">TrumpTookMyCats sent out aluakbarrrrr (<strong>Glalie</strong>)!<br></div><div class="spacer battle-history"><br></div><div class="battle-history">Go! <strong>Goodra</strong>!<br></div><div class="battle-history"><small>Pointed stones dug into the opposing aluakbarrrrr!</small><br></div><div class="battle-history"><small>The opposing aluakbarrrrr is hurt by the spikes!</small><br></div><div class="spacer battle-history"><br></div><h2 class="battle-history">Turn 5</h2><div class="chat chatmessage-ileslieknope"><strong style="color:hsl(7,42%,49.14190831262144%)"><small>☆</small><span class="username" data-name="ileslieknope">ileslieknope</span>:</strong> <em>omgg</em></div><div class="chat chatmessage-trumptookmycats"><strong style="color:hsl(13,66%,42%)"><small>☆</small><span class="username" data-name="TrumpTookMyCats">TrumpTookMyCats</span>:</strong> <em>ALUAKBARRRRRRRRR</em></div><div class="spacer battle-history"><br></div><div class="battle-history">The opposing aluakbarrrrr used <strong>Explosion</strong>!<br></div><div class="battle-history"><small>(Goodra lost <abbr title="−225/350">64.3%</abbr> of its health!)</small><br></div><div class="spacer battle-history"><br></div><div class="battle-history">The opposing aluakbarrrrr fainted!<br></div><div class="battle-history">Goodra used <strong>Flamethrower</strong>!<br></div><div class="battle-history"><small>But there was no target...</small><br></div><div class="spacer battle-history"><br></div><div class="battle-history">TrumpTookMyCats sent out aluakbarrrrrr (<strong>Magneton</strong>)!<br></div><div class="battle-history"><small>Pointed stones dug into the opposing aluakbarrrrrr!</small><br></div><div class="battle-history"><small>The opposing aluakbarrrrrr is hurt by the spikes!</small><br></div><div class="spacer battle-history"><br></div><h2 class="battle-history">Turn 6</h2><div class="chat chatmessage-trumptookmycats"><strong style="color:hsl(13,66%,42%)"><small>☆</small><span class="username" data-name="TrumpTookMyCats">TrumpTookMyCats</span>:</strong> <em>ALU.........ALu........</em></div><div class="chat chatmessage-trumptookmycats"><strong style="color:hsl(13,66%,42%)"><small>☆</small><span class="username" data-name="TrumpTookMyCats">TrumpTookMyCats</span>:</strong> <em>ALUAKBARRRRRRRRRRRRRRRRRRR!!!!!!!!!</em></div><div class="spacer battle-history"><br></div><div class="battle-history">The opposing aluakbarrrrrr used <strong>Explosion</strong>!<br></div><div class="battle-history"><small>A critical hit!</small><br></div><div class="battle-history"><small>(Goodra lost <abbr title="−125/350">35.7%</abbr> of its health!)</small><br></div><div class="spacer battle-history"><br></div><div class="battle-history">The opposing aluakbarrrrrr fainted!<br></div><div class="battle-history">Goodra fainted!<br></div><div class="spacer battle-history"><br></div><div class="battle-history"><strong>ileslieknope</strong> won the battle!<br></div><div class="chat">ileslieknope's rating: 1123 → <strong>1139</strong><br>(+16 for winning)</div><div class="chat">TrumpTookMyCats's rating: 1000 → <strong>1000</strong><br>(+0 for losing)</div><div class="chat chatmessage-trumptookmycats"><strong style="color:hsl(13,66%,42%)"><small>☆</small><span class="username" data-name="TrumpTookMyCats">TrumpTookMyCats</span>:</strong> <em>B)000000000000000000000000m</em></div><div class="chat chatmessage-trumptookmycats"><strong style="color:hsl(13,66%,42%)"><small>☆</small><span class="username" data-name="TrumpTookMyCats">TrumpTookMyCats</span>:</strong> <em>gg</em></div><div class="chat chatmessage-ileslieknope"><strong style="color:hsl(7,42%,49.14190831262144%)"><small>☆</small><span class="username" data-name="ileslieknope">ileslieknope</span>:</strong> <em>gg</em></div><div class="chat chatmessage-trumptookmycats"><strong style="color:hsl(13,66%,42%)"><small>☆</small><span class="username" data-name="TrumpTookMyCats">TrumpTookMyCats</span>:</strong> <em>lel</em></div><div class="chat chatmessage-trumptookmycats"><strong style="color:hsl(13,66%,42%)"><small>☆</small><span class="username" data-name="TrumpTookMyCats">TrumpTookMyCats</span>:</strong> <em>get it....</em></div><div class="chat chatmessage-trumptookmycats"><strong style="color:hsl(13,66%,42%)"><small>☆</small><span class="username" data-name="TrumpTookMyCats">TrumpTookMyCats</span>:</strong> <em>im muslm</em></div><div class="chat chatmessage-ileslieknope"><strong style="color:hsl(7,42%,49.14190831262144%)"><small>☆</small><span class="username" data-name="ileslieknope">ileslieknope</span>:</strong> <em>omg//</em></div><div class="chat chatmessage-trumptookmycats"><strong style="color:hsl(13,66%,42%)"><small>☆</small><span class="username" data-name="TrumpTookMyCats">TrumpTookMyCats</span>:</strong> <em>ALUAKBARRRRRRRRRRRRRRRRRRRRRRRRRRRRRR its meta rn but gg bye</em></div><div class="chat"><small>TrumpTookMyCats left.</small></div></div><div class="inner-preempt"></div></div></div>
</div>
<script>
let daily = Math.floor(Date.now()/1000/60/60/24);document.write('<script src="https://play.pokemonshowdown.com/js/replay-embed.js?version'+daily+'"></'+'script>');
</script>
