<!DOCTYPE html>
<meta charset="utf-8" />
<!-- version 1 -->
<title>UU replay: Chief Time vs. Parnstar</title>
<style>
html,body {font-family:Verdana, sans-serif;font-size:10pt;margin:0;padding:0;}body{padding:12px 0;} .battle-log {font-family:Verdana, sans-serif;font-size:10pt;} .battle-log-inline {border:1px solid #AAAAAA;background:#EEF2F5;color:black;max-width:640px;margin:0 auto 80px;padding-bottom:5px;} .battle-log .inner {padding:4px 8px 0px 8px;} .battle-log .inner-preempt {padding:0 8px 4px 8px;} .battle-log .inner-after {margin-top:0.5em;} .battle-log h2 {margin:0.5em -8px;padding:4px 8px;border:1px solid #AAAAAA;background:#E0E7EA;border-left:0;border-right:0;font-family:Verdana, sans-serif;font-size:13pt;} .battle-log .chat {vertical-align:middle;padding:3px 0 3px 0;font-size:8pt;} .battle-log .chat strong {color:#40576A;} .battle-log .chat em {padding:1px 4px 1px 3px;color:#000000;font-style:normal;} .chat.mine {background:rgba(0,0,0,0.05);margin-left:-8px;margin-right:-8px;padding-left:8px;padding-right:8px;} .spoiler {color:#BBBBBB;background:#BBBBBB;padding:0px 3px;} .spoiler:hover, .spoiler:active, .spoiler-shown {color:#000000;background:#E2E2E2;padding:0px 3px;} .spoiler a {color:#BBBBBB;} .spoiler:hover a, .spoiler:active a, .spoiler-shown a {color:#2288CC;} .chat code, .chat .spoiler:hover code, .chat .spoiler:active code, .chat .spoiler-shown code {border:1px solid #C0C0C0;background:#EEEEEE;color:black;padding:0 2px;} .chat .spoiler code {border:1px solid #CCCCCC;background:#CCCCCC;color:#CCCCCC;} .battle-log .rated {padding:3px 4px;} .battle-log .rated strong {color:white;background:#89A;padding:1px 4px;border-radius:4px;} .spacer {margin-top:0.5em;} .message-announce {background:#6688AA;color:white;padding:1px 4px 2px;} .message-announce a, .broadcast-green a, .broadcast-blue a, .broadcast-red a {color:#DDEEFF;} .broadcast-green {background-color:#559955;color:white;padding:2px 4px;} .broadcast-blue {background-color:#6688AA;color:white;padding:2px 4px;} .infobox {border:1px solid #6688AA;padding:2px 4px;} .infobox-limited {max-height:200px;overflow:auto;overflow-x:hidden;} .broadcast-red {background-color:#AA5544;color:white;padding:2px 4px;} .message-learn-canlearn {font-weight:bold;color:#228822;text-decoration:underline;} .message-learn-cannotlearn {font-weight:bold;color:#CC2222;text-decoration:underline;} .message-effect-weak {font-weight:bold;color:#CC2222;} .message-effect-resist {font-weight:bold;color:#6688AA;} .message-effect-immune {font-weight:bold;color:#666666;} .message-learn-list {margin-top:0;margin-bottom:0;} .message-throttle-notice, .message-error {color:#992222;} .message-overflow, .chat small.message-overflow {font-size:0pt;} .message-overflow::before {font-size:9pt;content:'...';} .subtle {color:#3A4A66;}
</style>
<div class="wrapper replay-wrapper" style="max-width:1180px;margin:0 auto">
<input type="hidden" name="replayid" value="uu-538767358" />
<div class="battle"></div><div class="battle-log"></div><div class="replay-controls"></div><div class="replay-controls-2"></div>
<h1 style="font-weight:normal;text-align:center"><strong>UU</strong><br /><a href="http://pokemonshowdown.com/users/chieftime" class="subtle" target="_blank">Chief Time</a> vs. <a href="http://pokemonshowdown.com/users/parnstar" class="subtle" target="_blank">Parnstar</a></h1>
<script type="text/plain" class="battle-log-data">|j|Chief Time
|j|Parnstar
|player|p1|Chief Time|153
|player|p2|Parnstar|24
|gametype|singles
|gen|6
|tier|UU
|rated
|seed|62305,60850,35057,11358
|rule|Sleep Clause Mod: Limit one foe put to sleep
|rule|Species Clause: Limit one of each Pokémon
|rule|OHKO Clause: OHKO moves are banned
|rule|Moody Clause: Moody is banned
|rule|Evasion Moves Clause: Evasion moves are banned
|rule|Endless Battle Clause: Forcing endless battles is banned
|rule|HP Percentage Mod: HP is shown in percentages
|clearpoke
|poke|p1|Machoke, F, shiny|item
|poke|p1|Vaporeon, F|item
|poke|p1|Unown|item
|poke|p1|Cascoon, F|item
|poke|p1|Zangoose, M|item
|poke|p1|Kricketune, F|item
|poke|p2|Conkeldurr, M, shiny|item
|poke|p2|Magneton, shiny|item
|poke|p2|Porygon-Z|item
|poke|p2|Whimsicott, M, shiny|item
|poke|p2|Entei, shiny|item
|poke|p2|Tentacruel, F|item
|rule|Swagger Clause: Swagger is banned
|rule|Baton Pass Clause: Limit one Baton Passer, can't pass Spe and other stats simultaneously
|teampreview
|c|☆Parnstar|😮
|c|☆Parnstar|Hf?
|choice|team 1, team 2, team 3, team 4, team 5, team 6|team 3, team 2, team 1, team 4, team 5, team 6
|
|start
|switch|p1a: Machoke|Machoke, F, shiny|364\/364
|switch|p2a: beta|Porygon-Z|311\/311
|turn|1
|choice|move dynamicpunch|move psyshock
|
|move|p2a: beta|Psyshock|p1a: Machoke
|-supereffective|p1a: Machoke
|-damage|p1a: Machoke|84\/364
|move|p1a: Machoke|Dynamic Punch|p2a: beta
|-supereffective|p2a: beta
|-crit|p2a: beta
|-damage|p2a: beta|0 fnt
|faint|p2a: beta
|
|upkeep
|choice||switch 4
|
|switch|p2a: Presscott|Whimsicott, M, shiny|261\/261
|turn|2
|choice|move megakick|move moonblast
|
|move|p2a: Presscott|Moonblast|p1a: Machoke
|-supereffective|p1a: Machoke
|-damage|p1a: Machoke|0 fnt
|faint|p1a: Machoke
|
|upkeep
|choice|switch 6|
|
|switch|p1a: Kricketune|Kricketune, F|295\/295
|turn|3
|choice|move aerialace|move naturepower
|
|move|p2a: Presscott|Nature Power|p1a: Kricketune
|move|p2a: Presscott|Tri Attack|p1a: Kricketune|[from]Nature Power
|-damage|p1a: Kricketune|161\/295
|move|p1a: Kricketune|Aerial Ace|p2a: Presscott
|-supereffective|p2a: Presscott
|-damage|p2a: Presscott|0 fnt
|faint|p2a: Presscott
|
|upkeep
|choice||switch 5
|
|switch|p2a: Ash could of caugh|Entei, shiny|371\/371
|-ability|p2a: Ash could of caugh|Pressure
|turn|4
|choice|switch 2|move sacredfire
|
|switch|p1a: Vaporeon|Vaporeon, F|464\/464
|move|p2a: Ash could of caugh|Sacred Fire|p1a: Vaporeon
|-resisted|p1a: Vaporeon
|-damage|p1a: Vaporeon|290\/464
|
|upkeep
|turn|5
|choice|move hydropump|switch 6
|
|switch|p2a: Hitomi Tanaka|Tentacruel, F|301\/301
|move|p1a: Vaporeon|Hydro Pump|p2a: Hitomi Tanaka|[miss]
|-miss|p1a: Vaporeon|p2a: Hitomi Tanaka
|
|upkeep
|turn|6
|choice|switch 3|move hydropump
|
|switch|p1a: Unown|Unown|237\/237
|move|p2a: Hitomi Tanaka|Hydro Pump|p1a: Unown|[miss]
|-miss|p2a: Hitomi Tanaka|p1a: Unown
|
|upkeep
|turn|7
|choice|move hiddenpower|switch 2
|
|switch|p2a: Alpha|Magneton, shiny|303\/303
|move|p1a: Unown|Hidden Power|p2a: Alpha
|-resisted|p2a: Alpha
|-damage|p2a: Alpha|270\/303
|
|upkeep
|turn|8
|choice|switch 2|move voltswitch
|
|switch|p1a: Kricketune|Kricketune, F|161\/295
|move|p2a: Alpha|Volt Switch|p1a: Kricketune
|-damage|p1a: Kricketune|0 fnt
|faint|p1a: Kricketune
|choice||switch 6
|
|switch|p2a: Ash could of caugh|Entei, shiny|371\/371
|-ability|p2a: Ash could of caugh|Pressure
|
|upkeep
|choice|switch 3|
|
|switch|p1a: Vaporeon|Vaporeon, F|290\/464
|turn|9
|choice|move hyperbeam|switch 2
|
|switch|p2a: Hitomi Tanaka|Tentacruel, F|301\/301
|move|p1a: Vaporeon|Hyper Beam|p2a: Hitomi Tanaka
|-damage|p2a: Hitomi Tanaka|85\/301
|
|-heal|p2a: Hitomi Tanaka|103\/301|[from] item: Black Sludge
|upkeep
|turn|10
|-mustrecharge|p1a: Vaporeon
|-mustrecharge|p1a: Vaporeon
|choice|move recharge|move sludgewave
|
|move|p2a: Hitomi Tanaka|Sludge Wave|p1a: Vaporeon
|-damage|p1a: Vaporeon|157\/464
|cant|p1a: Vaporeon|recharge
|
|-heal|p2a: Hitomi Tanaka|121\/301|[from] item: Black Sludge
|upkeep
|turn|11
|choice|switch 5|switch 6
|
|switch|p2a: Alpha|Magneton, shiny|270\/303
|switch|p1a: Zangoose|Zangoose, M|287\/287
|
|-status|p1a: Zangoose|tox|[from] item: Toxic Orb
|upkeep
|turn|12
|choice|move closecombat|move voltswitch
|
|move|p1a: Zangoose|Close Combat|p2a: Alpha
|-supereffective|p2a: Alpha
|-damage|p2a: Alpha|0 fnt
|-unboost|p1a: Zangoose|def|1
|-unboost|p1a: Zangoose|spd|1
|faint|p2a: Alpha
|
|-damage|p1a: Zangoose|270\/287 tox|[from] psn
|upkeep
|choice||switch 3
|
|switch|p2a: Mandingo|Conkeldurr, M, shiny|414\/414
|turn|13
|choice|switch 4|move knockoff
|
|switch|p1a: Cascoon|Cascoon, F|304\/304
|move|p2a: Mandingo|Knock Off|p1a: Cascoon
|-damage|p1a: Cascoon|160\/304
|-damage|p2a: Mandingo|345\/414|[from] item: Rocky Helmet|[of] p1a: Cascoon
|-enditem|p1a: Cascoon|Rocky Helmet|[from] move: Knock Off|[of] p2a: Mandingo
|
|-status|p2a: Mandingo|brn|[from] item: Flame Orb
|upkeep
|turn|14
|choice|move irondefense|switch 6
|
|switch|p2a: Hitomi Tanaka|Tentacruel, F|121\/301
|move|p1a: Cascoon|Iron Defense|p1a: Cascoon
|-boost|p1a: Cascoon|def|2
|
|-heal|p2a: Hitomi Tanaka|139\/301|[from] item: Black Sludge
|upkeep
|turn|15
|choice|move tackle|move sludgewave
|
|move|p2a: Hitomi Tanaka|Sludge Wave|p1a: Cascoon
|-damage|p1a: Cascoon|0 fnt
|faint|p1a: Cascoon
|
|-heal|p2a: Hitomi Tanaka|157\/301|[from] item: Black Sludge
|upkeep
|choice|switch 4|
|
|switch|p1a: Zangoose|Zangoose, M|270\/287 tox
|turn|16
|choice|move facade|move hydropump
|
|move|p2a: Hitomi Tanaka|Hydro Pump|p1a: Zangoose
|-damage|p1a: Zangoose|51\/287 tox
|move|p1a: Zangoose|Facade|p2a: Hitomi Tanaka
|-damage|p2a: Hitomi Tanaka|0 fnt
|faint|p2a: Hitomi Tanaka
|
|-damage|p1a: Zangoose|34\/287 tox|[from] psn
|upkeep
|choice||switch 2
|
|switch|p2a: Ash could of caugh|Entei, shiny|371\/371
|-ability|p2a: Ash could of caugh|Pressure
|turn|17
|choice|switch 2|move extremespeed
|
|switch|p1a: Unown|Unown|237\/237
|move|p2a: Ash could of caugh|Extreme Speed|p1a: Unown
|-damage|p1a: Unown|80\/237
|
|upkeep
|turn|18
|choice|move hiddenpower|move extremespeed
|
|move|p2a: Ash could of caugh|Extreme Speed|p1a: Unown
|-damage|p1a: Unown|0 fnt
|faint|p1a: Unown
|
|upkeep
|choice|switch 5|
|
|switch|p1a: Vaporeon|Vaporeon, F|157\/464
|turn|19
|choice|move hydropump|move flareblitz
|
|move|p2a: Ash could of caugh|Flare Blitz|p1a: Vaporeon
|-resisted|p1a: Vaporeon
|-damage|p1a: Vaporeon|0 fnt
|-damage|p2a: Ash could of caugh|319\/371|[from] recoil|[of] p1a: Vaporeon
|faint|p1a: Vaporeon
|
|upkeep
|choice|switch 2|
|
|switch|p1a: Zangoose|Zangoose, M|34\/287 tox
|turn|20
|c|☆Parnstar|Gg
|c|☆Parnstar|Different team.
|choice|move facade|move extremespeed
|
|move|p2a: Ash could of caugh|Extreme Speed|p1a: Zangoose
|-damage|p1a: Zangoose|0 fnt
|faint|p1a: Zangoose
|
|win|Parnstar
|player|p1
|player|p2
|raw|Chief Time's rating: 1098 &rarr; <strong>1090<\/strong><br \/>(-8 for losing)
|raw|Parnstar's rating: 1386 &rarr; <strong>1392<\/strong><br \/>(+6 for winning)
|c|☆Chief Time|What is that suppose to mean, punk!
|c|☆Parnstar|Your dad.
|c|☆Chief Time|What about him?
|c|☆Parnstar|Is a punk
|c|☆Chief Time|Who's a punk?
|c|☆Parnstar|Your dad
|c|☆Chief Time|What about my dad?
|c|☆Parnstar|What about your dad?
|l|Chief Time</script>
</div>
<div class="battle-log battle-log-inline"><div class="inner"><div class="battle-options"></div><div class="inner"><div class="chat"><small>Chief Time joined.</small></div><div class="chat"><small>Parnstar joined.</small></div><div class=""><small>Format:</small> <br><strong>UU</strong></div><div class="rated"><strong>Rated battle</strong></div><div class=""><small><em>Sleep Clause Mod:</em> Limit one foe put to sleep</small></div><div class=""><small><em>Species Clause:</em> Limit one of each Pokémon</small></div><div class=""><small><em>OHKO Clause:</em> OHKO moves are banned</small></div><div class=""><small><em>Moody Clause:</em> Moody is banned</small></div><div class=""><small><em>Evasion Moves Clause:</em> Evasion moves are banned</small></div><div class=""><small><em>Endless Battle Clause:</em> Forcing endless battles is banned</small></div><div class=""><small><em>HP Percentage Mod:</em> HP is shown in percentages</small></div><div class=""><small><em>Swagger Clause:</em> Swagger is banned</small></div><div class=""><small><em>Baton Pass Clause:</em> Limit one Baton Passer, can't pass Spe and other stats simultaneously</small></div><div class="chat battle-history"><strong>Chief Time's team:</strong> <em style="color:#445566;display:block;">Machoke / Vaporeon / Unown / Cascoon / Zangoose / Kricketune</em></div><div class="chat battle-history"><strong>Parnstar's team:</strong> <em style="color:#445566;display:block;">Conkeldurr / Magneton / Porygon-Z / Whimsicott / Entei / Tentacruel</em></div><div class="chat chatmessage-parnstar"><strong style="color:hsl(41,84%,41.163999978976825%)"><small>☆</small><span class="username" data-name="Parnstar">Parnstar</span>:</strong> <em>😮</em></div><div class="chat chatmessage-parnstar"><strong style="color:hsl(41,84%,41.163999978976825%)"><small>☆</small><span class="username" data-name="Parnstar">Parnstar</span>:</strong> <em>Hf?</em></div><div class="spacer battle-history"><br></div><div class="battle-history">Battle started between Chief Time and Parnstar!<br></div><div class="spacer battle-history"><br></div><div class="battle-history">Go! <strong>Machoke</strong>!<br></div><div class="spacer battle-history"><br></div><div class="battle-history">Parnstar sent out beta (<strong>Porygon-Z</strong>)!<br></div><div class="spacer battle-history"><br></div><h2 class="battle-history">Turn 1</h2><div class="spacer battle-history"><br></div><div class="battle-history">The opposing beta used <strong>Psyshock</strong>!<br></div><div class="battle-history"><small>It's super effective!</small><br></div><div class="battle-history"><small>(Machoke lost <abbr title="−280/364">76.9%</abbr> of its health!)</small><br></div><div class="spacer battle-history"><br></div><div class="battle-history">Machoke used <strong>Dynamic Punch</strong>!<br></div><div class="battle-history"><small>It's super effective!</small><br></div><div class="battle-history"><small>A critical hit!</small><br></div><div class="battle-history"><small>(The opposing beta lost <abbr title="−311/311">100%</abbr> of its health!)</small><br></div><div class="spacer battle-history"><br></div><div class="battle-history">The opposing beta fainted!<br></div><div class="spacer battle-history"><br></div><div class="battle-history">Parnstar sent out Presscott (<strong>Whimsicott</strong>)!<br></div><div class="spacer battle-history"><br></div><h2 class="battle-history">Turn 2</h2><div class="spacer battle-history"><br></div><div class="battle-history">The opposing Presscott used <strong>Moonblast</strong>!<br></div><div class="battle-history"><small>It's super effective!</small><br></div><div class="battle-history"><small>(Machoke lost <abbr title="−84/364">23.1%</abbr> of its health!)</small><br></div><div class="spacer battle-history"><br></div><div class="battle-history">Machoke fainted!<br></div><div class="spacer battle-history"><br></div><div class="battle-history">Go! <strong>Kricketune</strong>!<br></div><div class="spacer battle-history"><br></div><h2 class="battle-history">Turn 3</h2><div class="spacer battle-history"><br></div><div class="battle-history">The opposing Presscott used <strong>Nature Power</strong>!<br></div><div class="spacer battle-history"><br></div><div class="battle-history">Nature Power turned into Tri Attack!<br></div><div class="battle-history"><small>(Kricketune lost <abbr title="−134/295">45.4%</abbr> of its health!)</small><br></div><div class="spacer battle-history"><br></div><div class="battle-history">Kricketune used <strong>Aerial Ace</strong>!<br></div><div class="battle-history"><small>It's super effective!</small><br></div><div class="battle-history"><small>(The opposing Presscott lost <abbr title="−261/261">100%</abbr> of its health!)</small><br></div><div class="spacer battle-history"><br></div><div class="battle-history">The opposing Presscott fainted!<br></div><div class="spacer battle-history"><br></div><div class="battle-history">Parnstar sent out Ash could of caugh (<strong>Entei</strong>)!<br></div><div class="battle-history"><small>[The opposing Ash could of caugh's Pressure]</small><br><small>The opposing Ash could of caugh is exerting its pressure!</small><br></div><div class="spacer battle-history"><br></div><h2 class="battle-history">Turn 4</h2><div class="spacer battle-history"><br></div><div class="battle-history">Kricketune, come back!<br></div><div class="battle-history">Go! <strong>Vaporeon</strong>!<br></div><div class="spacer battle-history"><br></div><div class="battle-history">The opposing Ash could of caugh used <strong>Sacred Fire</strong>!<br></div><div class="battle-history"><small>It's not very effective...</small><br></div><div class="battle-history"><small>(Vaporeon lost <abbr title="−174/464">37.5%</abbr> of its health!)</small><br></div><div class="spacer battle-history"><br></div><h2 class="battle-history">Turn 5</h2><div class="spacer battle-history"><br></div><div class="battle-history">Parnstar withdrew Ash could of caugh!<br></div><div class="battle-history">Parnstar sent out Hitomi Tanaka (<strong>Tentacruel</strong>)!<br></div><div class="spacer battle-history"><br></div><div class="battle-history">Vaporeon used <strong>Hydro Pump</strong>!<br></div><div class="battle-history"><small>The opposing Hitomi Tanaka avoided the attack!</small><br></div><div class="spacer battle-history"><br></div><h2 class="battle-history">Turn 6</h2><div class="spacer battle-history"><br></div><div class="battle-history">Vaporeon, come back!<br></div><div class="battle-history">Go! <strong>Unown</strong>!<br></div><div class="spacer battle-history"><br></div><div class="battle-history">The opposing Hitomi Tanaka used <strong>Hydro Pump</strong>!<br></div><div class="battle-history"><small>Unown avoided the attack!</small><br></div><div class="spacer battle-history"><br></div><h2 class="battle-history">Turn 7</h2><div class="spacer battle-history"><br></div><div class="battle-history">Parnstar withdrew Hitomi Tanaka!<br></div><div class="battle-history">Parnstar sent out Alpha (<strong>Magneton</strong>)!<br></div><div class="spacer battle-history"><br></div><div class="battle-history">Unown used <strong>Hidden Power</strong>!<br></div><div class="battle-history"><small>It's not very effective...</small><br></div><div class="battle-history"><small>(The opposing Alpha lost <abbr title="−33/303">10.9%</abbr> of its health!)</small><br></div><div class="spacer battle-history"><br></div><h2 class="battle-history">Turn 8</h2><div class="spacer battle-history"><br></div><div class="battle-history">Unown, come back!<br></div><div class="battle-history">Go! <strong>Kricketune</strong>!<br></div><div class="spacer battle-history"><br></div><div class="battle-history">The opposing Alpha used <strong>Volt Switch</strong>!<br></div><div class="battle-history"><small>(Kricketune lost <abbr title="−161/295">54.6%</abbr> of its health!)</small><br></div><div class="spacer battle-history"><br></div><div class="battle-history">Kricketune fainted!<br></div><div class="spacer battle-history"><br></div><div class="battle-history">The opposing Alpha went back to Parnstar!<br></div><div class="battle-history">Parnstar sent out Ash could of caugh (<strong>Entei</strong>)!<br></div><div class="battle-history"><small>[The opposing Ash could of caugh's Pressure]</small><br><small>The opposing Ash could of caugh is exerting its pressure!</small><br></div><div class="spacer battle-history"><br></div><div class="battle-history">Go! <strong>Vaporeon</strong>!<br></div><div class="spacer battle-history"><br></div><h2 class="battle-history">Turn 9</h2><div class="spacer battle-history"><br></div><div class="battle-history">Parnstar withdrew Ash could of caugh!<br></div><div class="battle-history">Parnstar sent out Hitomi Tanaka (<strong>Tentacruel</strong>)!<br></div><div class="spacer battle-history"><br></div><div class="battle-history">Vaporeon used <strong>Hyper Beam</strong>!<br></div><div class="battle-history"><small>(The opposing Hitomi Tanaka lost <abbr title="−216/301">71.8%</abbr> of its health!)</small><br></div><div class="spacer battle-history"><br></div><div class="battle-history"><small>The opposing Hitomi Tanaka restored a little HP using its Black Sludge!</small><br></div><div class="spacer battle-history"><br></div><h2 class="battle-history">Turn 10</h2><div class="spacer battle-history"><br></div><div class="battle-history">The opposing Hitomi Tanaka used <strong>Sludge Wave</strong>!<br></div><div class="battle-history"><small>(Vaporeon lost <abbr title="−133/464">28.7%</abbr> of its health!)</small><br></div><div class="spacer battle-history"><br></div><div class="battle-history">Vaporeon must recharge!<br></div><div class="spacer battle-history"><br></div><div class="battle-history"><small>The opposing Hitomi Tanaka restored a little HP using its Black Sludge!</small><br></div><div class="spacer battle-history"><br></div><h2 class="battle-history">Turn 11</h2><div class="spacer battle-history"><br></div><div class="battle-history">Parnstar withdrew Hitomi Tanaka!<br></div><div class="battle-history">Parnstar sent out Alpha (<strong>Magneton</strong>)!<br></div><div class="spacer battle-history"><br></div><div class="battle-history">Vaporeon, come back!<br></div><div class="battle-history">Go! <strong>Zangoose</strong>!<br></div><div class="spacer battle-history"><br></div><div class="battle-history"><small>Zangoose was badly poisoned!</small><br></div><div class="spacer battle-history"><br></div><h2 class="battle-history">Turn 12</h2><div class="spacer battle-history"><br></div><div class="battle-history">Zangoose used <strong>Close Combat</strong>!<br></div><div class="battle-history"><small>It's super effective!</small><br></div><div class="battle-history"><small>(The opposing Alpha lost <abbr title="−270/303">89.1%</abbr> of its health!)</small><br></div><div class="battle-history"><small>Zangoose's Defense fell!</small><br></div><div class="battle-history"><small>Zangoose's Special Defense fell!</small><br></div><div class="spacer battle-history"><br></div><div class="battle-history">The opposing Alpha fainted!<br></div><div class="spacer battle-history"><br></div><div class="battle-history"><small>Zangoose was hurt by poison!</small><br></div><div class="spacer battle-history"><br></div><div class="battle-history">Parnstar sent out Mandingo (<strong>Conkeldurr</strong>)!<br></div><div class="spacer battle-history"><br></div><h2 class="battle-history">Turn 13</h2><div class="spacer battle-history"><br></div><div class="battle-history">Zangoose, come back!<br></div><div class="battle-history">Go! <strong>Cascoon</strong>!<br></div><div class="spacer battle-history"><br></div><div class="battle-history">The opposing Mandingo used <strong>Knock Off</strong>!<br></div><div class="battle-history"><small>(Cascoon lost <abbr title="−144/304">47.4%</abbr> of its health!)</small><br></div><div class="battle-history"><small>The opposing Mandingo was hurt by the Rocky Helmet!</small><br></div><div class="battle-history"><small>The opposing Mandingo knocked off Cascoon's Rocky Helmet!</small><br></div><div class="spacer battle-history"><br></div><div class="battle-history"><small>The opposing Mandingo was burned!</small><br></div><div class="spacer battle-history"><br></div><h2 class="battle-history">Turn 14</h2><div class="spacer battle-history"><br></div><div class="battle-history">Parnstar withdrew Mandingo!<br></div><div class="battle-history">Parnstar sent out Hitomi Tanaka (<strong>Tentacruel</strong>)!<br></div><div class="spacer battle-history"><br></div><div class="battle-history">Cascoon used <strong>Iron Defense</strong>!<br></div><div class="battle-history"><small>Cascoon's Defense rose sharply!</small><br></div><div class="spacer battle-history"><br></div><div class="battle-history"><small>The opposing Hitomi Tanaka restored a little HP using its Black Sludge!</small><br></div><div class="spacer battle-history"><br></div><h2 class="battle-history">Turn 15</h2><div class="spacer battle-history"><br></div><div class="battle-history">The opposing Hitomi Tanaka used <strong>Sludge Wave</strong>!<br></div><div class="battle-history"><small>(Cascoon lost <abbr title="−160/304">52.6%</abbr> of its health!)</small><br></div><div class="spacer battle-history"><br></div><div class="battle-history">Cascoon fainted!<br></div><div class="spacer battle-history"><br></div><div class="battle-history"><small>The opposing Hitomi Tanaka restored a little HP using its Black Sludge!</small><br></div><div class="spacer battle-history"><br></div><div class="battle-history">Go! <strong>Zangoose</strong>!<br></div><div class="spacer battle-history"><br></div><h2 class="battle-history">Turn 16</h2><div class="spacer battle-history"><br></div><div class="battle-history">The opposing Hitomi Tanaka used <strong>Hydro Pump</strong>!<br></div><div class="battle-history"><small>(Zangoose lost <abbr title="−219/287">76.3%</abbr> of its health!)</small><br></div><div class="spacer battle-history"><br></div><div class="battle-history">Zangoose used <strong>Facade</strong>!<br></div><div class="battle-history"><small>(The opposing Hitomi Tanaka lost <abbr title="−157/301">52.2%</abbr> of its health!)</small><br></div><div class="spacer battle-history"><br></div><div class="battle-history">The opposing Hitomi Tanaka fainted!<br></div><div class="spacer battle-history"><br></div><div class="battle-history"><small>Zangoose was hurt by poison!</small><br></div><div class="spacer battle-history"><br></div><div class="battle-history">Parnstar sent out Ash could of caugh (<strong>Entei</strong>)!<br></div><div class="battle-history"><small>[The opposing Ash could of caugh's Pressure]</small><br><small>The opposing Ash could of caugh is exerting its pressure!</small><br></div><div class="spacer battle-history"><br></div><h2 class="battle-history">Turn 17</h2><div class="spacer battle-history"><br></div><div class="battle-history">Zangoose, come back!<br></div><div class="battle-history">Go! <strong>Unown</strong>!<br></div><div class="spacer battle-history"><br></div><div class="battle-history">The opposing Ash could of caugh used <strong>Extreme Speed</strong>!<br></div><div class="battle-history"><small>(Unown lost <abbr title="−157/237">66.2%</abbr> of its health!)</small><br></div><div class="spacer battle-history"><br></div><h2 class="battle-history">Turn 18</h2><div class="spacer battle-history"><br></div><div class="battle-history">The opposing Ash could of caugh used <strong>Extreme Speed</strong>!<br></div><div class="battle-history"><small>(Unown lost <abbr title="−80/237">33.8%</abbr> of its health!)</small><br></div><div class="spacer battle-history"><br></div><div class="battle-history">Unown fainted!<br></div><div class="spacer battle-history"><br></div><div class="battle-history">Go! <strong>Vaporeon</strong>!<br></div><div class="spacer battle-history"><br></div><h2 class="battle-history">Turn 19</h2><div class="spacer battle-history"><br></div><div class="battle-history">The opposing Ash could of caugh used <strong>Flare Blitz</strong>!<br></div><div class="battle-history"><small>It's not very effective...</small><br></div><div class="battle-history"><small>(Vaporeon lost <abbr title="−157/464">33.8%</abbr> of its health!)</small><br></div><div class="battle-history"><small>The opposing Ash could of caugh is damaged by the recoil!</small><br></div><div class="spacer battle-history"><br></div><div class="battle-history">Vaporeon fainted!<br></div><div class="spacer battle-history"><br></div><div class="battle-history">Go! <strong>Zangoose</strong>!<br></div><div class="spacer battle-history"><br></div><h2 class="battle-history">Turn 20</h2><div class="chat chatmessage-parnstar"><strong style="color:hsl(41,84%,41.163999978976825%)"><small>☆</small><span class="username" data-name="Parnstar">Parnstar</span>:</strong> <em>Gg</em></div><div class="chat chatmessage-parnstar"><strong style="color:hsl(41,84%,41.163999978976825%)"><small>☆</small><span class="username" data-name="Parnstar">Parnstar</span>:</strong> <em>Different team.</em></div><div class="spacer battle-history"><br></div><div class="battle-history">The opposing Ash could of caugh used <strong>Extreme Speed</strong>!<br></div><div class="battle-history"><small>(Zangoose lost <abbr title="−34/287">11.8%</abbr> of its health!)</small><br></div><div class="spacer battle-history"><br></div><div class="battle-history">Zangoose fainted!<br></div><div class="spacer battle-history"><br></div><div class="battle-history"><strong>Parnstar</strong> won the battle!<br></div><div class="chat">Chief Time's rating: 1098 → <strong>1090</strong><br>(-8 for losing)</div><div class="chat">Parnstar's rating: 1386 → <strong>1392</strong><br>(+6 for winning)</div><div class="chat chatmessage-chieftime"><strong style="color:hsl(124,60%,41.26854202134017%)"><small>☆</small><span class="username" data-name="Chief Time">Chief Time</span>:</strong> <em>What is that suppose to mean, punk!</em></div><div class="chat chatmessage-parnstar"><strong style="color:hsl(41,84%,41.163999978976825%)"><small>☆</small><span class="username" data-name="Parnstar">Parnstar</span>:</strong> <em>Your dad.</em></div><div class="chat chatmessage-chieftime"><strong style="color:hsl(124,60%,41.26854202134017%)"><small>☆</small><span class="username" data-name="Chief Time">Chief Time</span>:</strong> <em>What about him?</em></div><div class="chat chatmessage-parnstar"><strong style="color:hsl(41,84%,41.163999978976825%)"><small>☆</small><span class="username" data-name="Parnstar">Parnstar</span>:</strong> <em>Is a punk</em></div><div class="chat chatmessage-chieftime"><strong style="color:hsl(124,60%,41.26854202134017%)"><small>☆</small><span class="username" data-name="Chief Time">Chief Time</span>:</strong> <em>Who's a punk?</em></div><div class="chat chatmessage-parnstar"><strong style="color:hsl(41,84%,41.163999978976825%)"><small>☆</small><span class="username" data-name="Parnstar">Parnstar</span>:</strong> <em>Your dad</em></div><div class="chat chatmessage-chieftime"><strong style="color:hsl(124,60%,41.26854202134017%)"><small>☆</small><span class="username" data-name="Chief Time">Chief Time</span>:</strong> <em>What about my dad?</em></div><div class="chat chatmessage-parnstar"><strong style="color:hsl(41,84%,41.163999978976825%)"><small>☆</small><span class="username" data-name="Parnstar">Parnstar</span>:</strong> <em>What about your dad?</em></div><div class="chat"><small>Chief Time left.</small></div></div><div class="inner-preempt"></div></div></div>
</div>
<script>
let daily = Math.floor(Date.now()/1000/60/60/24);document.write('<script src="https://play.pokemonshowdown.com/js/replay-embed.js?version'+daily+'"></'+'script>');
</script>
