<!DOCTYPE html>
<meta charset="utf-8" />
<!-- version 1 -->
<title>UU replay: jffj vs. parnstar</title>
<style>
html,body {font-family:Verdana, sans-serif;font-size:10pt;margin:0;padding:0;}body{padding:12px 0;} .battle-log {font-family:Verdana, sans-serif;font-size:10pt;} .battle-log-inline {border:1px solid #AAAAAA;background:#EEF2F5;color:black;max-width:640px;margin:0 auto 80px;padding-bottom:5px;} .battle-log .inner {padding:4px 8px 0px 8px;} .battle-log .inner-preempt {padding:0 8px 4px 8px;} .battle-log .inner-after {margin-top:0.5em;} .battle-log h2 {margin:0.5em -8px;padding:4px 8px;border:1px solid #AAAAAA;background:#E0E7EA;border-left:0;border-right:0;font-family:Verdana, sans-serif;font-size:13pt;} .battle-log .chat {vertical-align:middle;padding:3px 0 3px 0;font-size:8pt;} .battle-log .chat strong {color:#40576A;} .battle-log .chat em {padding:1px 4px 1px 3px;color:#000000;font-style:normal;} .chat.mine {background:rgba(0,0,0,0.05);margin-left:-8px;margin-right:-8px;padding-left:8px;padding-right:8px;} .spoiler {color:#BBBBBB;background:#BBBBBB;padding:0px 3px;} .spoiler:hover, .spoiler:active, .spoiler-shown {color:#000000;background:#E2E2E2;padding:0px 3px;} .spoiler a {color:#BBBBBB;} .spoiler:hover a, .spoiler:active a, .spoiler-shown a {color:#2288CC;} .chat code, .chat .spoiler:hover code, .chat .spoiler:active code, .chat .spoiler-shown code {border:1px solid #C0C0C0;background:#EEEEEE;color:black;padding:0 2px;} .chat .spoiler code {border:1px solid #CCCCCC;background:#CCCCCC;color:#CCCCCC;} .battle-log .rated {padding:3px 4px;} .battle-log .rated strong {color:white;background:#89A;padding:1px 4px;border-radius:4px;} .spacer {margin-top:0.5em;} .message-announce {background:#6688AA;color:white;padding:1px 4px 2px;} .message-announce a, .broadcast-green a, .broadcast-blue a, .broadcast-red a {color:#DDEEFF;} .broadcast-green {background-color:#559955;color:white;padding:2px 4px;} .broadcast-blue {background-color:#6688AA;color:white;padding:2px 4px;} .infobox {border:1px solid #6688AA;padding:2px 4px;} .infobox-limited {max-height:200px;overflow:auto;overflow-x:hidden;} .broadcast-red {background-color:#AA5544;color:white;padding:2px 4px;} .message-learn-canlearn {font-weight:bold;color:#228822;text-decoration:underline;} .message-learn-cannotlearn {font-weight:bold;color:#CC2222;text-decoration:underline;} .message-effect-weak {font-weight:bold;color:#CC2222;} .message-effect-resist {font-weight:bold;color:#6688AA;} .message-effect-immune {font-weight:bold;color:#666666;} .message-learn-list {margin-top:0;margin-bottom:0;} .message-throttle-notice, .message-error {color:#992222;} .message-overflow, .chat small.message-overflow {font-size:0pt;} .message-overflow::before {font-size:9pt;content:'...';} .subtle {color:#3A4A66;}
</style>
<div class="wrapper replay-wrapper" style="max-width:1180px;margin:0 auto">
<input type="hidden" name="replayid" value="uu-577016619" />
<div class="battle"></div><div class="battle-log"></div><div class="replay-controls"></div><div class="replay-controls-2"></div>
<h1 style="font-weight:normal;text-align:center"><strong>UU</strong><br /><a href="http://pokemonshowdown.com/users/jffj" class="subtle" target="_blank">jffj</a> vs. <a href="http://pokemonshowdown.com/users/parnstar" class="subtle" target="_blank">parnstar</a></h1>
<script type="text/plain" class="battle-log-data">|j|jffj
|j|parnstar
|player|p1|jffj|157
|player|p2|parnstar|102
|gametype|singles
|gen|6
|tier|UU
|rated
|seed|54438,57688,31553,19889
|rule|Sleep Clause Mod: Limit one foe put to sleep
|rule|Species Clause: Limit one of each Pokémon
|rule|OHKO Clause: OHKO moves are banned
|rule|Moody Clause: Moody is banned
|rule|Evasion Moves Clause: Evasion moves are banned
|rule|Endless Battle Clause: Forcing endless battles is banned
|rule|HP Percentage Mod: HP is shown in percentages
|clearpoke
|poke|p1|Florges-White, F, shiny|item
|poke|p1|Milotic, F|item
|poke|p1|Kingdra, M, shiny|item
|poke|p1|Gardevoir, F|item
|poke|p1|Froslass, F|item
|poke|p1|Conkeldurr, F|item
|poke|p2|Mandibuzz, F|item
|poke|p2|Tentacruel, M|item
|poke|p2|Whimsicott, M|item
|poke|p2|Entei, shiny|item
|poke|p2|Machamp, M|item
|poke|p2|Porygon-Z|item
|rule|Swagger Clause: Swagger is banned
|rule|Baton Pass Clause: Limit one Baton Passer, can't pass Spe and other stats simultaneously
|teampreview
|choice|team 5, team 2, team 3, team 4, team 1, team 6|team 4, team 2, team 3, team 1, team 5, team 6
|
|start
|switch|p1a: Froslass|Froslass, F|344\/344
|switch|p2a: Entei|Entei, shiny|371\/371
|-ability|p2a: Entei|Pressure
|turn|1
|choice|move spikes|move sacredfire
|
|move|p1a: Froslass|Spikes|p2a: Entei
|-sidestart|p2: parnstar|Spikes
|move|p2a: Entei|Sacred Fire|p1a: Froslass
|-supereffective|p1a: Froslass
|-enditem|p1a: Froslass|Focus Sash
|-damage|p1a: Froslass|1\/344
|-status|p1a: Froslass|brn
|
|-damage|p1a: Froslass|0 fnt|[from] brn
|upkeep
|faint|p1a: Froslass
|choice|switch 2|
|
|switch|p1a: Milotic|Milotic, F|394\/394
|turn|2
|choice|move scald|switch 2
|
|switch|p2a: Tentacruel|Tentacruel, M|301\/301
|-damage|p2a: Tentacruel|264\/301|[from] spikes
|move|p1a: Milotic|Scald|p2a: Tentacruel
|-resisted|p2a: Tentacruel
|-damage|p2a: Tentacruel|225\/301
|
|-heal|p2a: Tentacruel|243\/301|[from] item: Black Sludge
|upkeep
|turn|3
|choice|move scald|move acidspray
|
|move|p2a: Tentacruel|Acid Spray|p1a: Milotic
|-damage|p1a: Milotic|351\/394
|-unboost|p1a: Milotic|spd|2
|move|p1a: Milotic|Scald|p2a: Tentacruel
|-resisted|p2a: Tentacruel
|-crit|p2a: Tentacruel
|-damage|p2a: Tentacruel|182\/301
|
|-heal|p2a: Tentacruel|200\/301|[from] item: Black Sludge
|-heal|p1a: Milotic|375\/394|[from] item: Leftovers
|upkeep
|turn|4
|choice|move scald|move sludgewave
|
|move|p2a: Tentacruel|Sludge Wave|p1a: Milotic
|-damage|p1a: Milotic|182\/394
|move|p1a: Milotic|Scald|p2a: Tentacruel
|-resisted|p2a: Tentacruel
|-damage|p2a: Tentacruel|156\/301
|
|-heal|p2a: Tentacruel|174\/301|[from] item: Black Sludge
|-heal|p1a: Milotic|206\/394|[from] item: Leftovers
|upkeep
|turn|5
|choice|move haze|move acidspray
|
|move|p2a: Tentacruel|Acid Spray|p1a: Milotic
|-damage|p1a: Milotic|122\/394
|-unboost|p1a: Milotic|spd|2
|move|p1a: Milotic|Haze|p1a: Milotic
|-clearallboost
|
|-heal|p2a: Tentacruel|192\/301|[from] item: Black Sludge
|-heal|p1a: Milotic|146\/394|[from] item: Leftovers
|upkeep
|turn|6
|choice|move recover|move acidspray
|
|move|p2a: Tentacruel|Acid Spray|p1a: Milotic
|-damage|p1a: Milotic|103\/394
|-unboost|p1a: Milotic|spd|2
|move|p1a: Milotic|Recover|p1a: Milotic
|-heal|p1a: Milotic|300\/394
|
|-heal|p2a: Tentacruel|210\/301|[from] item: Black Sludge
|-heal|p1a: Milotic|324\/394|[from] item: Leftovers
|upkeep
|turn|7
|choice|move scald|move rapidspin
|
|move|p2a: Tentacruel|Rapid Spin|p1a: Milotic
|-crit|p1a: Milotic
|-damage|p1a: Milotic|313\/394
|-sideend|p2: parnstar|spikes|[from] move: Rapid Spin|[of] p2a: Tentacruel
|move|p1a: Milotic|Scald|p2a: Tentacruel
|-resisted|p2a: Tentacruel
|-crit|p2a: Tentacruel
|-damage|p2a: Tentacruel|147\/301
|
|-heal|p2a: Tentacruel|165\/301|[from] item: Black Sludge
|-heal|p1a: Milotic|337\/394|[from] item: Leftovers
|upkeep
|turn|8
|choice|move scald|move acidspray
|
|move|p2a: Tentacruel|Acid Spray|p1a: Milotic
|-damage|p1a: Milotic|249\/394
|-unboost|p1a: Milotic|spd|2
|move|p1a: Milotic|Scald|p2a: Tentacruel
|-resisted|p2a: Tentacruel
|-damage|p2a: Tentacruel|121\/301
|
|-heal|p2a: Tentacruel|139\/301|[from] item: Black Sludge
|-heal|p1a: Milotic|273\/394|[from] item: Leftovers
|upkeep
|turn|9
|choice|switch 3|move sludgewave
|
|switch|p1a: Kingdra|Kingdra, M, shiny|291\/291
|move|p2a: Tentacruel|Sludge Wave|p1a: Kingdra
|-damage|p1a: Kingdra|153\/291
|
|-heal|p2a: Tentacruel|157\/301|[from] item: Black Sludge
|upkeep
|turn|10
|choice|move focusenergy|move acidspray
|
|move|p2a: Tentacruel|Acid Spray|p1a: Kingdra
|-damage|p1a: Kingdra|99\/291
|-unboost|p1a: Kingdra|spd|2
|move|p1a: Kingdra|Focus Energy|p1a: Kingdra
|-start|p1a: Kingdra|move: Focus Energy
|
|-heal|p2a: Tentacruel|175\/301|[from] item: Black Sludge
|upkeep
|turn|11
|choice|switch 4|move sludgewave
|
|switch|p1a: Gardevoir|Gardevoir, F|277\/277
|-ability|p1a: Gardevoir|Liquid Ooze|[from] ability: Trace|[of] p2a: Tentacruel
|move|p2a: Tentacruel|Sludge Wave|p1a: Gardevoir
|-supereffective|p1a: Gardevoir
|-damage|p1a: Gardevoir|61\/277
|
|-heal|p2a: Tentacruel|193\/301|[from] item: Black Sludge
|upkeep
|turn|12
|choice|move moonblast|switch 2
|
|switch|p2a: Entei|Entei, shiny|371\/371
|-ability|p2a: Entei|Pressure
|move|p1a: Gardevoir|Moonblast|p2a: Entei
|-resisted|p2a: Entei
|-damage|p2a: Entei|263\/371
|
|upkeep
|turn|13
|choice|switch 3|move bulldoze
|
|switch|p1a: Milotic|Milotic, F|273\/394
|move|p2a: Entei|Bulldoze|p1a: Milotic
|-damage|p1a: Milotic|207\/394
|-unboost|p1a: Milotic|spe|1
|
|-heal|p1a: Milotic|231\/394|[from] item: Leftovers
|upkeep
|turn|14
|choice|move scald|switch 2
|
|switch|p2a: Tentacruel|Tentacruel, M|193\/301
|move|p1a: Milotic|Scald|p2a: Tentacruel
|-resisted|p2a: Tentacruel
|-damage|p2a: Tentacruel|150\/301
|-status|p2a: Tentacruel|brn
|
|-heal|p2a: Tentacruel|168\/301 brn|[from] item: Black Sludge
|-heal|p1a: Milotic|255\/394|[from] item: Leftovers
|-damage|p2a: Tentacruel|131\/301 brn|[from] brn
|upkeep
|turn|15
|choice|move recover|move sludgewave
|
|move|p2a: Tentacruel|Sludge Wave|p1a: Milotic
|-damage|p1a: Milotic|153\/394
|-status|p1a: Milotic|psn
|move|p1a: Milotic|Recover|p1a: Milotic
|-heal|p1a: Milotic|350\/394 psn
|
|-heal|p2a: Tentacruel|149\/301 brn|[from] item: Black Sludge
|-heal|p1a: Milotic|374\/394 psn|[from] item: Leftovers
|-damage|p2a: Tentacruel|112\/301 brn|[from] brn
|-damage|p1a: Milotic|325\/394 psn|[from] psn
|upkeep
|turn|16
|choice|move scald|move acidspray
|
|move|p2a: Tentacruel|Acid Spray|p1a: Milotic
|-damage|p1a: Milotic|285\/394 psn
|-unboost|p1a: Milotic|spd|2
|move|p1a: Milotic|Scald|p2a: Tentacruel
|-resisted|p2a: Tentacruel
|-damage|p2a: Tentacruel|70\/301 brn
|
|-heal|p2a: Tentacruel|88\/301 brn|[from] item: Black Sludge
|-heal|p1a: Milotic|309\/394 psn|[from] item: Leftovers
|-damage|p2a: Tentacruel|51\/301 brn|[from] brn
|-damage|p1a: Milotic|260\/394 psn|[from] psn
|upkeep
|turn|17
|choice|move scald|move sludgewave
|
|move|p2a: Tentacruel|Sludge Wave|p1a: Milotic
|-damage|p1a: Milotic|41\/394 psn
|move|p1a: Milotic|Scald|p2a: Tentacruel
|-resisted|p2a: Tentacruel
|-damage|p2a: Tentacruel|12\/301 brn
|
|-heal|p2a: Tentacruel|30\/301 brn|[from] item: Black Sludge
|-heal|p1a: Milotic|65\/394 psn|[from] item: Leftovers
|-damage|p2a: Tentacruel|0 fnt|[from] brn
|-damage|p1a: Milotic|16\/394 psn|[from] psn
|upkeep
|faint|p2a: Tentacruel
|choice||switch 2
|
|switch|p2a: Entei|Entei, shiny|263\/371
|-ability|p2a: Entei|Pressure
|turn|18
|choice|switch 6|move bulldoze
|
|switch|p1a: Conkeldurr|Conkeldurr, F|351\/351
|move|p2a: Entei|Bulldoze|p1a: Conkeldurr
|-damage|p1a: Conkeldurr|270\/351
|-unboost|p1a: Conkeldurr|spe|1
|
|upkeep
|turn|19
|choice|move knockoff|move sacredfire
|
|move|p2a: Entei|Sacred Fire|p1a: Conkeldurr
|-damage|p1a: Conkeldurr|35\/351
|-status|p1a: Conkeldurr|brn
|move|p1a: Conkeldurr|Knock Off|p2a: Entei
|-crit|p2a: Entei
|-damage|p2a: Entei|0 fnt
|-enditem|p2a: Entei|Charcoal|[from] move: Knock Off|[of] p1a: Conkeldurr
|faint|p2a: Entei
|
|-damage|p1a: Conkeldurr|0 fnt|[from] brn
|upkeep
|faint|p1a: Conkeldurr
|choice|switch 3|switch 6
|
|switch|p1a: Gardevoir|Gardevoir, F|61\/277
|switch|p2a: Porygon-Z|Porygon-Z|311\/311
|-ability|p1a: Gardevoir|Adaptability|[from] ability: Trace|[of] p2a: Porygon-Z
|turn|20
|choice|move healingwish|move icebeam
|
|move|p1a: Gardevoir|Healing Wish|p1a: Gardevoir
|faint|p1a: Gardevoir
|move|p2a: Porygon-Z|Ice Beam|p1: Gardevoir|[notarget]
|-notarget
|
|upkeep
|choice|switch 6|
|
|switch|p1a: Milotic|Milotic, F|16\/394 psn
|-heal|p1a: Milotic|394\/394|[from] move: Healing Wish
|turn|21
|choice|move scald|switch 3
|
|switch|p2a: Whimsicott|Whimsicott, M|261\/261
|move|p1a: Milotic|Scald|p2a: Whimsicott
|-resisted|p2a: Whimsicott
|-damage|p2a: Whimsicott|199\/261
|
|upkeep
|turn|22
|choice|move icebeam|move moonblast
|
|move|p2a: Whimsicott|Moonblast|p1a: Milotic
|-damage|p1a: Milotic|267\/394
|move|p1a: Milotic|Ice Beam|p2a: Whimsicott
|-supereffective|p2a: Whimsicott
|-damage|p2a: Whimsicott|31\/261
|
|-heal|p1a: Milotic|291\/394|[from] item: Leftovers
|upkeep
|turn|23
|choice|move icebeam|move gigadrain
|
|move|p2a: Whimsicott|Giga Drain|p1a: Milotic
|-supereffective|p1a: Milotic
|-damage|p1a: Milotic|139\/394
|-heal|p2a: Whimsicott|107\/261|[from] drain|[of] p1a: Milotic
|move|p1a: Milotic|Ice Beam|p2a: Whimsicott
|-supereffective|p2a: Whimsicott
|-damage|p2a: Whimsicott|0 fnt
|faint|p2a: Whimsicott
|
|-heal|p1a: Milotic|163\/394|[from] item: Leftovers
|upkeep
|choice||switch 3
|
|switch|p2a: Porygon-Z|Porygon-Z|311\/311
|turn|24
|choice|switch 5|move uproar
|
|switch|p1a: Florges|Florges-White, F, shiny|360\/360
|move|p2a: Porygon-Z|Uproar|p1a: Florges
|-damage|p1a: Florges|102\/360
|-start|p2a: Porygon-Z|Uproar
|
|-start|p2a: Porygon-Z|Uproar|[upkeep]
|-heal|p1a: Florges|124\/360|[from] item: Leftovers
|upkeep
|turn|25
|c|☆parnstar|ouch!
|choice|move protect|move uproar
|
|move|p1a: Florges|Protect|p1a: Florges
|-singleturn|p1a: Florges|Protect
|move|p2a: Porygon-Z|Uproar|p1a: Florges|[from]lockedmove
|-activate|p1a: Florges|move: Protect
|
|-start|p2a: Porygon-Z|Uproar|[upkeep]
|-heal|p1a: Florges|146\/360|[from] item: Leftovers
|upkeep
|turn|26
|choice|switch 5|move uproar
|
|switch|p1a: Milotic|Milotic, F|163\/394
|move|p2a: Porygon-Z|Uproar|p1a: Milotic|[from]lockedmove
|-damage|p1a: Milotic|0 fnt
|faint|p1a: Milotic
|
|-end|p2a: Porygon-Z|Uproar
|upkeep
|choice|switch 4|
|
|switch|p1a: Kingdra|Kingdra, M, shiny|99\/291
|turn|27
|choice|move agility|move uproar
|
|move|p2a: Porygon-Z|Uproar|p1a: Kingdra
|-damage|p1a: Kingdra|0 fnt
|-start|p2a: Porygon-Z|Uproar
|faint|p1a: Kingdra
|
|-start|p2a: Porygon-Z|Uproar|[upkeep]
|upkeep
|choice|switch 5|
|
|switch|p1a: Florges|Florges-White, F, shiny|146\/360
|turn|28
|choice|move wish|move uproar
|
|move|p2a: Porygon-Z|Uproar|p1a: Florges|[from]lockedmove
|-damage|p1a: Florges|0 fnt
|faint|p1a: Florges
|
|win|parnstar
|raw|jffj's rating: 1055 &rarr; <strong>1046<\/strong><br \/>(-9 for losing)
|raw|parnstar's rating: 1246 &rarr; <strong>1258<\/strong><br \/>(+12 for winning)
|c|☆parnstar|gg
|c|☆jffj|gg</script>
</div>
<div class="battle-log battle-log-inline"><div class="inner"><div class="battle-options"></div><div class="inner"><div class="chat"><small>jffj joined.</small></div><div class="chat"><small>parnstar joined.</small></div><div class=""><small>Format:</small> <br><strong>UU</strong></div><div class="rated"><strong>Rated battle</strong></div><div class=""><small><em>Sleep Clause Mod:</em> Limit one foe put to sleep</small></div><div class=""><small><em>Species Clause:</em> Limit one of each Pokémon</small></div><div class=""><small><em>OHKO Clause:</em> OHKO moves are banned</small></div><div class=""><small><em>Moody Clause:</em> Moody is banned</small></div><div class=""><small><em>Evasion Moves Clause:</em> Evasion moves are banned</small></div><div class=""><small><em>Endless Battle Clause:</em> Forcing endless battles is banned</small></div><div class=""><small><em>HP Percentage Mod:</em> HP is shown in percentages</small></div><div class=""><small><em>Swagger Clause:</em> Swagger is banned</small></div><div class=""><small><em>Baton Pass Clause:</em> Limit one Baton Passer, can't pass Spe and other stats simultaneously</small></div><div class="chat battle-history"><strong>jffj's team:</strong> <em style="color:#445566;display:block;">Florges-White / Milotic / Kingdra / Gardevoir / Froslass / Conkeldurr</em></div><div class="chat battle-history"><strong>parnstar's team:</strong> <em style="color:#445566;display:block;">Mandibuzz / Tentacruel / Whimsicott / Entei / Machamp / Porygon-Z</em></div><div class="spacer battle-history"><br></div><div class="battle-history">Battle started between jffj and parnstar!<br></div><div class="spacer battle-history"><br></div><div class="battle-history">Go! <strong>Froslass</strong>!<br></div><div class="spacer battle-history"><br></div><div class="battle-history">parnstar sent out <strong>Entei</strong>!<br></div><div class="battle-history"><small>[The opposing Entei's Pressure]</small><br><small>The opposing Entei is exerting its pressure!</small><br></div><div class="spacer battle-history"><br></div><h2 class="battle-history">Turn 1</h2><div class="spacer battle-history"><br></div><div class="battle-history">Froslass used <strong>Spikes</strong>!<br></div><div class="battle-history"><small>Spikes were scattered on the ground all around the opposing team!</small><br></div><div class="spacer battle-history"><br></div><div class="battle-history">The opposing Entei used <strong>Sacred Fire</strong>!<br></div><div class="battle-history"><small>It's super effective!</small><br></div><div class="battle-history"><small>Froslass hung on using its Focus Sash!</small><br></div><div class="battle-history"><small>(Froslass lost <abbr title="−343/344">99.7%</abbr> of its health!)</small><br></div><div class="battle-history"><small>Froslass was burned!</small><br></div><div class="spacer battle-history"><br></div><div class="battle-history"><small>Froslass was hurt by its burn!</small><br></div><div class="spacer battle-history"><br></div><div class="battle-history">Froslass fainted!<br></div><div class="spacer battle-history"><br></div><div class="battle-history">Go! <strong>Milotic</strong>!<br></div><div class="spacer battle-history"><br></div><h2 class="battle-history">Turn 2</h2><div class="spacer battle-history"><br></div><div class="battle-history">parnstar withdrew Entei!<br></div><div class="battle-history">parnstar sent out <strong>Tentacruel</strong>!<br></div><div class="battle-history"><small>The opposing Tentacruel is hurt by the spikes!</small><br></div><div class="spacer battle-history"><br></div><div class="battle-history">Milotic used <strong>Scald</strong>!<br></div><div class="battle-history"><small>It's not very effective...</small><br></div><div class="battle-history"><small>(The opposing Tentacruel lost <abbr title="−39/301">13.0%</abbr> of its health!)</small><br></div><div class="spacer battle-history"><br></div><div class="battle-history"><small>The opposing Tentacruel restored a little HP using its Black Sludge!</small><br></div><div class="spacer battle-history"><br></div><h2 class="battle-history">Turn 3</h2><div class="spacer battle-history"><br></div><div class="battle-history">The opposing Tentacruel used <strong>Acid Spray</strong>!<br></div><div class="battle-history"><small>(Milotic lost <abbr title="−43/394">10.9%</abbr> of its health!)</small><br></div><div class="battle-history"><small>Milotic's Special Defense fell harshly!</small><br></div><div class="spacer battle-history"><br></div><div class="battle-history">Milotic used <strong>Scald</strong>!<br></div><div class="battle-history"><small>It's not very effective...</small><br></div><div class="battle-history"><small>A critical hit!</small><br></div><div class="battle-history"><small>(The opposing Tentacruel lost <abbr title="−61/301">20.3%</abbr> of its health!)</small><br></div><div class="spacer battle-history"><br></div><div class="battle-history"><small>The opposing Tentacruel restored a little HP using its Black Sludge!</small><br></div><div class="battle-history"><small>Milotic restored a little HP using its Leftovers!</small><br></div><div class="spacer battle-history"><br></div><h2 class="battle-history">Turn 4</h2><div class="spacer battle-history"><br></div><div class="battle-history">The opposing Tentacruel used <strong>Sludge Wave</strong>!<br></div><div class="battle-history"><small>(Milotic lost <abbr title="−193/394">49.0%</abbr> of its health!)</small><br></div><div class="spacer battle-history"><br></div><div class="battle-history">Milotic used <strong>Scald</strong>!<br></div><div class="battle-history"><small>It's not very effective...</small><br></div><div class="battle-history"><small>(The opposing Tentacruel lost <abbr title="−44/301">14.6%</abbr> of its health!)</small><br></div><div class="spacer battle-history"><br></div><div class="battle-history"><small>The opposing Tentacruel restored a little HP using its Black Sludge!</small><br></div><div class="battle-history"><small>Milotic restored a little HP using its Leftovers!</small><br></div><div class="spacer battle-history"><br></div><h2 class="battle-history">Turn 5</h2><div class="spacer battle-history"><br></div><div class="battle-history">The opposing Tentacruel used <strong>Acid Spray</strong>!<br></div><div class="battle-history"><small>(Milotic lost <abbr title="−84/394">21.3%</abbr> of its health!)</small><br></div><div class="battle-history"><small>Milotic's Special Defense fell harshly!</small><br></div><div class="spacer battle-history"><br></div><div class="battle-history">Milotic used <strong>Haze</strong>!<br></div><div class="battle-history"><small>All stat changes were eliminated!</small><br></div><div class="spacer battle-history"><br></div><div class="battle-history"><small>The opposing Tentacruel restored a little HP using its Black Sludge!</small><br></div><div class="battle-history"><small>Milotic restored a little HP using its Leftovers!</small><br></div><div class="spacer battle-history"><br></div><h2 class="battle-history">Turn 6</h2><div class="spacer battle-history"><br></div><div class="battle-history">The opposing Tentacruel used <strong>Acid Spray</strong>!<br></div><div class="battle-history"><small>(Milotic lost <abbr title="−43/394">10.9%</abbr> of its health!)</small><br></div><div class="battle-history"><small>Milotic's Special Defense fell harshly!</small><br></div><div class="spacer battle-history"><br></div><div class="battle-history">Milotic used <strong>Recover</strong>!<br></div><div class="battle-history"><small>Milotic restored its HP.</small><br></div><div class="spacer battle-history"><br></div><div class="battle-history"><small>The opposing Tentacruel restored a little HP using its Black Sludge!</small><br></div><div class="battle-history"><small>Milotic restored a little HP using its Leftovers!</small><br></div><div class="spacer battle-history"><br></div><h2 class="battle-history">Turn 7</h2><div class="spacer battle-history"><br></div><div class="battle-history">The opposing Tentacruel used <strong>Rapid Spin</strong>!<br></div><div class="battle-history"><small>A critical hit!</small><br></div><div class="battle-history"><small>(Milotic lost <abbr title="−11/394">2.8%</abbr> of its health!)</small><br></div><div class="battle-history"><small>The spikes disappeared from the ground around the opposing team!</small><br></div><div class="spacer battle-history"><br></div><div class="battle-history">Milotic used <strong>Scald</strong>!<br></div><div class="battle-history"><small>It's not very effective...</small><br></div><div class="battle-history"><small>A critical hit!</small><br></div><div class="battle-history"><small>(The opposing Tentacruel lost <abbr title="−63/301">20.9%</abbr> of its health!)</small><br></div><div class="spacer battle-history"><br></div><div class="battle-history"><small>The opposing Tentacruel restored a little HP using its Black Sludge!</small><br></div><div class="battle-history"><small>Milotic restored a little HP using its Leftovers!</small><br></div><div class="spacer battle-history"><br></div><h2 class="battle-history">Turn 8</h2><div class="spacer battle-history"><br></div><div class="battle-history">The opposing Tentacruel used <strong>Acid Spray</strong>!<br></div><div class="battle-history"><small>(Milotic lost <abbr title="−88/394">22.3%</abbr> of its health!)</small><br></div><div class="battle-history"><small>Milotic's Special Defense fell harshly!</small><br></div><div class="spacer battle-history"><br></div><div class="battle-history">Milotic used <strong>Scald</strong>!<br></div><div class="battle-history"><small>It's not very effective...</small><br></div><div class="battle-history"><small>(The opposing Tentacruel lost <abbr title="−44/301">14.6%</abbr> of its health!)</small><br></div><div class="spacer battle-history"><br></div><div class="battle-history"><small>The opposing Tentacruel restored a little HP using its Black Sludge!</small><br></div><div class="battle-history"><small>Milotic restored a little HP using its Leftovers!</small><br></div><div class="spacer battle-history"><br></div><h2 class="battle-history">Turn 9</h2><div class="spacer battle-history"><br></div><div class="battle-history">Milotic, come back!<br></div><div class="battle-history">Go! <strong>Kingdra</strong>!<br></div><div class="spacer battle-history"><br></div><div class="battle-history">The opposing Tentacruel used <strong>Sludge Wave</strong>!<br></div><div class="battle-history"><small>(Kingdra lost <abbr title="−138/291">47.4%</abbr> of its health!)</small><br></div><div class="spacer battle-history"><br></div><div class="battle-history"><small>The opposing Tentacruel restored a little HP using its Black Sludge!</small><br></div><div class="spacer battle-history"><br></div><h2 class="battle-history">Turn 10</h2><div class="spacer battle-history"><br></div><div class="battle-history">The opposing Tentacruel used <strong>Acid Spray</strong>!<br></div><div class="battle-history"><small>(Kingdra lost <abbr title="−54/291">18.6%</abbr> of its health!)</small><br></div><div class="battle-history"><small>Kingdra's Special Defense fell harshly!</small><br></div><div class="spacer battle-history"><br></div><div class="battle-history">Kingdra used <strong>Focus Energy</strong>!<br></div><div class="battle-history"><small>Kingdra is getting pumped!</small><br></div><div class="spacer battle-history"><br></div><div class="battle-history"><small>The opposing Tentacruel restored a little HP using its Black Sludge!</small><br></div><div class="spacer battle-history"><br></div><h2 class="battle-history">Turn 11</h2><div class="spacer battle-history"><br></div><div class="battle-history">Kingdra, come back!<br></div><div class="battle-history">Go! <strong>Gardevoir</strong>!<br></div><div class="battle-history"><small>[Gardevoir's Trace]</small><br><small>[Gardevoir's Liquid Ooze]</small><br><small>Gardevoir traced the opposing Tentacruel's Liquid Ooze!</small><br></div><div class="spacer battle-history"><br></div><div class="battle-history">The opposing Tentacruel used <strong>Sludge Wave</strong>!<br></div><div class="battle-history"><small>It's super effective!</small><br></div><div class="battle-history"><small>(Gardevoir lost <abbr title="−216/277">78.0%</abbr> of its health!)</small><br></div><div class="spacer battle-history"><br></div><div class="battle-history"><small>The opposing Tentacruel restored a little HP using its Black Sludge!</small><br></div><div class="spacer battle-history"><br></div><h2 class="battle-history">Turn 12</h2><div class="spacer battle-history"><br></div><div class="battle-history">parnstar withdrew Tentacruel!<br></div><div class="battle-history">parnstar sent out <strong>Entei</strong>!<br></div><div class="battle-history"><small>[The opposing Entei's Pressure]</small><br><small>The opposing Entei is exerting its pressure!</small><br></div><div class="spacer battle-history"><br></div><div class="battle-history">Gardevoir used <strong>Moonblast</strong>!<br></div><div class="battle-history"><small>It's not very effective...</small><br></div><div class="battle-history"><small>(The opposing Entei lost <abbr title="−108/371">29.1%</abbr> of its health!)</small><br></div><div class="spacer battle-history"><br></div><h2 class="battle-history">Turn 13</h2><div class="spacer battle-history"><br></div><div class="battle-history">Gardevoir, come back!<br></div><div class="battle-history">Go! <strong>Milotic</strong>!<br></div><div class="spacer battle-history"><br></div><div class="battle-history">The opposing Entei used <strong>Bulldoze</strong>!<br></div><div class="battle-history"><small>(Milotic lost <abbr title="−66/394">16.8%</abbr> of its health!)</small><br></div><div class="battle-history"><small>Milotic's Speed fell!</small><br></div><div class="spacer battle-history"><br></div><div class="battle-history"><small>Milotic restored a little HP using its Leftovers!</small><br></div><div class="spacer battle-history"><br></div><h2 class="battle-history">Turn 14</h2><div class="spacer battle-history"><br></div><div class="battle-history">parnstar withdrew Entei!<br></div><div class="battle-history">parnstar sent out <strong>Tentacruel</strong>!<br></div><div class="spacer battle-history"><br></div><div class="battle-history">Milotic used <strong>Scald</strong>!<br></div><div class="battle-history"><small>It's not very effective...</small><br></div><div class="battle-history"><small>(The opposing Tentacruel lost <abbr title="−43/301">14.3%</abbr> of its health!)</small><br></div><div class="battle-history"><small>The opposing Tentacruel was burned!</small><br></div><div class="spacer battle-history"><br></div><div class="battle-history"><small>The opposing Tentacruel restored a little HP using its Black Sludge!</small><br></div><div class="battle-history"><small>Milotic restored a little HP using its Leftovers!</small><br></div><div class="battle-history"><small>The opposing Tentacruel was hurt by its burn!</small><br></div><div class="spacer battle-history"><br></div><h2 class="battle-history">Turn 15</h2><div class="spacer battle-history"><br></div><div class="battle-history">The opposing Tentacruel used <strong>Sludge Wave</strong>!<br></div><div class="battle-history"><small>(Milotic lost <abbr title="−102/394">25.9%</abbr> of its health!)</small><br></div><div class="battle-history"><small>Milotic was poisoned!</small><br></div><div class="spacer battle-history"><br></div><div class="battle-history">Milotic used <strong>Recover</strong>!<br></div><div class="battle-history"><small>Milotic restored its HP.</small><br></div><div class="spacer battle-history"><br></div><div class="battle-history"><small>The opposing Tentacruel restored a little HP using its Black Sludge!</small><br></div><div class="battle-history"><small>Milotic restored a little HP using its Leftovers!</small><br></div><div class="battle-history"><small>The opposing Tentacruel was hurt by its burn!</small><br></div><div class="battle-history"><small>Milotic was hurt by poison!</small><br></div><div class="spacer battle-history"><br></div><h2 class="battle-history">Turn 16</h2><div class="spacer battle-history"><br></div><div class="battle-history">The opposing Tentacruel used <strong>Acid Spray</strong>!<br></div><div class="battle-history"><small>(Milotic lost <abbr title="−40/394">10.2%</abbr> of its health!)</small><br></div><div class="battle-history"><small>Milotic's Special Defense fell harshly!</small><br></div><div class="spacer battle-history"><br></div><div class="battle-history">Milotic used <strong>Scald</strong>!<br></div><div class="battle-history"><small>It's not very effective...</small><br></div><div class="battle-history"><small>(The opposing Tentacruel lost <abbr title="−42/301">14.0%</abbr> of its health!)</small><br></div><div class="spacer battle-history"><br></div><div class="battle-history"><small>The opposing Tentacruel restored a little HP using its Black Sludge!</small><br></div><div class="battle-history"><small>Milotic restored a little HP using its Leftovers!</small><br></div><div class="battle-history"><small>The opposing Tentacruel was hurt by its burn!</small><br></div><div class="battle-history"><small>Milotic was hurt by poison!</small><br></div><div class="spacer battle-history"><br></div><h2 class="battle-history">Turn 17</h2><div class="spacer battle-history"><br></div><div class="battle-history">The opposing Tentacruel used <strong>Sludge Wave</strong>!<br></div><div class="battle-history"><small>(Milotic lost <abbr title="−219/394">55.6%</abbr> of its health!)</small><br></div><div class="spacer battle-history"><br></div><div class="battle-history">Milotic used <strong>Scald</strong>!<br></div><div class="battle-history"><small>It's not very effective...</small><br></div><div class="battle-history"><small>(The opposing Tentacruel lost <abbr title="−39/301">13.0%</abbr> of its health!)</small><br></div><div class="spacer battle-history"><br></div><div class="battle-history"><small>The opposing Tentacruel restored a little HP using its Black Sludge!</small><br></div><div class="battle-history"><small>Milotic restored a little HP using its Leftovers!</small><br></div><div class="battle-history"><small>The opposing Tentacruel was hurt by its burn!</small><br></div><div class="battle-history"><small>Milotic was hurt by poison!</small><br></div><div class="spacer battle-history"><br></div><div class="battle-history">The opposing Tentacruel fainted!<br></div><div class="spacer battle-history"><br></div><div class="battle-history">parnstar sent out <strong>Entei</strong>!<br></div><div class="battle-history"><small>[The opposing Entei's Pressure]</small><br><small>The opposing Entei is exerting its pressure!</small><br></div><div class="spacer battle-history"><br></div><h2 class="battle-history">Turn 18</h2><div class="spacer battle-history"><br></div><div class="battle-history">Milotic, come back!<br></div><div class="battle-history">Go! <strong>Conkeldurr</strong>!<br></div><div class="spacer battle-history"><br></div><div class="battle-history">The opposing Entei used <strong>Bulldoze</strong>!<br></div><div class="battle-history"><small>(Conkeldurr lost <abbr title="−81/351">23.1%</abbr> of its health!)</small><br></div><div class="battle-history"><small>Conkeldurr's Speed fell!</small><br></div><div class="spacer battle-history"><br></div><h2 class="battle-history">Turn 19</h2><div class="spacer battle-history"><br></div><div class="battle-history">The opposing Entei used <strong>Sacred Fire</strong>!<br></div><div class="battle-history"><small>(Conkeldurr lost <abbr title="−235/351">67.0%</abbr> of its health!)</small><br></div><div class="battle-history"><small>Conkeldurr was burned!</small><br></div><div class="spacer battle-history"><br></div><div class="battle-history">Conkeldurr used <strong>Knock Off</strong>!<br></div><div class="battle-history"><small>A critical hit!</small><br></div><div class="battle-history"><small>(The opposing Entei lost <abbr title="−263/371">70.9%</abbr> of its health!)</small><br></div><div class="battle-history"><small>Conkeldurr knocked off the opposing Entei's Charcoal!</small><br></div><div class="spacer battle-history"><br></div><div class="battle-history">The opposing Entei fainted!<br></div><div class="spacer battle-history"><br></div><div class="battle-history"><small>Conkeldurr was hurt by its burn!</small><br></div><div class="spacer battle-history"><br></div><div class="battle-history">Conkeldurr fainted!<br></div><div class="spacer battle-history"><br></div><div class="battle-history">Go! <strong>Gardevoir</strong>!<br></div><div class="spacer battle-history"><br></div><div class="battle-history">parnstar sent out <strong>Porygon-Z</strong>!<br></div><div class="battle-history"><small>[Gardevoir's Trace]</small><br><small>[Gardevoir's Adaptability]</small><br><small>Gardevoir traced the opposing Porygon-Z's Adaptability!</small><br></div><div class="spacer battle-history"><br></div><h2 class="battle-history">Turn 20</h2><div class="spacer battle-history"><br></div><div class="battle-history">Gardevoir used <strong>Healing Wish</strong>!<br></div><div class="spacer battle-history"><br></div><div class="battle-history">Gardevoir fainted!<br></div><div class="battle-history">The opposing Porygon-Z used <strong>Ice Beam</strong>!<br></div><div class="battle-history"><small>But there was no target...</small><br></div><div class="spacer battle-history"><br></div><div class="battle-history">Go! <strong>Milotic</strong>!<br></div><div class="battle-history"><small>The healing wish came true for Milotic!</small><br></div><div class="spacer battle-history"><br></div><h2 class="battle-history">Turn 21</h2><div class="spacer battle-history"><br></div><div class="battle-history">parnstar withdrew Porygon-Z!<br></div><div class="battle-history">parnstar sent out <strong>Whimsicott</strong>!<br></div><div class="spacer battle-history"><br></div><div class="battle-history">Milotic used <strong>Scald</strong>!<br></div><div class="battle-history"><small>It's not very effective...</small><br></div><div class="battle-history"><small>(The opposing Whimsicott lost <abbr title="−62/261">23.8%</abbr> of its health!)</small><br></div><div class="spacer battle-history"><br></div><h2 class="battle-history">Turn 22</h2><div class="spacer battle-history"><br></div><div class="battle-history">The opposing Whimsicott used <strong>Moonblast</strong>!<br></div><div class="battle-history"><small>(Milotic lost <abbr title="−127/394">32.2%</abbr> of its health!)</small><br></div><div class="spacer battle-history"><br></div><div class="battle-history">Milotic used <strong>Ice Beam</strong>!<br></div><div class="battle-history"><small>It's super effective!</small><br></div><div class="battle-history"><small>(The opposing Whimsicott lost <abbr title="−168/261">64.4%</abbr> of its health!)</small><br></div><div class="spacer battle-history"><br></div><div class="battle-history"><small>Milotic restored a little HP using its Leftovers!</small><br></div><div class="spacer battle-history"><br></div><h2 class="battle-history">Turn 23</h2><div class="spacer battle-history"><br></div><div class="battle-history">The opposing Whimsicott used <strong>Giga Drain</strong>!<br></div><div class="battle-history"><small>It's super effective!</small><br></div><div class="battle-history"><small>(Milotic lost <abbr title="−152/394">38.6%</abbr> of its health!)</small><br></div><div class="battle-history"><small>Milotic had its energy drained!</small><br></div><div class="spacer battle-history"><br></div><div class="battle-history">Milotic used <strong>Ice Beam</strong>!<br></div><div class="battle-history"><small>It's super effective!</small><br></div><div class="battle-history"><small>(The opposing Whimsicott lost <abbr title="−107/261">41.0%</abbr> of its health!)</small><br></div><div class="spacer battle-history"><br></div><div class="battle-history">The opposing Whimsicott fainted!<br></div><div class="spacer battle-history"><br></div><div class="battle-history"><small>Milotic restored a little HP using its Leftovers!</small><br></div><div class="spacer battle-history"><br></div><div class="battle-history">parnstar sent out <strong>Porygon-Z</strong>!<br></div><div class="spacer battle-history"><br></div><h2 class="battle-history">Turn 24</h2><div class="spacer battle-history"><br></div><div class="battle-history">Milotic, come back!<br></div><div class="battle-history">Go! Florges (<strong>Florges-White</strong>)!<br></div><div class="spacer battle-history"><br></div><div class="battle-history">The opposing Porygon-Z used <strong>Uproar</strong>!<br></div><div class="battle-history"><small>(Florges lost <abbr title="−258/360">71.7%</abbr> of its health!)</small><br></div><div class="battle-history"><small>The opposing Porygon-Z caused an uproar!</small><br></div><div class="spacer battle-history"><br></div><div class="battle-history"><small>The opposing Porygon-Z is making an uproar!</small><br></div><div class="battle-history"><small>Florges restored a little HP using its Leftovers!</small><br></div><div class="spacer battle-history"><br></div><h2 class="battle-history">Turn 25</h2><div class="chat chatmessage-parnstar"><strong style="color:hsl(41,84%,41.163999978976825%)"><small>☆</small><span class="username" data-name="parnstar">parnstar</span>:</strong> <em>ouch!</em></div><div class="spacer battle-history"><br></div><div class="battle-history">Florges used <strong>Protect</strong>!<br></div><div class="battle-history"><small>Florges protected itself!</small><br></div><div class="spacer battle-history"><br></div><div class="battle-history">The opposing Porygon-Z used <strong>Uproar</strong>!<br></div><div class="battle-history"><small>Florges protected itself!</small><br></div><div class="spacer battle-history"><br></div><div class="battle-history"><small>The opposing Porygon-Z is making an uproar!</small><br></div><div class="battle-history"><small>Florges restored a little HP using its Leftovers!</small><br></div><div class="spacer battle-history"><br></div><h2 class="battle-history">Turn 26</h2><div class="spacer battle-history"><br></div><div class="battle-history">Florges, come back!<br></div><div class="battle-history">Go! <strong>Milotic</strong>!<br></div><div class="spacer battle-history"><br></div><div class="battle-history">The opposing Porygon-Z used <strong>Uproar</strong>!<br></div><div class="battle-history"><small>(Milotic lost <abbr title="−163/394">41.4%</abbr> of its health!)</small><br></div><div class="spacer battle-history"><br></div><div class="battle-history">Milotic fainted!<br></div><div class="spacer battle-history"><br></div><div class="battle-history"><small>The opposing Porygon-Z calmed down.</small><br></div><div class="spacer battle-history"><br></div><div class="battle-history">Go! <strong>Kingdra</strong>!<br></div><div class="spacer battle-history"><br></div><h2 class="battle-history">Turn 27</h2><div class="spacer battle-history"><br></div><div class="battle-history">The opposing Porygon-Z used <strong>Uproar</strong>!<br></div><div class="battle-history"><small>(Kingdra lost <abbr title="−99/291">34.0%</abbr> of its health!)</small><br></div><div class="battle-history"><small>The opposing Porygon-Z caused an uproar!</small><br></div><div class="spacer battle-history"><br></div><div class="battle-history">Kingdra fainted!<br></div><div class="spacer battle-history"><br></div><div class="battle-history"><small>The opposing Porygon-Z is making an uproar!</small><br></div><div class="spacer battle-history"><br></div><div class="battle-history">Go! Florges (<strong>Florges-White</strong>)!<br></div><div class="spacer battle-history"><br></div><h2 class="battle-history">Turn 28</h2><div class="spacer battle-history"><br></div><div class="battle-history">The opposing Porygon-Z used <strong>Uproar</strong>!<br></div><div class="battle-history"><small>(Florges lost <abbr title="−146/360">40.6%</abbr> of its health!)</small><br></div><div class="spacer battle-history"><br></div><div class="battle-history">Florges fainted!<br></div><div class="spacer battle-history"><br></div><div class="battle-history"><strong>parnstar</strong> won the battle!<br></div><div class="chat">jffj's rating: 1055 → <strong>1046</strong><br>(-9 for losing)</div><div class="chat">parnstar's rating: 1246 → <strong>1258</strong><br>(+12 for winning)</div><div class="chat chatmessage-parnstar"><strong style="color:hsl(41,84%,41.163999978976825%)"><small>☆</small><span class="username" data-name="parnstar">parnstar</span>:</strong> <em>gg</em></div><div class="chat chatmessage-jffj"><strong style="color:hsl(78,71%,34%)"><small>☆</small><span class="username" data-name="jffj">jffj</span>:</strong> <em>gg</em></div></div><div class="inner-preempt"></div></div></div>
</div>
<script>
let daily = Math.floor(Date.now()/1000/60/60/24);document.write('<script src="https://play.pokemonshowdown.com/js/replay-embed.js?version'+daily+'"></'+'script>');
</script>
