<!DOCTYPE html>
<meta charset="utf-8" />
<!-- version 1 -->
<title>UU replay: WoodyFTW vs. Alejandrovelasco</title>
<style>
html,body {font-family:Verdana, sans-serif;font-size:10pt;margin:0;padding:0;}body{padding:12px 0;} .battle-log {font-family:Verdana, sans-serif;font-size:10pt;} .battle-log-inline {border:1px solid #AAAAAA;background:#EEF2F5;color:black;max-width:640px;margin:0 auto 80px;padding-bottom:5px;} .battle-log .inner {padding:4px 8px 0px 8px;} .battle-log .inner-preempt {padding:0 8px 4px 8px;} .battle-log .inner-after {margin-top:0.5em;} .battle-log h2 {margin:0.5em -8px;padding:4px 8px;border:1px solid #AAAAAA;background:#E0E7EA;border-left:0;border-right:0;font-family:Verdana, sans-serif;font-size:13pt;} .battle-log .chat {vertical-align:middle;padding:3px 0 3px 0;font-size:8pt;} .battle-log .chat strong {color:#40576A;} .battle-log .chat em {padding:1px 4px 1px 3px;color:#000000;font-style:normal;} .chat.mine {background:rgba(0,0,0,0.05);margin-left:-8px;margin-right:-8px;padding-left:8px;padding-right:8px;} .spoiler {color:#BBBBBB;background:#BBBBBB;padding:0px 3px;} .spoiler:hover, .spoiler:active, .spoiler-shown {color:#000000;background:#E2E2E2;padding:0px 3px;} .spoiler a {color:#BBBBBB;} .spoiler:hover a, .spoiler:active a, .spoiler-shown a {color:#2288CC;} .chat code, .chat .spoiler:hover code, .chat .spoiler:active code, .chat .spoiler-shown code {border:1px solid #C0C0C0;background:#EEEEEE;color:black;padding:0 2px;} .chat .spoiler code {border:1px solid #CCCCCC;background:#CCCCCC;color:#CCCCCC;} .battle-log .rated {padding:3px 4px;} .battle-log .rated strong {color:white;background:#89A;padding:1px 4px;border-radius:4px;} .spacer {margin-top:0.5em;} .message-announce {background:#6688AA;color:white;padding:1px 4px 2px;} .message-announce a, .broadcast-green a, .broadcast-blue a, .broadcast-red a {color:#DDEEFF;} .broadcast-green {background-color:#559955;color:white;padding:2px 4px;} .broadcast-blue {background-color:#6688AA;color:white;padding:2px 4px;} .infobox {border:1px solid #6688AA;padding:2px 4px;} .infobox-limited {max-height:200px;overflow:auto;overflow-x:hidden;} .broadcast-red {background-color:#AA5544;color:white;padding:2px 4px;} .message-learn-canlearn {font-weight:bold;color:#228822;text-decoration:underline;} .message-learn-cannotlearn {font-weight:bold;color:#CC2222;text-decoration:underline;} .message-effect-weak {font-weight:bold;color:#CC2222;} .message-effect-resist {font-weight:bold;color:#6688AA;} .message-effect-immune {font-weight:bold;color:#666666;} .message-learn-list {margin-top:0;margin-bottom:0;} .message-throttle-notice, .message-error {color:#992222;} .message-overflow, .chat small.message-overflow {font-size:0pt;} .message-overflow::before {font-size:9pt;content:'...';} .subtle {color:#3A4A66;}
</style>
<div class="wrapper replay-wrapper" style="max-width:1180px;margin:0 auto">
<input type="hidden" name="replayid" value="uu-535117689" />
<div class="battle"></div><div class="battle-log"></div><div class="replay-controls"></div><div class="replay-controls-2"></div>
<h1 style="font-weight:normal;text-align:center"><strong>UU</strong><br /><a href="http://pokemonshowdown.com/users/woodyftw" class="subtle" target="_blank">WoodyFTW</a> vs. <a href="http://pokemonshowdown.com/users/alejandrovelasco" class="subtle" target="_blank">Alejandrovelasco</a></h1>
<script type="text/plain" class="battle-log-data">|j|WoodyFTW
|j|Alejandrovelasco
|player|p1|WoodyFTW|80
|player|p2|Alejandrovelasco|290
|gametype|singles
|gen|6
|tier|UU
|rated
|seed|58718,54555,11051,8255
|rule|Sleep Clause Mod: Limit one foe put to sleep
|rule|Species Clause: Limit one of each Pokémon
|rule|OHKO Clause: OHKO moves are banned
|rule|Moody Clause: Moody is banned
|rule|Evasion Moves Clause: Evasion moves are banned
|rule|Endless Battle Clause: Forcing endless battles is banned
|rule|HP Percentage Mod: HP is shown in percentages
|clearpoke
|poke|p1|Blastoise, M, shiny|item
|poke|p1|Electivire, M|item
|poke|p1|Noivern, F, shiny|item
|poke|p1|Haxorus, F, shiny|item
|poke|p1|Toxicroak, F|item
|poke|p1|Krookodile, M|item
|poke|p2|Sceptile, M, shiny|item
|poke|p2|Porygon2|item
|poke|p2|Hydreigon, F|item
|poke|p2|Heracross, M, shiny|item
|poke|p2|Arcanine, F|item
|poke|p2|Rotom-Heat|item
|rule|Swagger Clause: Swagger is banned
|rule|Baton Pass Clause: Limit one Baton Passer, can't pass Spe and other stats simultaneously
|teampreview
|c|★WoodyFTW|glhf
|choice|team 3, team 2, team 1, team 4, team 5, team 6|team 4, team 2, team 3, team 1, team 5, team 6
|
|start
|switch|p1a: Skylar|Noivern, F, shiny|311\/311
|switch|p2a: Heracross|Heracross, M, shiny|301\/301
|turn|1
|choice|move flamethrower|switch 5
|
|switch|p2a: Arcanine|Arcanine, F|383\/383
|-ability|p2a: Arcanine|Intimidate|boost
|-unboost|p1a: Skylar|atk|1
|move|p1a: Skylar|Flamethrower|p2a: Arcanine
|-resisted|p2a: Arcanine
|-damage|p2a: Arcanine|302\/383
|
|upkeep
|turn|2
|choice|switch 6|move outrage
|
|switch|p1a: Crocosaurus|Krookodile, M|331\/331
|move|p2a: Arcanine|Outrage|p1a: Crocosaurus
|-damage|p1a: Crocosaurus|169\/331
|
|upkeep
|turn|3
|choice|move pursuit|move outrage
|
|move|p1a: Crocosaurus|Pursuit|p2a: Arcanine
|-damage|p2a: Arcanine|217\/383
|move|p2a: Arcanine|Outrage|p1a: Crocosaurus|[from]lockedmove
|-damage|p1a: Crocosaurus|0 fnt
|-start|p2a: Arcanine|confusion|[fatigue]
|faint|p1a: Crocosaurus
|
|upkeep
|choice|switch 6|
|
|switch|p1a: Skylar|Noivern, F, shiny|311\/311
|turn|4
|choice|move dragonpulse|move outrage
|
|move|p1a: Skylar|Dragon Pulse|p2a: Arcanine
|-damage|p2a: Arcanine|13\/383
|-enditem|p2a: Arcanine|Sitrus Berry|[eat]
|-heal|p2a: Arcanine|108\/383|[from] item: Sitrus Berry
|-activate|p2a: Arcanine|confusion
|move|p2a: Arcanine|Outrage|p1a: Skylar
|-supereffective|p1a: Skylar
|-damage|p1a: Skylar|0 fnt
|faint|p1a: Skylar
|
|upkeep
|choice|switch 3|
|
|switch|p1a: HULKAnator|Blastoise, M, shiny|301\/301
|turn|5
|choice|move darkpulse mega|move outrage
|
|detailschange|p1a: HULKAnator|Blastoise-Mega, M, shiny
|-mega|p1a: HULKAnator|Blastoise|Blastoisinite
|-activate|p2a: Arcanine|confusion
|-damage|p2a: Arcanine|55\/383|[from] confusion
|move|p1a: HULKAnator|Dark Pulse|p2a: Arcanine
|-crit|p2a: Arcanine
|-damage|p2a: Arcanine|0 fnt
|faint|p2a: Arcanine
|
|upkeep
|choice||switch 5
|
|switch|p2a: Heracross|Heracross, M, shiny|301\/301
|turn|6
|choice|move waterpulse|move swordsdance
|
|move|p2a: Heracross|Swords Dance|p2a: Heracross
|-boost|p2a: Heracross|atk|2
|move|p1a: HULKAnator|Water Pulse|p2a: Heracross
|-damage|p2a: Heracross|108\/301
|
|-status|p2a: Heracross|tox|[from] item: Toxic Orb
|upkeep
|turn|7
|choice|move waterpulse|move facade
|
|move|p2a: Heracross|Facade|p1a: HULKAnator
|-damage|p1a: HULKAnator|0 fnt
|faint|p1a: HULKAnator
|
|-damage|p2a: Heracross|90\/301 tox|[from] psn
|upkeep
|choice|switch 5|
|
|switch|p1a: Gymnast|Toxicroak, F|307\/307
|turn|8
|choice|move poisonjab|move facade
|
|move|p2a: Heracross|Facade|p1a: Gymnast
|-damage|p1a: Gymnast|0 fnt
|faint|p1a: Gymnast
|
|-damage|p2a: Heracross|54\/301 tox|[from] psn
|upkeep
|choice|switch 4|
|
|switch|p1a: Blades|Haxorus, F, shiny|293\/293
|-ability|p1a: Blades|Mold Breaker
|turn|9
|choice|move earthquake|move facade
|
|move|p2a: Heracross|Facade|p1a: Blades
|-damage|p1a: Blades|0 fnt
|faint|p1a: Blades
|
|-damage|p2a: Heracross|0 fnt|[from] psn
|upkeep
|faint|p2a: Heracross
|choice|switch 2|switch 3
|
|switch|p2a: Hydreigon|Hydreigon, F|325\/325
|switch|p1a: Paul Strongest|Electivire, M|291\/291
|turn|10
|choice|move crosschop|move earthpower
|
|move|p2a: Hydreigon|Earth Power|p1a: Paul Strongest
|-supereffective|p1a: Paul Strongest
|-damage|p1a: Paul Strongest|55\/291
|move|p1a: Paul Strongest|Cross Chop|p2a: Hydreigon
|-supereffective|p2a: Hydreigon
|-damage|p2a: Hydreigon|63\/325
|
|upkeep
|turn|11
|choice|move crosschop|move earthpower
|
|move|p2a: Hydreigon|Earth Power|p1a: Paul Strongest
|-supereffective|p1a: Paul Strongest
|-damage|p1a: Paul Strongest|0 fnt
|faint|p1a: Paul Strongest
|
|win|Alejandrovelasco
|player|p1
|player|p2</script>
</div>
<div class="battle-log battle-log-inline"><div class="inner"><div class="battle-options"></div><div class="inner"><div class="chat"><small>WoodyFTW joined.</small></div><div class="chat"><small>Alejandrovelasco joined.</small></div><div class=""><small>Format:</small> <br><strong>UU</strong></div><div class="rated"><strong>Rated battle</strong></div><div class=""><small><em>Sleep Clause Mod:</em> Limit one foe put to sleep</small></div><div class=""><small><em>Species Clause:</em> Limit one of each Pokémon</small></div><div class=""><small><em>OHKO Clause:</em> OHKO moves are banned</small></div><div class=""><small><em>Moody Clause:</em> Moody is banned</small></div><div class=""><small><em>Evasion Moves Clause:</em> Evasion moves are banned</small></div><div class=""><small><em>Endless Battle Clause:</em> Forcing endless battles is banned</small></div><div class=""><small><em>HP Percentage Mod:</em> HP is shown in percentages</small></div><div class=""><small><em>Swagger Clause:</em> Swagger is banned</small></div><div class=""><small><em>Baton Pass Clause:</em> Limit one Baton Passer, can't pass Spe and other stats simultaneously</small></div><div class="chat battle-history"><strong>WoodyFTW's team:</strong> <em style="color:#445566;display:block;">Blastoise / Electivire / Noivern / Haxorus / Toxicroak / Krookodile</em></div><div class="chat battle-history"><strong>Alejandrovelasco's team:</strong> <em style="color:#445566;display:block;">Sceptile / Porygon2 / Hydreigon / Heracross / Arcanine / Rotom-Heat</em></div><div class="chat chatmessage-woodyftw"><strong style="color:hsl(3,45%,51.790617958425%)"><small>★</small><span class="username" data-name="WoodyFTW">WoodyFTW</span>:</strong> <em>glhf</em></div><div class="spacer battle-history"><br></div><div class="battle-history">Battle started between WoodyFTW and Alejandrovelasco!<br></div><div class="spacer battle-history"><br></div><div class="battle-history">Go! Skylar (<strong>Noivern</strong>)!<br></div><div class="spacer battle-history"><br></div><div class="battle-history">Alejandrovelasco sent out <strong>Heracross</strong>!<br></div><div class="spacer battle-history"><br></div><h2 class="battle-history">Turn 1</h2><div class="spacer battle-history"><br></div><div class="battle-history">Alejandrovelasco withdrew Heracross!<br></div><div class="battle-history">Alejandrovelasco sent out <strong>Arcanine</strong>!<br></div><div class="battle-history"><small>[The opposing Arcanine's Intimidate]</small><br></div><div class="battle-history"><small>Skylar's Attack fell!</small><br></div><div class="spacer battle-history"><br></div><div class="battle-history">Skylar used <strong>Flamethrower</strong>!<br></div><div class="battle-history"><small>It's not very effective...</small><br></div><div class="battle-history"><small>(The opposing Arcanine lost <abbr title="−81/383">21.1%</abbr> of its health!)</small><br></div><div class="spacer battle-history"><br></div><h2 class="battle-history">Turn 2</h2><div class="spacer battle-history"><br></div><div class="battle-history">Skylar, come back!<br></div><div class="battle-history">Go! Crocosaurus (<strong>Krookodile</strong>)!<br></div><div class="spacer battle-history"><br></div><div class="battle-history">The opposing Arcanine used <strong>Outrage</strong>!<br></div><div class="battle-history"><small>(Crocosaurus lost <abbr title="−162/331">48.9%</abbr> of its health!)</small><br></div><div class="spacer battle-history"><br></div><h2 class="battle-history">Turn 3</h2><div class="spacer battle-history"><br></div><div class="battle-history">Crocosaurus used <strong>Pursuit</strong>!<br></div><div class="battle-history"><small>(The opposing Arcanine lost <abbr title="−85/383">22.2%</abbr> of its health!)</small><br></div><div class="spacer battle-history"><br></div><div class="battle-history">The opposing Arcanine used <strong>Outrage</strong>!<br></div><div class="battle-history"><small>(Crocosaurus lost <abbr title="−169/331">51.1%</abbr> of its health!)</small><br></div><div class="battle-history"><small>The opposing Arcanine became confused due to fatigue!</small><br></div><div class="spacer battle-history"><br></div><div class="battle-history">Crocosaurus fainted!<br></div><div class="spacer battle-history"><br></div><div class="battle-history">Go! Skylar (<strong>Noivern</strong>)!<br></div><div class="spacer battle-history"><br></div><h2 class="battle-history">Turn 4</h2><div class="spacer battle-history"><br></div><div class="battle-history">Skylar used <strong>Dragon Pulse</strong>!<br></div><div class="battle-history"><small>(The opposing Arcanine lost <abbr title="−204/383">53.3%</abbr> of its health!)</small><br></div><div class="battle-history"><small>The opposing Arcanine ate its Sitrus Berry!</small><br></div><div class="battle-history"><small>The opposing Arcanine restored HP using its Sitrus Berry!</small><br></div><div class="spacer battle-history"><br></div><div class="battle-history"><small>The opposing Arcanine is confused!</small><br></div><div class="battle-history">The opposing Arcanine used <strong>Outrage</strong>!<br></div><div class="battle-history"><small>It's super effective!</small><br></div><div class="battle-history"><small>(Skylar lost <abbr title="−311/311">100%</abbr> of its health!)</small><br></div><div class="spacer battle-history"><br></div><div class="battle-history">Skylar fainted!<br></div><div class="spacer battle-history"><br></div><div class="battle-history">Go! HULKAnator (<strong>Blastoise</strong>)!<br></div><div class="spacer battle-history"><br></div><h2 class="battle-history">Turn 5</h2><div class="spacer battle-history"><br></div><div class="battle-history"><small>HULKAnator's Blastoisinite is reacting to WoodyFTW's Mega Bracelet!</small><br>HULKAnator has Mega Evolved into Mega Blastoise!<br></div><div class="spacer battle-history"><br></div><div class="battle-history"><small>The opposing Arcanine is confused!</small><br></div><div class="battle-history">It hurt itself in its confusion!<br></div><div class="spacer battle-history"><br></div><div class="battle-history">HULKAnator used <strong>Dark Pulse</strong>!<br></div><div class="battle-history"><small>A critical hit!</small><br></div><div class="battle-history"><small>(The opposing Arcanine lost <abbr title="−55/383">14.4%</abbr> of its health!)</small><br></div><div class="spacer battle-history"><br></div><div class="battle-history">The opposing Arcanine fainted!<br></div><div class="spacer battle-history"><br></div><div class="battle-history">Alejandrovelasco sent out <strong>Heracross</strong>!<br></div><div class="spacer battle-history"><br></div><h2 class="battle-history">Turn 6</h2><div class="spacer battle-history"><br></div><div class="battle-history">The opposing Heracross used <strong>Swords Dance</strong>!<br></div><div class="battle-history"><small>The opposing Heracross's Attack rose sharply!</small><br></div><div class="spacer battle-history"><br></div><div class="battle-history">HULKAnator used <strong>Water Pulse</strong>!<br></div><div class="battle-history"><small>(The opposing Heracross lost <abbr title="−193/301">64.1%</abbr> of its health!)</small><br></div><div class="spacer battle-history"><br></div><div class="battle-history"><small>The opposing Heracross was badly poisoned!</small><br></div><div class="spacer battle-history"><br></div><h2 class="battle-history">Turn 7</h2><div class="spacer battle-history"><br></div><div class="battle-history">The opposing Heracross used <strong>Facade</strong>!<br></div><div class="battle-history"><small>(HULKAnator lost <abbr title="−301/301">100%</abbr> of its health!)</small><br></div><div class="spacer battle-history"><br></div><div class="battle-history">HULKAnator fainted!<br></div><div class="spacer battle-history"><br></div><div class="battle-history"><small>The opposing Heracross was hurt by poison!</small><br></div><div class="spacer battle-history"><br></div><div class="battle-history">Go! Gymnast (<strong>Toxicroak</strong>)!<br></div><div class="spacer battle-history"><br></div><h2 class="battle-history">Turn 8</h2><div class="spacer battle-history"><br></div><div class="battle-history">The opposing Heracross used <strong>Facade</strong>!<br></div><div class="battle-history"><small>(Gymnast lost <abbr title="−307/307">100%</abbr> of its health!)</small><br></div><div class="spacer battle-history"><br></div><div class="battle-history">Gymnast fainted!<br></div><div class="spacer battle-history"><br></div><div class="battle-history"><small>The opposing Heracross was hurt by poison!</small><br></div><div class="spacer battle-history"><br></div><div class="battle-history">Go! Blades (<strong>Haxorus</strong>)!<br></div><div class="battle-history"><small>[Blades's Mold Breaker]</small><br><small>Blades breaks the mold!</small><br></div><div class="spacer battle-history"><br></div><h2 class="battle-history">Turn 9</h2><div class="spacer battle-history"><br></div><div class="battle-history">The opposing Heracross used <strong>Facade</strong>!<br></div><div class="battle-history"><small>(Blades lost <abbr title="−293/293">100%</abbr> of its health!)</small><br></div><div class="spacer battle-history"><br></div><div class="battle-history">Blades fainted!<br></div><div class="spacer battle-history"><br></div><div class="battle-history"><small>The opposing Heracross was hurt by poison!</small><br></div><div class="spacer battle-history"><br></div><div class="battle-history">The opposing Heracross fainted!<br></div><div class="spacer battle-history"><br></div><div class="battle-history">Alejandrovelasco sent out <strong>Hydreigon</strong>!<br></div><div class="spacer battle-history"><br></div><div class="battle-history">Go! Paul Strongest (<strong>Electivire</strong>)!<br></div><div class="spacer battle-history"><br></div><h2 class="battle-history">Turn 10</h2><div class="spacer battle-history"><br></div><div class="battle-history">The opposing Hydreigon used <strong>Earth Power</strong>!<br></div><div class="battle-history"><small>It's super effective!</small><br></div><div class="battle-history"><small>(Paul Strongest lost <abbr title="−236/291">81.1%</abbr> of its health!)</small><br></div><div class="spacer battle-history"><br></div><div class="battle-history">Paul Strongest used <strong>Cross Chop</strong>!<br></div><div class="battle-history"><small>It's super effective!</small><br></div><div class="battle-history"><small>(The opposing Hydreigon lost <abbr title="−262/325">80.6%</abbr> of its health!)</small><br></div><div class="spacer battle-history"><br></div><h2 class="battle-history">Turn 11</h2><div class="spacer battle-history"><br></div><div class="battle-history">The opposing Hydreigon used <strong>Earth Power</strong>!<br></div><div class="battle-history"><small>It's super effective!</small><br></div><div class="battle-history"><small>(Paul Strongest lost <abbr title="−55/291">18.9%</abbr> of its health!)</small><br></div><div class="spacer battle-history"><br></div><div class="battle-history">Paul Strongest fainted!<br></div><div class="spacer battle-history"><br></div><div class="battle-history"><strong>Alejandrovelasco</strong> won the battle!<br></div></div><div class="inner-preempt"></div></div></div>
</div>
<script>
let daily = Math.floor(Date.now()/1000/60/60/24);document.write('<script src="https://play.pokemonshowdown.com/js/replay-embed.js?version'+daily+'"></'+'script>');
</script>
