<!DOCTYPE html>
<meta charset="utf-8" />
<!-- version 1 -->
<title>UU replay: Luis_Zuniga_SPS vs. 753398445a</title>
<style>
html,body {font-family:Verdana, sans-serif;font-size:10pt;margin:0;padding:0;}body{padding:12px 0;} .battle-log {font-family:Verdana, sans-serif;font-size:10pt;} .battle-log-inline {border:1px solid #AAAAAA;background:#EEF2F5;color:black;max-width:640px;margin:0 auto 80px;padding-bottom:5px;} .battle-log .inner {padding:4px 8px 0px 8px;} .battle-log .inner-preempt {padding:0 8px 4px 8px;} .battle-log .inner-after {margin-top:0.5em;} .battle-log h2 {margin:0.5em -8px;padding:4px 8px;border:1px solid #AAAAAA;background:#E0E7EA;border-left:0;border-right:0;font-family:Verdana, sans-serif;font-size:13pt;} .battle-log .chat {vertical-align:middle;padding:3px 0 3px 0;font-size:8pt;} .battle-log .chat strong {color:#40576A;} .battle-log .chat em {padding:1px 4px 1px 3px;color:#000000;font-style:normal;} .chat.mine {background:rgba(0,0,0,0.05);margin-left:-8px;margin-right:-8px;padding-left:8px;padding-right:8px;} .spoiler {color:#BBBBBB;background:#BBBBBB;padding:0px 3px;} .spoiler:hover, .spoiler:active, .spoiler-shown {color:#000000;background:#E2E2E2;padding:0px 3px;} .spoiler a {color:#BBBBBB;} .spoiler:hover a, .spoiler:active a, .spoiler-shown a {color:#2288CC;} .chat code, .chat .spoiler:hover code, .chat .spoiler:active code, .chat .spoiler-shown code {border:1px solid #C0C0C0;background:#EEEEEE;color:black;padding:0 2px;} .chat .spoiler code {border:1px solid #CCCCCC;background:#CCCCCC;color:#CCCCCC;} .battle-log .rated {padding:3px 4px;} .battle-log .rated strong {color:white;background:#89A;padding:1px 4px;border-radius:4px;} .spacer {margin-top:0.5em;} .message-announce {background:#6688AA;color:white;padding:1px 4px 2px;} .message-announce a, .broadcast-green a, .broadcast-blue a, .broadcast-red a {color:#DDEEFF;} .broadcast-green {background-color:#559955;color:white;padding:2px 4px;} .broadcast-blue {background-color:#6688AA;color:white;padding:2px 4px;} .infobox {border:1px solid #6688AA;padding:2px 4px;} .infobox-limited {max-height:200px;overflow:auto;overflow-x:hidden;} .broadcast-red {background-color:#AA5544;color:white;padding:2px 4px;} .message-learn-canlearn {font-weight:bold;color:#228822;text-decoration:underline;} .message-learn-cannotlearn {font-weight:bold;color:#CC2222;text-decoration:underline;} .message-effect-weak {font-weight:bold;color:#CC2222;} .message-effect-resist {font-weight:bold;color:#6688AA;} .message-effect-immune {font-weight:bold;color:#666666;} .message-learn-list {margin-top:0;margin-bottom:0;} .message-throttle-notice, .message-error {color:#992222;} .message-overflow, .chat small.message-overflow {font-size:0pt;} .message-overflow::before {font-size:9pt;content:'...';} .subtle {color:#3A4A66;}
</style>
<div class="wrapper replay-wrapper" style="max-width:1180px;margin:0 auto">
<input type="hidden" name="replayid" value="uu-544024629" />
<div class="battle"></div><div class="battle-log"></div><div class="replay-controls"></div><div class="replay-controls-2"></div>
<h1 style="font-weight:normal;text-align:center"><strong>UU</strong><br /><a href="http://pokemonshowdown.com/users/luiszunigasps" class="subtle" target="_blank">Luis_Zuniga_SPS</a> vs. <a href="http://pokemonshowdown.com/users/753398445a" class="subtle" target="_blank">753398445a</a></h1>
<script type="text/plain" class="battle-log-data">|j|Luis_Zuniga_SPS
|j|753398445a
|player|p1|Luis_Zuniga_SPS|123
|player|p2|753398445a|7
|gametype|singles
|gen|6
|tier|UU
|rated
|seed|43376,41866,2847,45424
|rule|Sleep Clause Mod: Limit one foe put to sleep
|rule|Species Clause: Limit one of each Pokémon
|rule|OHKO Clause: OHKO moves are banned
|rule|Moody Clause: Moody is banned
|rule|Evasion Moves Clause: Evasion moves are banned
|rule|Endless Battle Clause: Forcing endless battles is banned
|rule|HP Percentage Mod: HP is shown in percentages
|clearpoke
|poke|p1|Crobat, M|item
|poke|p1|Blastoise, M|item
|poke|p1|Porygon2|item
|poke|p1|Celebi|item
|poke|p1|Donphan, F|item
|poke|p1|Shuckle, M|item
|poke|p2|Whimsicott, F, shiny|item
|poke|p2|Sudowoodo, M|item
|poke|p2|Aerodactyl, M|item
|poke|p2|Espeon, M|item
|poke|p2|Cloyster, F, shiny|item
|poke|p2|Conkeldurr, F|item
|rule|Swagger Clause: Swagger is banned
|rule|Baton Pass Clause: Limit one Baton Passer, can't pass Spe and other stats simultaneously
|teampreview
|choice|team 1, team 2, team 3, team 4, team 5, team 6|team 5, team 2, team 3, team 4, team 1, team 6
|
|start
|switch|p1a: Crobat|Crobat, M|312\/312
|switch|p2a: Suggestive|Cloyster, F, shiny|241\/241
|turn|1
|choice|move taunt|move shellsmash
|
|move|p1a: Crobat|Taunt|p2a: Suggestive
|-start|p2a: Suggestive|move: Taunt
|cant|p2a: Suggestive|move: Taunt|Shell Smash
|
|upkeep
|turn|2
|choice|switch 2|move rockblast
|
|switch|p1a: Blastoise|Blastoise, M|362\/362
|move|p2a: Suggestive|Rock Blast|p1a: Blastoise
|-damage|p1a: Blastoise|344\/362
|-damage|p1a: Blastoise|327\/362
|-damage|p1a: Blastoise|309\/362
|-damage|p1a: Blastoise|292\/362
|-damage|p1a: Blastoise|273\/362
|-hitcount|p1a: Blastoise|5
|
|upkeep
|turn|3
|choice|move scald mega|move rockblast
|
|detailschange|p1a: Blastoise|Blastoise-Mega, M
|-mega|p1a: Blastoise|Blastoise|Blastoisinite
|move|p2a: Suggestive|Rock Blast|p1a: Blastoise
|-damage|p1a: Blastoise|257\/362
|-damage|p1a: Blastoise|240\/362
|-damage|p1a: Blastoise|224\/362
|-damage|p1a: Blastoise|208\/362
|-damage|p1a: Blastoise|192\/362
|-hitcount|p1a: Blastoise|5
|cant|p1a: Blastoise|flinch
|
|-end|p2a: Suggestive|move: Taunt
|upkeep
|turn|4
|choice|move aurasphere|move rockblast
|
|move|p2a: Suggestive|Rock Blast|p1a: Blastoise
|-damage|p1a: Blastoise|177\/362
|-damage|p1a: Blastoise|162\/362
|-damage|p1a: Blastoise|145\/362
|-damage|p1a: Blastoise|128\/362
|-damage|p1a: Blastoise|112\/362
|-hitcount|p1a: Blastoise|5
|move|p1a: Blastoise|Aura Sphere|p2a: Suggestive
|-supereffective|p2a: Suggestive
|-damage|p2a: Suggestive|0 fnt
|faint|p2a: Suggestive
|
|upkeep
|choice||switch 6
|
|switch|p2a: Façade|Conkeldurr, F|351\/351
|turn|5
|choice|move scald|move thunderpunch
|
|move|p1a: Blastoise|Scald|p2a: Façade
|-damage|p2a: Façade|242\/351
|-status|p2a: Façade|brn
|move|p2a: Façade|Thunder Punch|p1a: Blastoise
|-supereffective|p1a: Blastoise
|-damage|p1a: Blastoise|29\/362
|
|-damage|p2a: Façade|199\/351 brn|[from] brn
|upkeep
|turn|6
|choice|switch 5|move icepunch
|
|switch|p1a: Donphan|Donphan, F|322\/322
|move|p2a: Façade|Ice Punch|p1a: Donphan
|-supereffective|p1a: Donphan
|-damage|p1a: Donphan|243\/322
|
|-damage|p2a: Façade|156\/351 brn|[from] brn
|upkeep
|turn|7
|j|Overdragoon
|choice|move earthquake|move icepunch
|
|move|p1a: Donphan|Earthquake|p2a: Façade
|-damage|p2a: Façade|21\/351 brn
|move|p2a: Façade|Ice Punch|p1a: Donphan
|-supereffective|p1a: Donphan
|-damage|p1a: Donphan|170\/322
|
|-damage|p2a: Façade|0 fnt|[from] brn
|upkeep
|faint|p2a: Façade
|choice||switch 5
|
|switch|p2a: Whimsy|Whimsicott, F, shiny|261\/261
|turn|8
|choice|move toxic|move moonblast
|
|move|p2a: Whimsy|Moonblast|p1a: Donphan
|-damage|p1a: Donphan|0 fnt
|faint|p1a: Donphan
|
|upkeep
|choice|switch 2|
|
|switch|p1a: Crobat|Crobat, M|312\/312
|turn|9
|choice|move uturn|move psychic
|
|move|p1a: Crobat|U-turn|p2a: Whimsy
|-damage|p2a: Whimsy|189\/261
|choice|switch 3|
|
|switch|p1a: Porygon2|Porygon2|312\/312
|move|p2a: Whimsy|Psychic|p1a: Porygon2
|-damage|p1a: Porygon2|259\/312
|
|-heal|p2a: Whimsy|205\/261|[from] item: Leftovers
|upkeep
|turn|10
|choice|move icebeam|move leechseed
|
|move|p2a: Whimsy|Leech Seed|p1a: Porygon2
|-start|p1a: Porygon2|move: Leech Seed
|move|p1a: Porygon2|Ice Beam|p2a: Whimsy
|-supereffective|p2a: Whimsy
|-crit|p2a: Whimsy
|-damage|p2a: Whimsy|0 fnt
|faint|p2a: Whimsy
|
|upkeep
|choice||switch 4
|
|switch|p2a: Nina|Espeon, M|271\/271
|turn|11
|choice|switch 6|move calmmind
|
|switch|p1a: Shuckle|Shuckle, M|182\/182
|move|p2a: Nina|Calm Mind|p2a: Nina
|-boost|p2a: Nina|spa|1
|-boost|p2a: Nina|spd|1
|
|upkeep
|turn|12
|choice|move infestation|move shadowball
|
|move|p2a: Nina|Shadow Ball|p1a: Shuckle
|-crit|p1a: Shuckle
|-damage|p1a: Shuckle|95\/182
|move|p1a: Shuckle|Infestation|p2a: Nina
|-supereffective|p2a: Nina
|-damage|p2a: Nina|263\/271
|-activate|p2a: Nina|move: Infestation|[of] p1a: Shuckle
|
|-heal|p1a: Shuckle|106\/182|[from] item: Leftovers
|-damage|p2a: Nina|230\/271|[from] move: Infestation|[partiallytrapped]
|upkeep
|turn|13
|choice|move shellsmash|move psychic
|
|move|p2a: Nina|Psychic|p1a: Shuckle
|-damage|p1a: Shuckle|0 fnt
|faint|p1a: Shuckle
|
|upkeep
|choice|switch 3|
|
|switch|p1a: Crobat|Crobat, M|312\/312
|turn|14
|choice|move uturn|move shadowball
|
|move|p1a: Crobat|U-turn|p2a: Nina
|-supereffective|p2a: Nina
|-damage|p2a: Nina|12\/271
|choice|switch 6|
|
|switch|p1a: Porygon2|Porygon2|259\/312
|move|p2a: Nina|Shadow Ball|p1a: Porygon2
|-immune|p1a: Porygon2|[msg]
|
|upkeep
|turn|15
|c|☆753398445a|Nice prediction
|choice|move icebeam|move psychic
|
|move|p2a: Nina|Psychic|p1a: Porygon2
|-crit|p1a: Porygon2
|-damage|p1a: Porygon2|21\/312
|move|p1a: Porygon2|Ice Beam|p2a: Nina
|-crit|p2a: Nina
|-damage|p2a: Nina|0 fnt
|faint|p2a: Nina
|
|upkeep
|c|☆Luis_Zuniga_SPS|lucky, matter of fact
|choice||switch 2
|
|switch|p2a: Inconspicuous Tree|Sudowoodo, M|335\/335
|turn|16
|c|☆753398445a|I hads expected celebi
|c|☆753398445a|*had
|choice|move recover|move suckerpunch
|
|move|p2a: Inconspicuous Tree|Sucker Punch|p1a: Porygon2|[still]
|-fail|p2a: Inconspicuous Tree
|move|p1a: Porygon2|Recover|p1a: Porygon2
|-heal|p1a: Porygon2|177\/312
|
|upkeep
|turn|17
|choice|move icebeam|move woodhammer
|
|move|p1a: Porygon2|Ice Beam|p2a: Inconspicuous Tree
|-damage|p2a: Inconspicuous Tree|250\/335
|move|p2a: Inconspicuous Tree|Wood Hammer|p1a: Porygon2
|-crit|p1a: Porygon2
|-damage|p1a: Porygon2|66\/312
|
|upkeep
|turn|18
|choice|move recover|move firepunch
|
|move|p1a: Porygon2|Recover|p1a: Porygon2
|-heal|p1a: Porygon2|222\/312
|move|p2a: Inconspicuous Tree|Fire Punch|p1a: Porygon2
|-damage|p1a: Porygon2|174\/312
|
|upkeep
|turn|19
|choice|move icebeam|move firepunch
|
|move|p1a: Porygon2|Ice Beam|p2a: Inconspicuous Tree
|-damage|p2a: Inconspicuous Tree|165\/335
|-status|p2a: Inconspicuous Tree|frz
|cant|p2a: Inconspicuous Tree|frz
|
|upkeep
|turn|20
|choice|switch 4|move firepunch
|
|switch|p1a: Celebi|Celebi|342\/342
|cant|p2a: Inconspicuous Tree|frz
|
|upkeep
|turn|21
|choice|move nastyplot|move suckerpunch
|
|cant|p2a: Inconspicuous Tree|frz
|move|p1a: Celebi|Nasty Plot|p1a: Celebi
|-boost|p1a: Celebi|spa|2
|
|upkeep
|turn|22
|choice|move gigadrain|move firepunch
|
|move|p1a: Celebi|Giga Drain|p2a: Inconspicuous Tree
|-supereffective|p2a: Inconspicuous Tree
|-damage|p2a: Inconspicuous Tree|0 fnt
|faint|p2a: Inconspicuous Tree
|
|upkeep
|choice||switch 3
|
|switch|p2a: Pterodactyl|Aerodactyl, M|301\/301
|-ability|p2a: Pterodactyl|Pressure
|turn|23
|c|☆753398445a|Gg
|c|☆Luis_Zuniga_SPS|gg
|choice|move gigadrain|move aerialace mega
|
|detailschange|p2a: Pterodactyl|Aerodactyl-Mega, M
|-mega|p2a: Pterodactyl|Aerodactyl|Aerodactylite
|move|p2a: Pterodactyl|Aerial Ace|p1a: Celebi
|-supereffective|p1a: Celebi
|-damage|p1a: Celebi|70\/342
|move|p1a: Celebi|Giga Drain|p2a: Pterodactyl
|-damage|p2a: Pterodactyl|49\/301
|-heal|p1a: Celebi|196\/342|[from] drain|[of] p2a: Pterodactyl
|
|upkeep
|turn|24
|choice|move gigadrain|move aerialace
|
|move|p2a: Pterodactyl|Aerial Ace|p1a: Celebi
|-supereffective|p1a: Celebi
|-damage|p1a: Celebi|0 fnt
|faint|p1a: Celebi
|
|upkeep
|choice|switch 4|
|
|switch|p1a: Porygon2|Porygon2|174\/312
|turn|25
|choice|move icebeam|move aerialace
|
|move|p2a: Pterodactyl|Aerial Ace|p1a: Porygon2
|-damage|p1a: Porygon2|89\/312
|move|p1a: Porygon2|Ice Beam|p2a: Pterodactyl
|-supereffective|p2a: Pterodactyl
|-damage|p2a: Pterodactyl|0 fnt
|faint|p2a: Pterodactyl
|
|win|Luis_Zuniga_SPS
|player|p1
|player|p2
|raw|Luis_Zuniga_SPS's rating: 1262 &rarr; <strong>1278<\/strong><br \/>(+16 for winning)
|raw|753398445a's rating: 1120 &rarr; <strong>1105<\/strong><br \/>(-15 for losing)</script>
</div>
<div class="battle-log battle-log-inline"><div class="inner"><div class="battle-options"></div><div class="inner"><div class="chat"><small>Luis_Zuniga_SPS joined.</small></div><div class="chat"><small>753398445a joined.</small></div><div class=""><small>Format:</small> <br><strong>UU</strong></div><div class="rated"><strong>Rated battle</strong></div><div class=""><small><em>Sleep Clause Mod:</em> Limit one foe put to sleep</small></div><div class=""><small><em>Species Clause:</em> Limit one of each Pokémon</small></div><div class=""><small><em>OHKO Clause:</em> OHKO moves are banned</small></div><div class=""><small><em>Moody Clause:</em> Moody is banned</small></div><div class=""><small><em>Evasion Moves Clause:</em> Evasion moves are banned</small></div><div class=""><small><em>Endless Battle Clause:</em> Forcing endless battles is banned</small></div><div class=""><small><em>HP Percentage Mod:</em> HP is shown in percentages</small></div><div class=""><small><em>Swagger Clause:</em> Swagger is banned</small></div><div class=""><small><em>Baton Pass Clause:</em> Limit one Baton Passer, can't pass Spe and other stats simultaneously</small></div><div class="chat battle-history"><strong>Luis_Zuniga_SPS's team:</strong> <em style="color:#445566;display:block;">Crobat / Blastoise / Porygon2 / Celebi / Donphan / Shuckle</em></div><div class="chat battle-history"><strong>753398445a's team:</strong> <em style="color:#445566;display:block;">Whimsicott / Sudowoodo / Aerodactyl / Espeon / Cloyster / Conkeldurr</em></div><div class="spacer battle-history"><br></div><div class="battle-history">Battle started between Luis_Zuniga_SPS and 753398445a!<br></div><div class="spacer battle-history"><br></div><div class="battle-history">Go! <strong>Crobat</strong>!<br></div><div class="spacer battle-history"><br></div><div class="battle-history">753398445a sent out Suggestive (<strong>Cloyster</strong>)!<br></div><div class="spacer battle-history"><br></div><h2 class="battle-history">Turn 1</h2><div class="spacer battle-history"><br></div><div class="battle-history">Crobat used <strong>Taunt</strong>!<br></div><div class="battle-history"><small>The opposing Suggestive fell for the taunt!</small><br></div><div class="spacer battle-history"><br></div><div class="battle-history">The opposing Suggestive can't use Shell Smash after the taunt!<br></div><div class="spacer battle-history"><br></div><h2 class="battle-history">Turn 2</h2><div class="spacer battle-history"><br></div><div class="battle-history">Crobat, come back!<br></div><div class="battle-history">Go! <strong>Blastoise</strong>!<br></div><div class="spacer battle-history"><br></div><div class="battle-history">The opposing Suggestive used <strong>Rock Blast</strong>!<br></div><div class="battle-history"><small>(Blastoise lost <abbr title="−18/362">5.0%</abbr> of its health!)</small><br></div><div class="battle-history"><small>(Blastoise lost <abbr title="−17/362">4.7%</abbr> of its health!)</small><br></div><div class="battle-history"><small>(Blastoise lost <abbr title="−18/362">5.0%</abbr> of its health!)</small><br></div><div class="battle-history"><small>(Blastoise lost <abbr title="−17/362">4.7%</abbr> of its health!)</small><br></div><div class="battle-history"><small>(Blastoise lost <abbr title="−19/362">5.2%</abbr> of its health!)</small><br></div><div class="battle-history"><small>Hit 5 times!</small><br></div><div class="spacer battle-history"><br></div><h2 class="battle-history">Turn 3</h2><div class="spacer battle-history"><br></div><div class="battle-history"><small>Blastoise's Blastoisinite is reacting to Luis_Zuniga_SPS's Mega Bracelet!</small><br>Blastoise has Mega Evolved into Mega Blastoise!<br></div><div class="spacer battle-history"><br></div><div class="battle-history">The opposing Suggestive used <strong>Rock Blast</strong>!<br></div><div class="battle-history"><small>(Blastoise lost <abbr title="−16/362">4.4%</abbr> of its health!)</small><br></div><div class="battle-history"><small>(Blastoise lost <abbr title="−17/362">4.7%</abbr> of its health!)</small><br></div><div class="battle-history"><small>(Blastoise lost <abbr title="−16/362">4.4%</abbr> of its health!)</small><br></div><div class="battle-history"><small>(Blastoise lost <abbr title="−16/362">4.4%</abbr> of its health!)</small><br></div><div class="battle-history"><small>(Blastoise lost <abbr title="−16/362">4.4%</abbr> of its health!)</small><br></div><div class="battle-history"><small>Hit 5 times!</small><br></div><div class="spacer battle-history"><br></div><div class="battle-history">Blastoise flinched and couldn't move!<br></div><div class="spacer battle-history"><br></div><div class="battle-history"><small>The opposing Suggestive's taunt wore off!</small><br></div><div class="spacer battle-history"><br></div><h2 class="battle-history">Turn 4</h2><div class="spacer battle-history"><br></div><div class="battle-history">The opposing Suggestive used <strong>Rock Blast</strong>!<br></div><div class="battle-history"><small>(Blastoise lost <abbr title="−15/362">4.1%</abbr> of its health!)</small><br></div><div class="battle-history"><small>(Blastoise lost <abbr title="−15/362">4.1%</abbr> of its health!)</small><br></div><div class="battle-history"><small>(Blastoise lost <abbr title="−17/362">4.7%</abbr> of its health!)</small><br></div><div class="battle-history"><small>(Blastoise lost <abbr title="−17/362">4.7%</abbr> of its health!)</small><br></div><div class="battle-history"><small>(Blastoise lost <abbr title="−16/362">4.4%</abbr> of its health!)</small><br></div><div class="battle-history"><small>Hit 5 times!</small><br></div><div class="spacer battle-history"><br></div><div class="battle-history">Blastoise used <strong>Aura Sphere</strong>!<br></div><div class="battle-history"><small>It's super effective!</small><br></div><div class="battle-history"><small>(The opposing Suggestive lost <abbr title="−241/241">100%</abbr> of its health!)</small><br></div><div class="spacer battle-history"><br></div><div class="battle-history">The opposing Suggestive fainted!<br></div><div class="spacer battle-history"><br></div><div class="battle-history">753398445a sent out Façade (<strong>Conkeldurr</strong>)!<br></div><div class="spacer battle-history"><br></div><h2 class="battle-history">Turn 5</h2><div class="spacer battle-history"><br></div><div class="battle-history">Blastoise used <strong>Scald</strong>!<br></div><div class="battle-history"><small>(The opposing Façade lost <abbr title="−109/351">31.1%</abbr> of its health!)</small><br></div><div class="battle-history"><small>The opposing Façade was burned!</small><br></div><div class="spacer battle-history"><br></div><div class="battle-history">The opposing Façade used <strong>Thunder Punch</strong>!<br></div><div class="battle-history"><small>It's super effective!</small><br></div><div class="battle-history"><small>(Blastoise lost <abbr title="−83/362">22.9%</abbr> of its health!)</small><br></div><div class="spacer battle-history"><br></div><div class="battle-history"><small>The opposing Façade was hurt by its burn!</small><br></div><div class="spacer battle-history"><br></div><h2 class="battle-history">Turn 6</h2><div class="spacer battle-history"><br></div><div class="battle-history">Blastoise, come back!<br></div><div class="battle-history">Go! <strong>Donphan</strong>!<br></div><div class="spacer battle-history"><br></div><div class="battle-history">The opposing Façade used <strong>Ice Punch</strong>!<br></div><div class="battle-history"><small>It's super effective!</small><br></div><div class="battle-history"><small>(Donphan lost <abbr title="−79/322">24.5%</abbr> of its health!)</small><br></div><div class="spacer battle-history"><br></div><div class="battle-history"><small>The opposing Façade was hurt by its burn!</small><br></div><div class="spacer battle-history"><br></div><h2 class="battle-history">Turn 7</h2><div class="chat"><small>Overdragoon joined.</small></div><div class="spacer battle-history"><br></div><div class="battle-history">Donphan used <strong>Earthquake</strong>!<br></div><div class="battle-history"><small>(The opposing Façade lost <abbr title="−135/351">38.5%</abbr> of its health!)</small><br></div><div class="spacer battle-history"><br></div><div class="battle-history">The opposing Façade used <strong>Ice Punch</strong>!<br></div><div class="battle-history"><small>It's super effective!</small><br></div><div class="battle-history"><small>(Donphan lost <abbr title="−73/322">22.7%</abbr> of its health!)</small><br></div><div class="spacer battle-history"><br></div><div class="battle-history"><small>The opposing Façade was hurt by its burn!</small><br></div><div class="spacer battle-history"><br></div><div class="battle-history">The opposing Façade fainted!<br></div><div class="spacer battle-history"><br></div><div class="battle-history">753398445a sent out Whimsy (<strong>Whimsicott</strong>)!<br></div><div class="spacer battle-history"><br></div><h2 class="battle-history">Turn 8</h2><div class="spacer battle-history"><br></div><div class="battle-history">The opposing Whimsy used <strong>Moonblast</strong>!<br></div><div class="battle-history"><small>(Donphan lost <abbr title="−170/322">52.8%</abbr> of its health!)</small><br></div><div class="spacer battle-history"><br></div><div class="battle-history">Donphan fainted!<br></div><div class="spacer battle-history"><br></div><div class="battle-history">Go! <strong>Crobat</strong>!<br></div><div class="spacer battle-history"><br></div><h2 class="battle-history">Turn 9</h2><div class="spacer battle-history"><br></div><div class="battle-history">Crobat used <strong>U-turn</strong>!<br></div><div class="battle-history"><small>(The opposing Whimsy lost <abbr title="−72/261">27.6%</abbr> of its health!)</small><br></div><div class="spacer battle-history"><br></div><div class="battle-history">Crobat went back to Luis_Zuniga_SPS!<br></div><div class="battle-history">Go! <strong>Porygon2</strong>!<br></div><div class="spacer battle-history"><br></div><div class="battle-history">The opposing Whimsy used <strong>Psychic</strong>!<br></div><div class="battle-history"><small>(Porygon2 lost <abbr title="−53/312">17.0%</abbr> of its health!)</small><br></div><div class="spacer battle-history"><br></div><div class="battle-history"><small>The opposing Whimsy restored a little HP using its Leftovers!</small><br></div><div class="spacer battle-history"><br></div><h2 class="battle-history">Turn 10</h2><div class="spacer battle-history"><br></div><div class="battle-history">The opposing Whimsy used <strong>Leech Seed</strong>!<br></div><div class="battle-history"><small>Porygon2 was seeded!</small><br></div><div class="spacer battle-history"><br></div><div class="battle-history">Porygon2 used <strong>Ice Beam</strong>!<br></div><div class="battle-history"><small>It's super effective!</small><br></div><div class="battle-history"><small>A critical hit!</small><br></div><div class="battle-history"><small>(The opposing Whimsy lost <abbr title="−205/261">78.5%</abbr> of its health!)</small><br></div><div class="spacer battle-history"><br></div><div class="battle-history">The opposing Whimsy fainted!<br></div><div class="spacer battle-history"><br></div><div class="battle-history">753398445a sent out Nina (<strong>Espeon</strong>)!<br></div><div class="spacer battle-history"><br></div><h2 class="battle-history">Turn 11</h2><div class="spacer battle-history"><br></div><div class="battle-history">Porygon2, come back!<br></div><div class="battle-history">Go! <strong>Shuckle</strong>!<br></div><div class="spacer battle-history"><br></div><div class="battle-history">The opposing Nina used <strong>Calm Mind</strong>!<br></div><div class="battle-history"><small>The opposing Nina's Special Attack rose!</small><br></div><div class="battle-history"><small>The opposing Nina's Special Defense rose!</small><br></div><div class="spacer battle-history"><br></div><h2 class="battle-history">Turn 12</h2><div class="spacer battle-history"><br></div><div class="battle-history">The opposing Nina used <strong>Shadow Ball</strong>!<br></div><div class="battle-history"><small>A critical hit!</small><br></div><div class="battle-history"><small>(Shuckle lost <abbr title="−87/182">47.8%</abbr> of its health!)</small><br></div><div class="spacer battle-history"><br></div><div class="battle-history">Shuckle used <strong>Infestation</strong>!<br></div><div class="battle-history"><small>It's super effective!</small><br></div><div class="battle-history"><small>(The opposing Nina lost <abbr title="−8/271">3.0%</abbr> of its health!)</small><br></div><div class="battle-history"><small>The opposing Nina has been afflicted with an infestation by Shuckle!</small><br></div><div class="spacer battle-history"><br></div><div class="battle-history"><small>Shuckle restored a little HP using its Leftovers!</small><br></div><div class="battle-history"><small>The opposing Nina is hurt by Infestation!</small><br></div><div class="spacer battle-history"><br></div><h2 class="battle-history">Turn 13</h2><div class="spacer battle-history"><br></div><div class="battle-history">The opposing Nina used <strong>Psychic</strong>!<br></div><div class="battle-history"><small>(Shuckle lost <abbr title="−106/182">58.2%</abbr> of its health!)</small><br></div><div class="spacer battle-history"><br></div><div class="battle-history">Shuckle fainted!<br></div><div class="spacer battle-history"><br></div><div class="battle-history">Go! <strong>Crobat</strong>!<br></div><div class="spacer battle-history"><br></div><h2 class="battle-history">Turn 14</h2><div class="spacer battle-history"><br></div><div class="battle-history">Crobat used <strong>U-turn</strong>!<br></div><div class="battle-history"><small>It's super effective!</small><br></div><div class="battle-history"><small>(The opposing Nina lost <abbr title="−218/271">80.4%</abbr> of its health!)</small><br></div><div class="spacer battle-history"><br></div><div class="battle-history">Crobat went back to Luis_Zuniga_SPS!<br></div><div class="battle-history">Go! <strong>Porygon2</strong>!<br></div><div class="spacer battle-history"><br></div><div class="battle-history">The opposing Nina used <strong>Shadow Ball</strong>!<br></div><div class="battle-history"><small>It doesn't affect Porygon2...</small><br></div><div class="spacer battle-history"><br></div><h2 class="battle-history">Turn 15</h2><div class="chat chatmessage-753398445a"><strong style="color:hsl(215,66%,50.251917949013404%)"><small>☆</small><span class="username" data-name="753398445a">753398445a</span>:</strong> <em>Nice prediction</em></div><div class="spacer battle-history"><br></div><div class="battle-history">The opposing Nina used <strong>Psychic</strong>!<br></div><div class="battle-history"><small>A critical hit!</small><br></div><div class="battle-history"><small>(Porygon2 lost <abbr title="−238/312">76.3%</abbr> of its health!)</small><br></div><div class="spacer battle-history"><br></div><div class="battle-history">Porygon2 used <strong>Ice Beam</strong>!<br></div><div class="battle-history"><small>A critical hit!</small><br></div><div class="battle-history"><small>(The opposing Nina lost <abbr title="−12/271">4.4%</abbr> of its health!)</small><br></div><div class="spacer battle-history"><br></div><div class="battle-history">The opposing Nina fainted!<br></div><div class="chat chatmessage-luiszunigasps"><strong style="color:hsl(144,57%,39%)"><small>☆</small><span class="username" data-name="Luis_Zuniga_SPS">Luis_Zuniga_SPS</span>:</strong> <em>lucky, matter of fact</em></div><div class="spacer battle-history"><br></div><div class="battle-history">753398445a sent out Inconspicuous Tree (<strong>Sudowoodo</strong>)!<br></div><div class="spacer battle-history"><br></div><h2 class="battle-history">Turn 16</h2><div class="chat chatmessage-753398445a"><strong style="color:hsl(215,66%,50.251917949013404%)"><small>☆</small><span class="username" data-name="753398445a">753398445a</span>:</strong> <em>I hads expected celebi</em></div><div class="chat chatmessage-753398445a"><strong style="color:hsl(215,66%,50.251917949013404%)"><small>☆</small><span class="username" data-name="753398445a">753398445a</span>:</strong> <em>*had</em></div><div class="spacer battle-history"><br></div><div class="battle-history">The opposing Inconspicuous Tree used <strong>Sucker Punch</strong>!<br></div><div class="battle-history"><small>But it failed!</small><br></div><div class="spacer battle-history"><br></div><div class="battle-history">Porygon2 used <strong>Recover</strong>!<br></div><div class="battle-history"><small>Porygon2 restored its HP.</small><br></div><div class="spacer battle-history"><br></div><h2 class="battle-history">Turn 17</h2><div class="spacer battle-history"><br></div><div class="battle-history">Porygon2 used <strong>Ice Beam</strong>!<br></div><div class="battle-history"><small>(The opposing Inconspicuous Tree lost <abbr title="−85/335">25.4%</abbr> of its health!)</small><br></div><div class="spacer battle-history"><br></div><div class="battle-history">The opposing Inconspicuous Tree used <strong>Wood Hammer</strong>!<br></div><div class="battle-history"><small>A critical hit!</small><br></div><div class="battle-history"><small>(Porygon2 lost <abbr title="−111/312">35.6%</abbr> of its health!)</small><br></div><div class="spacer battle-history"><br></div><h2 class="battle-history">Turn 18</h2><div class="spacer battle-history"><br></div><div class="battle-history">Porygon2 used <strong>Recover</strong>!<br></div><div class="battle-history"><small>Porygon2 restored its HP.</small><br></div><div class="spacer battle-history"><br></div><div class="battle-history">The opposing Inconspicuous Tree used <strong>Fire Punch</strong>!<br></div><div class="battle-history"><small>(Porygon2 lost <abbr title="−48/312">15.4%</abbr> of its health!)</small><br></div><div class="spacer battle-history"><br></div><h2 class="battle-history">Turn 19</h2><div class="spacer battle-history"><br></div><div class="battle-history">Porygon2 used <strong>Ice Beam</strong>!<br></div><div class="battle-history"><small>(The opposing Inconspicuous Tree lost <abbr title="−85/335">25.4%</abbr> of its health!)</small><br></div><div class="battle-history"><small>The opposing Inconspicuous Tree was frozen solid!</small><br></div><div class="spacer battle-history"><br></div><div class="battle-history">The opposing Inconspicuous Tree is frozen solid!<br></div><div class="spacer battle-history"><br></div><h2 class="battle-history">Turn 20</h2><div class="spacer battle-history"><br></div><div class="battle-history">Porygon2, come back!<br></div><div class="battle-history">Go! <strong>Celebi</strong>!<br></div><div class="spacer battle-history"><br></div><div class="battle-history">The opposing Inconspicuous Tree is frozen solid!<br></div><div class="spacer battle-history"><br></div><h2 class="battle-history">Turn 21</h2><div class="spacer battle-history"><br></div><div class="battle-history">The opposing Inconspicuous Tree is frozen solid!<br></div><div class="spacer battle-history"><br></div><div class="battle-history">Celebi used <strong>Nasty Plot</strong>!<br></div><div class="battle-history"><small>Celebi's Special Attack rose sharply!</small><br></div><div class="spacer battle-history"><br></div><h2 class="battle-history">Turn 22</h2><div class="spacer battle-history"><br></div><div class="battle-history">Celebi used <strong>Giga Drain</strong>!<br></div><div class="battle-history"><small>It's super effective!</small><br></div><div class="battle-history"><small>(The opposing Inconspicuous Tree lost <abbr title="−165/335">49.3%</abbr> of its health!)</small><br></div><div class="spacer battle-history"><br></div><div class="battle-history">The opposing Inconspicuous Tree fainted!<br></div><div class="spacer battle-history"><br></div><div class="battle-history">753398445a sent out Pterodactyl (<strong>Aerodactyl</strong>)!<br></div><div class="battle-history"><small>[The opposing Pterodactyl's Pressure]</small><br><small>The opposing Pterodactyl is exerting its pressure!</small><br></div><div class="spacer battle-history"><br></div><h2 class="battle-history">Turn 23</h2><div class="chat chatmessage-753398445a"><strong style="color:hsl(215,66%,50.251917949013404%)"><small>☆</small><span class="username" data-name="753398445a">753398445a</span>:</strong> <em>Gg</em></div><div class="chat chatmessage-luiszunigasps"><strong style="color:hsl(144,57%,39%)"><small>☆</small><span class="username" data-name="Luis_Zuniga_SPS">Luis_Zuniga_SPS</span>:</strong> <em>gg</em></div><div class="spacer battle-history"><br></div><div class="battle-history"><small>The opposing Pterodactyl's Aerodactylite is reacting to 753398445a's Mega Bracelet!</small><br>The opposing Pterodactyl has Mega Evolved into Mega Aerodactyl!<br></div><div class="spacer battle-history"><br></div><div class="battle-history">The opposing Pterodactyl used <strong>Aerial Ace</strong>!<br></div><div class="battle-history"><small>It's super effective!</small><br></div><div class="battle-history"><small>(Celebi lost <abbr title="−272/342">79.5%</abbr> of its health!)</small><br></div><div class="spacer battle-history"><br></div><div class="battle-history">Celebi used <strong>Giga Drain</strong>!<br></div><div class="battle-history"><small>(The opposing Pterodactyl lost <abbr title="−252/301">83.7%</abbr> of its health!)</small><br></div><div class="battle-history"><small>The opposing Pterodactyl had its energy drained!</small><br></div><div class="spacer battle-history"><br></div><h2 class="battle-history">Turn 24</h2><div class="spacer battle-history"><br></div><div class="battle-history">The opposing Pterodactyl used <strong>Aerial Ace</strong>!<br></div><div class="battle-history"><small>It's super effective!</small><br></div><div class="battle-history"><small>(Celebi lost <abbr title="−196/342">57.3%</abbr> of its health!)</small><br></div><div class="spacer battle-history"><br></div><div class="battle-history">Celebi fainted!<br></div><div class="spacer battle-history"><br></div><div class="battle-history">Go! <strong>Porygon2</strong>!<br></div><div class="spacer battle-history"><br></div><h2 class="battle-history">Turn 25</h2><div class="spacer battle-history"><br></div><div class="battle-history">The opposing Pterodactyl used <strong>Aerial Ace</strong>!<br></div><div class="battle-history"><small>(Porygon2 lost <abbr title="−85/312">27.2%</abbr> of its health!)</small><br></div><div class="spacer battle-history"><br></div><div class="battle-history">Porygon2 used <strong>Ice Beam</strong>!<br></div><div class="battle-history"><small>It's super effective!</small><br></div><div class="battle-history"><small>(The opposing Pterodactyl lost <abbr title="−49/301">16.3%</abbr> of its health!)</small><br></div><div class="spacer battle-history"><br></div><div class="battle-history">The opposing Pterodactyl fainted!<br></div><div class="spacer battle-history"><br></div><div class="battle-history"><strong>Luis_Zuniga_SPS</strong> won the battle!<br></div><div class="chat">Luis_Zuniga_SPS's rating: 1262 → <strong>1278</strong><br>(+16 for winning)</div><div class="chat">753398445a's rating: 1120 → <strong>1105</strong><br>(-15 for losing)</div></div><div class="inner-preempt"></div></div></div>
</div>
<script>
let daily = Math.floor(Date.now()/1000/60/60/24);document.write('<script src="https://play.pokemonshowdown.com/js/replay-embed.js?version'+daily+'"></'+'script>');
</script>
