<!DOCTYPE html>
<meta charset="utf-8" />
<!-- version 1 -->
<title>UU replay: sniper vs. Binix</title>
<style>
html,body {font-family:Verdana, sans-serif;font-size:10pt;margin:0;padding:0;}body{padding:12px 0;} .battle-log {font-family:Verdana, sans-serif;font-size:10pt;} .battle-log-inline {border:1px solid #AAAAAA;background:#EEF2F5;color:black;max-width:640px;margin:0 auto 80px;padding-bottom:5px;} .battle-log .inner {padding:4px 8px 0px 8px;} .battle-log .inner-preempt {padding:0 8px 4px 8px;} .battle-log .inner-after {margin-top:0.5em;} .battle-log h2 {margin:0.5em -8px;padding:4px 8px;border:1px solid #AAAAAA;background:#E0E7EA;border-left:0;border-right:0;font-family:Verdana, sans-serif;font-size:13pt;} .battle-log .chat {vertical-align:middle;padding:3px 0 3px 0;font-size:8pt;} .battle-log .chat strong {color:#40576A;} .battle-log .chat em {padding:1px 4px 1px 3px;color:#000000;font-style:normal;} .chat.mine {background:rgba(0,0,0,0.05);margin-left:-8px;margin-right:-8px;padding-left:8px;padding-right:8px;} .spoiler {color:#BBBBBB;background:#BBBBBB;padding:0px 3px;} .spoiler:hover, .spoiler:active, .spoiler-shown {color:#000000;background:#E2E2E2;padding:0px 3px;} .spoiler a {color:#BBBBBB;} .spoiler:hover a, .spoiler:active a, .spoiler-shown a {color:#2288CC;} .chat code, .chat .spoiler:hover code, .chat .spoiler:active code, .chat .spoiler-shown code {border:1px solid #C0C0C0;background:#EEEEEE;color:black;padding:0 2px;} .chat .spoiler code {border:1px solid #CCCCCC;background:#CCCCCC;color:#CCCCCC;} .battle-log .rated {padding:3px 4px;} .battle-log .rated strong {color:white;background:#89A;padding:1px 4px;border-radius:4px;} .spacer {margin-top:0.5em;} .message-announce {background:#6688AA;color:white;padding:1px 4px 2px;} .message-announce a, .broadcast-green a, .broadcast-blue a, .broadcast-red a {color:#DDEEFF;} .broadcast-green {background-color:#559955;color:white;padding:2px 4px;} .broadcast-blue {background-color:#6688AA;color:white;padding:2px 4px;} .infobox {border:1px solid #6688AA;padding:2px 4px;} .infobox-limited {max-height:200px;overflow:auto;overflow-x:hidden;} .broadcast-red {background-color:#AA5544;color:white;padding:2px 4px;} .message-learn-canlearn {font-weight:bold;color:#228822;text-decoration:underline;} .message-learn-cannotlearn {font-weight:bold;color:#CC2222;text-decoration:underline;} .message-effect-weak {font-weight:bold;color:#CC2222;} .message-effect-resist {font-weight:bold;color:#6688AA;} .message-effect-immune {font-weight:bold;color:#666666;} .message-learn-list {margin-top:0;margin-bottom:0;} .message-throttle-notice, .message-error {color:#992222;} .message-overflow, .chat small.message-overflow {font-size:0pt;} .message-overflow::before {font-size:9pt;content:'...';} .subtle {color:#3A4A66;}
</style>
<div class="wrapper replay-wrapper" style="max-width:1180px;margin:0 auto">
<input type="hidden" name="replayid" value="uu-575379330" />
<div class="battle"></div><div class="battle-log"></div><div class="replay-controls"></div><div class="replay-controls-2"></div>
<h1 style="font-weight:normal;text-align:center"><strong>UU</strong><br /><a href="http://pokemonshowdown.com/users/sniper" class="subtle" target="_blank">sniper</a> vs. <a href="http://pokemonshowdown.com/users/binix" class="subtle" target="_blank">Binix</a></h1>
<script type="text/plain" class="battle-log-data">|j|sniper
|j|Binix
|player|p1|sniper|173
|player|p2|Binix|1
|gametype|singles
|gen|6
|tier|UU
|seed|28250,12288,54247,6918
|rule|Sleep Clause Mod: Limit one foe put to sleep
|rule|Species Clause: Limit one of each Pokémon
|rule|OHKO Clause: OHKO moves are banned
|rule|Moody Clause: Moody is banned
|rule|Evasion Moves Clause: Evasion moves are banned
|rule|Endless Battle Clause: Forcing endless battles is banned
|rule|HP Percentage Mod: HP is shown in percentages
|clearpoke
|poke|p1|Gardevoir, F|item
|poke|p1|Hydreigon, F|item
|poke|p1|Doublade, M|item
|poke|p1|Swampert, F|item
|poke|p1|Tentacruel, F|item
|poke|p1|Blissey, F|item
|poke|p2|Aggron, M, shiny|item
|poke|p2|Celebi|item
|poke|p2|Gligar, F|item
|poke|p2|Sylveon, F|item
|poke|p2|Mienshao, F|item
|poke|p2|Suicune, shiny|item
|rule|Swagger Clause: Swagger is banned
|rule|Baton Pass Clause: Limit one Baton Passer, can't pass Spe and other stats simultaneously
|teampreview
|j|StarBlim
|j|quagsgone
|j|Bhris Brown
|choice|team 4, team 2, team 3, team 1, team 5, team 6|team 5, team 2, team 3, team 4, team 1, team 6
|
|start
|switch|p1a: Swampert|Swampert, F|404\/404
|switch|p2a: Mienshao|Mienshao, F|271\/271
|turn|1
|choice|move stealthrock mega|move uturn
|
|detailschange|p1a: Swampert|Swampert-Mega, F
|-mega|p1a: Swampert|Swampert|Swampertite
|move|p2a: Mienshao|U-turn|p1a: Swampert
|-damage|p1a: Swampert|349\/404
|choice||switch 2
|
|switch|p2a: Celebi|Celebi|341\/341
|move|p1a: Swampert|Stealth Rock|p2a: Celebi
|-sidestart|p2: Binix|move: Stealth Rock
|
|upkeep
|turn|2
|choice|switch 4|switch 4
|
|switch|p2a: Sylveon|Sylveon, F|331\/331
|-damage|p2a: Sylveon|290\/331|[from] Stealth Rock
|switch|p1a: Gardevoir|Gardevoir, F|277\/277
|-ability|p1a: Gardevoir|[object Object]|[from] ability: Trace|[of] p2a: Sylveon
|
|upkeep
|turn|3
|choice|move moonblast|move shadowball
|
|move|p1a: Gardevoir|Moonblast|p2a: Sylveon
|-damage|p2a: Sylveon|107\/331
|move|p2a: Sylveon|Shadow Ball|p1a: Gardevoir
|-supereffective|p1a: Gardevoir
|-damage|p1a: Gardevoir|31\/277
|
|upkeep
|turn|4
|choice|move moonblast|switch 5
|
|switch|p2a: Aggron|Aggron, M, shiny|344\/344
|-damage|p2a: Aggron|323\/344|[from] Stealth Rock
|move|p1a: Gardevoir|Moonblast|p2a: Aggron
|-resisted|p2a: Aggron
|-damage|p2a: Aggron|206\/344
|
|upkeep
|turn|5
|choice|switch 4|move stealthrock mega
|
|switch|p1a: Swampert|Swampert-Mega, F|349\/404
|detailschange|p2a: Aggron|Aggron-Mega, M, shiny
|-mega|p2a: Aggron|Aggron|Aggronite
|move|p2a: Aggron|Stealth Rock|p1a: Swampert
|-sidestart|p1: sniper|move: Stealth Rock
|
|upkeep
|turn|6
|choice|move earthquake|switch 6
|
|switch|p2a: Suicune|Suicune, shiny|404\/404
|-damage|p2a: Suicune|354\/404|[from] Stealth Rock
|-ability|p2a: Suicune|Pressure
|move|p1a: Swampert|Earthquake|p2a: Suicune
|-damage|p2a: Suicune|245\/404
|
|-heal|p2a: Suicune|270\/404|[from] item: Leftovers
|upkeep
|turn|7
|choice|switch 5|move scald
|
|switch|p1a: Tentacruel|Tentacruel, F|361\/361
|-damage|p1a: Tentacruel|316\/361|[from] Stealth Rock
|move|p2a: Suicune|Scald|p1a: Tentacruel
|-resisted|p1a: Tentacruel
|-crit|p1a: Tentacruel
|-damage|p1a: Tentacruel|259\/361
|-status|p1a: Tentacruel|brn
|
|-heal|p1a: Tentacruel|281\/361 brn|[from] item: Black Sludge
|-heal|p2a: Suicune|295\/404|[from] item: Leftovers
|-damage|p1a: Tentacruel|236\/361 brn|[from] brn
|upkeep
|turn|8
|choice|move rapidspin|move calmmind
|
|move|p1a: Tentacruel|Rapid Spin|p2a: Suicune
|-damage|p2a: Suicune|292\/404
|-sideend|p1: sniper|Stealth Rock|[from] move: Rapid Spin|[of] p1a: Tentacruel
|move|p2a: Suicune|Calm Mind|p2a: Suicune
|-boost|p2a: Suicune|spa|1
|-boost|p2a: Suicune|spd|1
|
|-heal|p1a: Tentacruel|258\/361 brn|[from] item: Black Sludge
|-heal|p2a: Suicune|317\/404|[from] item: Leftovers
|-damage|p1a: Tentacruel|213\/361 brn|[from] brn
|upkeep
|turn|9
|choice|move toxicspikes|move scald
|
|move|p1a: Tentacruel|Toxic Spikes|p2a: Suicune
|-sidestart|p2: Binix|move: Toxic Spikes
|move|p2a: Suicune|Scald|p1a: Tentacruel
|-resisted|p1a: Tentacruel
|-damage|p1a: Tentacruel|156\/361 brn
|
|-heal|p1a: Tentacruel|178\/361 brn|[from] item: Black Sludge
|-heal|p2a: Suicune|342\/404|[from] item: Leftovers
|-damage|p1a: Tentacruel|133\/361 brn|[from] brn
|upkeep
|turn|10
|choice|switch 6|move scald
|
|switch|p1a: Blissey|Blissey, F|714\/714
|move|p2a: Suicune|Scald|p1a: Blissey
|-damage|p1a: Blissey|609\/714
|-status|p1a: Blissey|brn
|
|-heal|p2a: Suicune|367\/404|[from] item: Leftovers
|-heal|p1a: Blissey|653\/714 brn|[from] item: Leftovers
|-damage|p1a: Blissey|564\/714 brn|[from] brn
|upkeep
|turn|11
|choice|move healbell|move calmmind
|
|move|p2a: Suicune|Calm Mind|p2a: Suicune
|-boost|p2a: Suicune|spa|1
|-boost|p2a: Suicune|spd|1
|move|p1a: Blissey|Heal Bell|p1a: Blissey
|-activate|p1a: Blissey|move: Heal Bell
|-curestatus|p1a: Blissey|brn|[msg]
|-curestatus|p1: Tentacruel|brn|[msg]
|
|-heal|p2a: Suicune|392\/404|[from] item: Leftovers
|-heal|p1a: Blissey|608\/714|[from] item: Leftovers
|upkeep
|turn|12
|choice|move wish|move calmmind
|
|move|p2a: Suicune|Calm Mind|p2a: Suicune
|-boost|p2a: Suicune|spa|1
|-boost|p2a: Suicune|spd|1
|move|p1a: Blissey|Wish|p1a: Blissey
|
|-heal|p2a: Suicune|404\/404|[from] item: Leftovers
|-heal|p1a: Blissey|652\/714|[from] item: Leftovers
|upkeep
|turn|13
|choice|switch 6|move scald
|
|switch|p1a: Tentacruel|Tentacruel, F|133\/361
|move|p2a: Suicune|Scald|p1a: Tentacruel
|-resisted|p1a: Tentacruel
|-crit|p1a: Tentacruel
|-damage|p1a: Tentacruel|0 fnt
|faint|p1a: Tentacruel
|
|upkeep
|choice|switch 4|
|
|switch|p1a: Gardevoir|Gardevoir, F|31\/277
|-ability|p1a: Gardevoir|Pressure|[from] ability: Trace|[of] p2a: Suicune
|-ability|p1a: Gardevoir|Pressure
|turn|14
|j|Megapoketalecreed
|choice|move trick|switch 6
|
|switch|p2a: Aggron|Aggron-Mega, M, shiny|206\/344
|-damage|p2a: Aggron|185\/344|[from] Stealth Rock
|move|p1a: Gardevoir|Trick|p2a: Aggron
|-fail|p2a: Aggron
|
|upkeep
|turn|15
|choice|switch 5|move earthquake
|
|switch|p1a: Swampert|Swampert-Mega, F|349\/404
|move|p2a: Aggron|Earthquake|p1a: Swampert
|-damage|p1a: Swampert|279\/404
|
|upkeep
|turn|16
|choice|move roar|switch 4
|
|switch|p2a: Celebi|Celebi|341\/341
|-damage|p2a: Celebi|299\/341|[from] Stealth Rock
|-status|p2a: Celebi|psn
|move|p1a: Swampert|Roar|p2a: Celebi
|-curestatus|p2a: Celebi|psn|[from] ability: Natural Cure
|drag|p2a: Gligar|Gligar, F|325\/325
|-damage|p2a: Gligar|285\/325|[from] Stealth Rock
|
|upkeep
|turn|17
|choice|move scald|move defog
|
|move|p2a: Gligar|Defog|p1a: Swampert
|-unboost|p1a: Swampert|evasion|1
|-sideend|p2: Binix|Toxic Spikes|[from] move: Defog|[of] p2a: Gligar
|-sideend|p2: Binix|Stealth Rock|[from] move: Defog|[of] p2a: Gligar
|move|p1a: Swampert|Scald|p2a: Gligar
|-supereffective|p2a: Gligar
|-damage|p2a: Gligar|169\/325
|-status|p2a: Gligar|brn
|
|-damage|p2a: Gligar|129\/325 brn|[from] brn
|upkeep
|turn|18
|choice|move stealthrock|move uturn
|
|move|p2a: Gligar|U-turn|p1a: Swampert
|-damage|p1a: Swampert|264\/404
|choice||switch 5
|
|switch|p2a: Sylveon|Sylveon, F|107\/331
|move|p1a: Swampert|Stealth Rock|p2a: Sylveon
|-sidestart|p2: Binix|move: Stealth Rock
|
|upkeep
|turn|19
|j|Path of Sorrow
|l|Path of Sorrow
|choice|move earthquake|move hypervoice
|
|move|p2a: Sylveon|Hyper Voice|p1a: Swampert
|-crit|p1a: Swampert
|-damage|p1a: Swampert|0 fnt
|faint|p1a: Swampert
|
|upkeep
|choice|switch 5|
|
|switch|p1a: Gardevoir|Gardevoir, F|31\/277
|-ability|p1a: Gardevoir|[object Object]|[from] ability: Trace|[of] p2a: Sylveon
|turn|20
|choice|move moonblast|move hypervoice
|
|move|p1a: Gardevoir|Moonblast|p2a: Sylveon
|-damage|p2a: Sylveon|0 fnt
|faint|p2a: Sylveon
|
|upkeep
|choice||switch 2
|
|switch|p2a: Mienshao|Mienshao, F|271\/271
|-damage|p2a: Mienshao|255\/271|[from] Stealth Rock
|turn|21
|choice|switch 3|move uturn
|
|switch|p1a: Doublade|Doublade, M|321\/321
|move|p2a: Mienshao|U-turn|p1a: Doublade
|-resisted|p1a: Doublade
|-damage|p1a: Doublade|313\/321
|choice||switch 6
|
|switch|p2a: Suicune|Suicune, shiny|404\/404
|-damage|p2a: Suicune|354\/404|[from] Stealth Rock
|-ability|p2a: Suicune|Pressure
|
|-heal|p2a: Suicune|379\/404|[from] item: Leftovers
|upkeep
|turn|22
|choice|move swordsdance|move scald
|
|move|p2a: Suicune|Scald|p1a: Doublade
|-damage|p1a: Doublade|208\/321
|move|p1a: Doublade|Swords Dance|p1a: Doublade
|-boost|p1a: Doublade|atk|2
|
|-heal|p2a: Suicune|404\/404|[from] item: Leftovers
|upkeep
|turn|23
|choice|move shadowclaw|move scald
|
|move|p2a: Suicune|Scald|p1a: Doublade
|-damage|p1a: Doublade|108\/321
|-status|p1a: Doublade|brn
|move|p1a: Doublade|Shadow Claw|p2a: Suicune
|-damage|p2a: Suicune|320\/404
|
|-heal|p2a: Suicune|345\/404|[from] item: Leftovers
|-damage|p1a: Doublade|68\/321 brn|[from] brn
|upkeep
|turn|24
|choice|switch 6|move calmmind
|
|switch|p1a: Blissey|Blissey, F|652\/714
|move|p2a: Suicune|Calm Mind|p2a: Suicune
|-boost|p2a: Suicune|spa|1
|-boost|p2a: Suicune|spd|1
|
|-heal|p2a: Suicune|370\/404|[from] item: Leftovers
|-heal|p1a: Blissey|696\/714|[from] item: Leftovers
|upkeep
|turn|25
|choice|move healbell|move calmmind
|
|move|p2a: Suicune|Calm Mind|p2a: Suicune
|-boost|p2a: Suicune|spa|1
|-boost|p2a: Suicune|spd|1
|move|p1a: Blissey|Heal Bell|p1a: Blissey
|-activate|p1a: Blissey|move: Heal Bell
|-curestatus|p1: Doublade|brn|[msg]
|
|-heal|p2a: Suicune|395\/404|[from] item: Leftovers
|-heal|p1a: Blissey|714\/714|[from] item: Leftovers
|upkeep
|turn|26
|choice|move wish|move calmmind
|
|move|p2a: Suicune|Calm Mind|p2a: Suicune
|-boost|p2a: Suicune|spa|1
|-boost|p2a: Suicune|spd|1
|move|p1a: Blissey|Wish|p1a: Blissey
|
|-heal|p2a: Suicune|404\/404|[from] item: Leftovers
|upkeep
|turn|27
|choice|move seismictoss|move scald
|
|move|p2a: Suicune|Scald|p1a: Blissey
|-damage|p1a: Blissey|552\/714
|-status|p1a: Blissey|brn
|move|p1a: Blissey|Seismic Toss|p2a: Suicune
|-damage|p2a: Suicune|304\/404
|
|-heal|p1a: Blissey|714\/714 brn|[from] move: Wish|[wisher] Blissey
|-heal|p2a: Suicune|329\/404|[from] item: Leftovers
|-damage|p1a: Blissey|625\/714 brn|[from] brn
|upkeep
|turn|28
|choice|move seismictoss|move calmmind
|
|move|p2a: Suicune|Calm Mind|p2a: Suicune
|-boost|p2a: Suicune|spa|1
|-boost|p2a: Suicune|spd|1
|move|p1a: Blissey|Seismic Toss|p2a: Suicune
|-damage|p2a: Suicune|229\/404
|
|-heal|p2a: Suicune|254\/404|[from] item: Leftovers
|-heal|p1a: Blissey|669\/714 brn|[from] item: Leftovers
|-damage|p1a: Blissey|580\/714 brn|[from] brn
|upkeep
|turn|29
|choice|switch 3|move scald
|
|-curestatus|p1a: Blissey|brn|[from] ability: Natural Cure
|switch|p1a: Gardevoir|Gardevoir, F|31\/277
|-ability|p1a: Gardevoir|Pressure|[from] ability: Trace|[of] p2a: Suicune
|-ability|p1a: Gardevoir|Pressure
|move|p2a: Suicune|Scald|p1a: Gardevoir
|-damage|p1a: Gardevoir|0 fnt
|faint|p1a: Gardevoir
|
|-heal|p2a: Suicune|279\/404|[from] item: Leftovers
|upkeep
|-message|sniper forfeited.
|
|win|Binix
|l|sniper
|l|quagsgone
|l|Binix
|l|Megapoketalecreed
|l|Bhris Brown</script>
</div>
<div class="battle-log battle-log-inline"><div class="inner"><div class="battle-options"></div><div class="inner"><div class="chat"><small>sniper joined.</small></div><div class="chat"><small>Binix joined.</small></div><div class=""><small>Format:</small> <br><strong>UU</strong></div><div class=""><small><em>Sleep Clause Mod:</em> Limit one foe put to sleep</small></div><div class=""><small><em>Species Clause:</em> Limit one of each Pokémon</small></div><div class=""><small><em>OHKO Clause:</em> OHKO moves are banned</small></div><div class=""><small><em>Moody Clause:</em> Moody is banned</small></div><div class=""><small><em>Evasion Moves Clause:</em> Evasion moves are banned</small></div><div class=""><small><em>Endless Battle Clause:</em> Forcing endless battles is banned</small></div><div class=""><small><em>HP Percentage Mod:</em> HP is shown in percentages</small></div><div class=""><small><em>Swagger Clause:</em> Swagger is banned</small></div><div class=""><small><em>Baton Pass Clause:</em> Limit one Baton Passer, can't pass Spe and other stats simultaneously</small></div><div class="chat battle-history"><strong>sniper's team:</strong> <em style="color:#445566;display:block;">Gardevoir / Hydreigon / Doublade / Swampert / Tentacruel / Blissey</em></div><div class="chat battle-history"><strong>Binix's team:</strong> <em style="color:#445566;display:block;">Aggron / Celebi / Gligar / Sylveon / Mienshao / Suicune</em></div><div class="chat"><small>StarBlim joined.</small></div><div class="chat"><small>quagsgone joined.</small></div><div class="chat"><small>Bhris Brown joined.</small></div><div class="spacer battle-history"><br></div><div class="battle-history">Battle started between sniper and Binix!<br></div><div class="spacer battle-history"><br></div><div class="battle-history">Go! <strong>Swampert</strong>!<br></div><div class="spacer battle-history"><br></div><div class="battle-history">Binix sent out <strong>Mienshao</strong>!<br></div><div class="spacer battle-history"><br></div><h2 class="battle-history">Turn 1</h2><div class="spacer battle-history"><br></div><div class="battle-history"><small>Swampert's Swampertite is reacting to sniper's Mega Bracelet!</small><br>Swampert has Mega Evolved into Mega Swampert!<br></div><div class="spacer battle-history"><br></div><div class="battle-history">The opposing Mienshao used <strong>U-turn</strong>!<br></div><div class="battle-history"><small>(Swampert lost <abbr title="−55/404">13.6%</abbr> of its health!)</small><br></div><div class="spacer battle-history"><br></div><div class="battle-history">The opposing Mienshao went back to Binix!<br></div><div class="battle-history">Binix sent out <strong>Celebi</strong>!<br></div><div class="spacer battle-history"><br></div><div class="battle-history">Swampert used <strong>Stealth Rock</strong>!<br></div><div class="battle-history"><small>Pointed stones float in the air around the opposing team!</small><br></div><div class="spacer battle-history"><br></div><h2 class="battle-history">Turn 2</h2><div class="spacer battle-history"><br></div><div class="battle-history">Binix withdrew Celebi!<br></div><div class="battle-history">Binix sent out <strong>Sylveon</strong>!<br></div><div class="battle-history"><small>Pointed stones dug into the opposing Sylveon!</small><br></div><div class="spacer battle-history"><br></div><div class="battle-history">Swampert, come back!<br></div><div class="battle-history">Go! <strong>Gardevoir</strong>!<br></div><div class="battle-history"><small>[Gardevoir's Trace]</small><br><small>Gardevoir traced the opposing Sylveon's !</small><br></div><div class="spacer battle-history"><br></div><h2 class="battle-history">Turn 3</h2><div class="spacer battle-history"><br></div><div class="battle-history">Gardevoir used <strong>Moonblast</strong>!<br></div><div class="battle-history"><small>(The opposing Sylveon lost <abbr title="−183/331">55.3%</abbr> of its health!)</small><br></div><div class="spacer battle-history"><br></div><div class="battle-history">The opposing Sylveon used <strong>Shadow Ball</strong>!<br></div><div class="battle-history"><small>It's super effective!</small><br></div><div class="battle-history"><small>(Gardevoir lost <abbr title="−246/277">88.8%</abbr> of its health!)</small><br></div><div class="spacer battle-history"><br></div><h2 class="battle-history">Turn 4</h2><div class="spacer battle-history"><br></div><div class="battle-history">Binix withdrew Sylveon!<br></div><div class="battle-history">Binix sent out <strong>Aggron</strong>!<br></div><div class="battle-history"><small>Pointed stones dug into the opposing Aggron!</small><br></div><div class="spacer battle-history"><br></div><div class="battle-history">Gardevoir used <strong>Moonblast</strong>!<br></div><div class="battle-history"><small>It's not very effective...</small><br></div><div class="battle-history"><small>(The opposing Aggron lost <abbr title="−117/344">34.0%</abbr> of its health!)</small><br></div><div class="spacer battle-history"><br></div><h2 class="battle-history">Turn 5</h2><div class="spacer battle-history"><br></div><div class="battle-history">Gardevoir, come back!<br></div><div class="battle-history">Go! Swampert (<strong>Swampert-Mega</strong>)!<br></div><div class="spacer battle-history"><br></div><div class="battle-history"><small>The opposing Aggron's Aggronite is reacting to Binix's Mega Bracelet!</small><br>The opposing Aggron has Mega Evolved into Mega Aggron!<br></div><div class="spacer battle-history"><br></div><div class="battle-history">The opposing Aggron used <strong>Stealth Rock</strong>!<br></div><div class="battle-history"><small>Pointed stones float in the air around your team!</small><br></div><div class="spacer battle-history"><br></div><h2 class="battle-history">Turn 6</h2><div class="spacer battle-history"><br></div><div class="battle-history">Binix withdrew Aggron!<br></div><div class="battle-history">Binix sent out <strong>Suicune</strong>!<br></div><div class="battle-history"><small>Pointed stones dug into the opposing Suicune!</small><br></div><div class="battle-history"><small>[The opposing Suicune's Pressure]</small><br><small>The opposing Suicune is exerting its pressure!</small><br></div><div class="spacer battle-history"><br></div><div class="battle-history">Swampert used <strong>Earthquake</strong>!<br></div><div class="battle-history"><small>(The opposing Suicune lost <abbr title="−109/404">27.0%</abbr> of its health!)</small><br></div><div class="spacer battle-history"><br></div><div class="battle-history"><small>The opposing Suicune restored a little HP using its Leftovers!</small><br></div><div class="spacer battle-history"><br></div><h2 class="battle-history">Turn 7</h2><div class="spacer battle-history"><br></div><div class="battle-history">Swampert, come back!<br></div><div class="battle-history">Go! <strong>Tentacruel</strong>!<br></div><div class="battle-history"><small>Pointed stones dug into Tentacruel!</small><br></div><div class="spacer battle-history"><br></div><div class="battle-history">The opposing Suicune used <strong>Scald</strong>!<br></div><div class="battle-history"><small>It's not very effective...</small><br></div><div class="battle-history"><small>A critical hit!</small><br></div><div class="battle-history"><small>(Tentacruel lost <abbr title="−57/361">15.8%</abbr> of its health!)</small><br></div><div class="battle-history"><small>Tentacruel was burned!</small><br></div><div class="spacer battle-history"><br></div><div class="battle-history"><small>Tentacruel restored a little HP using its Black Sludge!</small><br></div><div class="battle-history"><small>The opposing Suicune restored a little HP using its Leftovers!</small><br></div><div class="battle-history"><small>Tentacruel was hurt by its burn!</small><br></div><div class="spacer battle-history"><br></div><h2 class="battle-history">Turn 8</h2><div class="spacer battle-history"><br></div><div class="battle-history">Tentacruel used <strong>Rapid Spin</strong>!<br></div><div class="battle-history"><small>(The opposing Suicune lost <abbr title="−3/404">0.7%</abbr> of its health!)</small><br></div><div class="battle-history"><small>The pointed stones disappeared from around your team!</small><br></div><div class="spacer battle-history"><br></div><div class="battle-history">The opposing Suicune used <strong>Calm Mind</strong>!<br></div><div class="battle-history"><small>The opposing Suicune's Special Attack rose!</small><br></div><div class="battle-history"><small>The opposing Suicune's Special Defense rose!</small><br></div><div class="spacer battle-history"><br></div><div class="battle-history"><small>Tentacruel restored a little HP using its Black Sludge!</small><br></div><div class="battle-history"><small>The opposing Suicune restored a little HP using its Leftovers!</small><br></div><div class="battle-history"><small>Tentacruel was hurt by its burn!</small><br></div><div class="spacer battle-history"><br></div><h2 class="battle-history">Turn 9</h2><div class="spacer battle-history"><br></div><div class="battle-history">Tentacruel used <strong>Toxic Spikes</strong>!<br></div><div class="battle-history"><small>Poison spikes were scattered on the ground all around the opposing team!</small><br></div><div class="spacer battle-history"><br></div><div class="battle-history">The opposing Suicune used <strong>Scald</strong>!<br></div><div class="battle-history"><small>It's not very effective...</small><br></div><div class="battle-history"><small>(Tentacruel lost <abbr title="−57/361">15.8%</abbr> of its health!)</small><br></div><div class="spacer battle-history"><br></div><div class="battle-history"><small>Tentacruel restored a little HP using its Black Sludge!</small><br></div><div class="battle-history"><small>The opposing Suicune restored a little HP using its Leftovers!</small><br></div><div class="battle-history"><small>Tentacruel was hurt by its burn!</small><br></div><div class="spacer battle-history"><br></div><h2 class="battle-history">Turn 10</h2><div class="spacer battle-history"><br></div><div class="battle-history">Tentacruel, come back!<br></div><div class="battle-history">Go! <strong>Blissey</strong>!<br></div><div class="spacer battle-history"><br></div><div class="battle-history">The opposing Suicune used <strong>Scald</strong>!<br></div><div class="battle-history"><small>(Blissey lost <abbr title="−105/714">14.7%</abbr> of its health!)</small><br></div><div class="battle-history"><small>Blissey was burned!</small><br></div><div class="spacer battle-history"><br></div><div class="battle-history"><small>The opposing Suicune restored a little HP using its Leftovers!</small><br></div><div class="battle-history"><small>Blissey restored a little HP using its Leftovers!</small><br></div><div class="battle-history"><small>Blissey was hurt by its burn!</small><br></div><div class="spacer battle-history"><br></div><h2 class="battle-history">Turn 11</h2><div class="spacer battle-history"><br></div><div class="battle-history">The opposing Suicune used <strong>Calm Mind</strong>!<br></div><div class="battle-history"><small>The opposing Suicune's Special Attack rose!</small><br></div><div class="battle-history"><small>The opposing Suicune's Special Defense rose!</small><br></div><div class="spacer battle-history"><br></div><div class="battle-history">Blissey used <strong>Heal Bell</strong>!<br></div><div class="battle-history"><small>A bell chimed!</small><br></div><div class="battle-history"><small>Blissey's burn was healed.</small><br></div><div class="battle-history"><small>Tentacruel's burn was healed.</small><br></div><div class="spacer battle-history"><br></div><div class="battle-history"><small>The opposing Suicune restored a little HP using its Leftovers!</small><br></div><div class="battle-history"><small>Blissey restored a little HP using its Leftovers!</small><br></div><div class="spacer battle-history"><br></div><h2 class="battle-history">Turn 12</h2><div class="spacer battle-history"><br></div><div class="battle-history">The opposing Suicune used <strong>Calm Mind</strong>!<br></div><div class="battle-history"><small>The opposing Suicune's Special Attack rose!</small><br></div><div class="battle-history"><small>The opposing Suicune's Special Defense rose!</small><br></div><div class="spacer battle-history"><br></div><div class="battle-history">Blissey used <strong>Wish</strong>!<br></div><div class="spacer battle-history"><br></div><div class="battle-history"><small>The opposing Suicune restored a little HP using its Leftovers!</small><br></div><div class="battle-history"><small>Blissey restored a little HP using its Leftovers!</small><br></div><div class="spacer battle-history"><br></div><h2 class="battle-history">Turn 13</h2><div class="spacer battle-history"><br></div><div class="battle-history">Blissey, come back!<br></div><div class="battle-history">Go! <strong>Tentacruel</strong>!<br></div><div class="spacer battle-history"><br></div><div class="battle-history">The opposing Suicune used <strong>Scald</strong>!<br></div><div class="battle-history"><small>It's not very effective...</small><br></div><div class="battle-history"><small>A critical hit!</small><br></div><div class="battle-history"><small>(Tentacruel lost <abbr title="−133/361">36.8%</abbr> of its health!)</small><br></div><div class="spacer battle-history"><br></div><div class="battle-history">Tentacruel fainted!<br></div><div class="spacer battle-history"><br></div><div class="battle-history">Go! <strong>Gardevoir</strong>!<br></div><div class="battle-history"><small>[Gardevoir's Trace]</small><br><small>[Gardevoir's Pressure]</small><br><small>Gardevoir traced the opposing Suicune's Pressure!</small><br></div><div class="battle-history"><small>[Gardevoir's Pressure]</small><br><small>Gardevoir is exerting its pressure!</small><br></div><div class="spacer battle-history"><br></div><h2 class="battle-history">Turn 14</h2><div class="chat"><small>Megapoketalecreed joined.</small></div><div class="spacer battle-history"><br></div><div class="battle-history">Binix withdrew Suicune!<br></div><div class="battle-history">Binix sent out Aggron (<strong>Aggron-Mega</strong>)!<br></div><div class="battle-history"><small>Pointed stones dug into the opposing Aggron!</small><br></div><div class="spacer battle-history"><br></div><div class="battle-history">Gardevoir used <strong>Trick</strong>!<br></div><div class="battle-history"><small>But it failed!</small><br></div><div class="spacer battle-history"><br></div><h2 class="battle-history">Turn 15</h2><div class="spacer battle-history"><br></div><div class="battle-history">Gardevoir, come back!<br></div><div class="battle-history">Go! Swampert (<strong>Swampert-Mega</strong>)!<br></div><div class="spacer battle-history"><br></div><div class="battle-history">The opposing Aggron used <strong>Earthquake</strong>!<br></div><div class="battle-history"><small>(Swampert lost <abbr title="−70/404">17.3%</abbr> of its health!)</small><br></div><div class="spacer battle-history"><br></div><h2 class="battle-history">Turn 16</h2><div class="spacer battle-history"><br></div><div class="battle-history">Binix withdrew Aggron!<br></div><div class="battle-history">Binix sent out <strong>Celebi</strong>!<br></div><div class="battle-history"><small>Pointed stones dug into the opposing Celebi!</small><br></div><div class="battle-history"><small>The opposing Celebi was poisoned!</small><br></div><div class="spacer battle-history"><br></div><div class="battle-history">Swampert used <strong>Roar</strong>!<br></div><div class="spacer battle-history"><br></div><div class="battle-history"><small>(The opposing Celebi is cured by its Natural Cure!)</small><br></div><div class="battle-history"><strong>Gligar</strong> was dragged out!<br></div><div class="battle-history"><small>Pointed stones dug into the opposing Gligar!</small><br></div><div class="spacer battle-history"><br></div><h2 class="battle-history">Turn 17</h2><div class="spacer battle-history"><br></div><div class="battle-history">The opposing Gligar used <strong>Defog</strong>!<br></div><div class="battle-history"><small>Swampert's evasiveness fell!</small><br></div><div class="battle-history"><small>The poison spikes disappeared from the ground around the opposing team!</small><br></div><div class="battle-history"><small>The pointed stones disappeared from around the opposing team!</small><br></div><div class="spacer battle-history"><br></div><div class="battle-history">Swampert used <strong>Scald</strong>!<br></div><div class="battle-history"><small>It's super effective!</small><br></div><div class="battle-history"><small>(The opposing Gligar lost <abbr title="−116/325">35.7%</abbr> of its health!)</small><br></div><div class="battle-history"><small>The opposing Gligar was burned!</small><br></div><div class="spacer battle-history"><br></div><div class="battle-history"><small>The opposing Gligar was hurt by its burn!</small><br></div><div class="spacer battle-history"><br></div><h2 class="battle-history">Turn 18</h2><div class="spacer battle-history"><br></div><div class="battle-history">The opposing Gligar used <strong>U-turn</strong>!<br></div><div class="battle-history"><small>(Swampert lost <abbr title="−15/404">3.7%</abbr> of its health!)</small><br></div><div class="spacer battle-history"><br></div><div class="battle-history">The opposing Gligar went back to Binix!<br></div><div class="battle-history">Binix sent out <strong>Sylveon</strong>!<br></div><div class="spacer battle-history"><br></div><div class="battle-history">Swampert used <strong>Stealth Rock</strong>!<br></div><div class="battle-history"><small>Pointed stones float in the air around the opposing team!</small><br></div><div class="spacer battle-history"><br></div><h2 class="battle-history">Turn 19</h2><div class="chat"><small>Path of Sorrow joined.</small></div><div class="chat"><small>Path of Sorrow left.</small></div><div class="spacer battle-history"><br></div><div class="battle-history">The opposing Sylveon used <strong>Hyper Voice</strong>!<br></div><div class="battle-history"><small>A critical hit!</small><br></div><div class="battle-history"><small>(Swampert lost <abbr title="−264/404">65.3%</abbr> of its health!)</small><br></div><div class="spacer battle-history"><br></div><div class="battle-history">Swampert fainted!<br></div><div class="spacer battle-history"><br></div><div class="battle-history">Go! <strong>Gardevoir</strong>!<br></div><div class="battle-history"><small>[Gardevoir's Trace]</small><br><small>Gardevoir traced the opposing Sylveon's !</small><br></div><div class="spacer battle-history"><br></div><h2 class="battle-history">Turn 20</h2><div class="spacer battle-history"><br></div><div class="battle-history">Gardevoir used <strong>Moonblast</strong>!<br></div><div class="battle-history"><small>(The opposing Sylveon lost <abbr title="−107/331">32.3%</abbr> of its health!)</small><br></div><div class="spacer battle-history"><br></div><div class="battle-history">The opposing Sylveon fainted!<br></div><div class="spacer battle-history"><br></div><div class="battle-history">Binix sent out <strong>Mienshao</strong>!<br></div><div class="battle-history"><small>Pointed stones dug into the opposing Mienshao!</small><br></div><div class="spacer battle-history"><br></div><h2 class="battle-history">Turn 21</h2><div class="spacer battle-history"><br></div><div class="battle-history">Gardevoir, come back!<br></div><div class="battle-history">Go! <strong>Doublade</strong>!<br></div><div class="spacer battle-history"><br></div><div class="battle-history">The opposing Mienshao used <strong>U-turn</strong>!<br></div><div class="battle-history"><small>It's not very effective...</small><br></div><div class="battle-history"><small>(Doublade lost <abbr title="−8/321">2.5%</abbr> of its health!)</small><br></div><div class="spacer battle-history"><br></div><div class="battle-history">The opposing Mienshao went back to Binix!<br></div><div class="battle-history">Binix sent out <strong>Suicune</strong>!<br></div><div class="battle-history"><small>Pointed stones dug into the opposing Suicune!</small><br></div><div class="battle-history"><small>[The opposing Suicune's Pressure]</small><br><small>The opposing Suicune is exerting its pressure!</small><br></div><div class="spacer battle-history"><br></div><div class="battle-history"><small>The opposing Suicune restored a little HP using its Leftovers!</small><br></div><div class="spacer battle-history"><br></div><h2 class="battle-history">Turn 22</h2><div class="spacer battle-history"><br></div><div class="battle-history">The opposing Suicune used <strong>Scald</strong>!<br></div><div class="battle-history"><small>(Doublade lost <abbr title="−105/321">32.7%</abbr> of its health!)</small><br></div><div class="spacer battle-history"><br></div><div class="battle-history">Doublade used <strong>Swords Dance</strong>!<br></div><div class="battle-history"><small>Doublade's Attack rose sharply!</small><br></div><div class="spacer battle-history"><br></div><div class="battle-history"><small>The opposing Suicune restored a little HP using its Leftovers!</small><br></div><div class="spacer battle-history"><br></div><h2 class="battle-history">Turn 23</h2><div class="spacer battle-history"><br></div><div class="battle-history">The opposing Suicune used <strong>Scald</strong>!<br></div><div class="battle-history"><small>(Doublade lost <abbr title="−100/321">31.2%</abbr> of its health!)</small><br></div><div class="battle-history"><small>Doublade was burned!</small><br></div><div class="spacer battle-history"><br></div><div class="battle-history">Doublade used <strong>Shadow Claw</strong>!<br></div><div class="battle-history"><small>(The opposing Suicune lost <abbr title="−84/404">20.8%</abbr> of its health!)</small><br></div><div class="spacer battle-history"><br></div><div class="battle-history"><small>The opposing Suicune restored a little HP using its Leftovers!</small><br></div><div class="battle-history"><small>Doublade was hurt by its burn!</small><br></div><div class="spacer battle-history"><br></div><h2 class="battle-history">Turn 24</h2><div class="spacer battle-history"><br></div><div class="battle-history">Doublade, come back!<br></div><div class="battle-history">Go! <strong>Blissey</strong>!<br></div><div class="spacer battle-history"><br></div><div class="battle-history">The opposing Suicune used <strong>Calm Mind</strong>!<br></div><div class="battle-history"><small>The opposing Suicune's Special Attack rose!</small><br></div><div class="battle-history"><small>The opposing Suicune's Special Defense rose!</small><br></div><div class="spacer battle-history"><br></div><div class="battle-history"><small>The opposing Suicune restored a little HP using its Leftovers!</small><br></div><div class="battle-history"><small>Blissey restored a little HP using its Leftovers!</small><br></div><div class="spacer battle-history"><br></div><h2 class="battle-history">Turn 25</h2><div class="spacer battle-history"><br></div><div class="battle-history">The opposing Suicune used <strong>Calm Mind</strong>!<br></div><div class="battle-history"><small>The opposing Suicune's Special Attack rose!</small><br></div><div class="battle-history"><small>The opposing Suicune's Special Defense rose!</small><br></div><div class="spacer battle-history"><br></div><div class="battle-history">Blissey used <strong>Heal Bell</strong>!<br></div><div class="battle-history"><small>A bell chimed!</small><br></div><div class="battle-history"><small>Doublade's burn was healed.</small><br></div><div class="spacer battle-history"><br></div><div class="battle-history"><small>The opposing Suicune restored a little HP using its Leftovers!</small><br></div><div class="battle-history"><small>Blissey restored a little HP using its Leftovers!</small><br></div><div class="spacer battle-history"><br></div><h2 class="battle-history">Turn 26</h2><div class="spacer battle-history"><br></div><div class="battle-history">The opposing Suicune used <strong>Calm Mind</strong>!<br></div><div class="battle-history"><small>The opposing Suicune's Special Attack rose!</small><br></div><div class="battle-history"><small>The opposing Suicune's Special Defense rose!</small><br></div><div class="spacer battle-history"><br></div><div class="battle-history">Blissey used <strong>Wish</strong>!<br></div><div class="spacer battle-history"><br></div><div class="battle-history"><small>The opposing Suicune restored a little HP using its Leftovers!</small><br></div><div class="spacer battle-history"><br></div><h2 class="battle-history">Turn 27</h2><div class="spacer battle-history"><br></div><div class="battle-history">The opposing Suicune used <strong>Scald</strong>!<br></div><div class="battle-history"><small>(Blissey lost <abbr title="−162/714">22.7%</abbr> of its health!)</small><br></div><div class="battle-history"><small>Blissey was burned!</small><br></div><div class="spacer battle-history"><br></div><div class="battle-history">Blissey used <strong>Seismic Toss</strong>!<br></div><div class="battle-history"><small>(The opposing Suicune lost <abbr title="−100/404">24.8%</abbr> of its health!)</small><br></div><div class="spacer battle-history"><br></div><div class="battle-history"><small>Blissey's wish came true!</small><br></div><div class="battle-history"><small>The opposing Suicune restored a little HP using its Leftovers!</small><br></div><div class="battle-history"><small>Blissey was hurt by its burn!</small><br></div><div class="spacer battle-history"><br></div><h2 class="battle-history">Turn 28</h2><div class="spacer battle-history"><br></div><div class="battle-history">The opposing Suicune used <strong>Calm Mind</strong>!<br></div><div class="battle-history"><small>The opposing Suicune's Special Attack rose!</small><br></div><div class="battle-history"><small>The opposing Suicune's Special Defense rose!</small><br></div><div class="spacer battle-history"><br></div><div class="battle-history">Blissey used <strong>Seismic Toss</strong>!<br></div><div class="battle-history"><small>(The opposing Suicune lost <abbr title="−100/404">24.8%</abbr> of its health!)</small><br></div><div class="spacer battle-history"><br></div><div class="battle-history"><small>The opposing Suicune restored a little HP using its Leftovers!</small><br></div><div class="battle-history"><small>Blissey restored a little HP using its Leftovers!</small><br></div><div class="battle-history"><small>Blissey was hurt by its burn!</small><br></div><div class="spacer battle-history"><br></div><h2 class="battle-history">Turn 29</h2><div class="spacer battle-history"><br></div><div class="battle-history"><small>(Blissey is cured by its Natural Cure!)</small><br></div><div class="battle-history">Blissey, come back!<br></div><div class="battle-history">Go! <strong>Gardevoir</strong>!<br></div><div class="battle-history"><small>[Gardevoir's Trace]</small><br><small>[Gardevoir's Pressure]</small><br><small>Gardevoir traced the opposing Suicune's Pressure!</small><br></div><div class="battle-history"><small>[Gardevoir's Pressure]</small><br><small>Gardevoir is exerting its pressure!</small><br></div><div class="spacer battle-history"><br></div><div class="battle-history">The opposing Suicune used <strong>Scald</strong>!<br></div><div class="battle-history"><small>(Gardevoir lost <abbr title="−31/277">11.2%</abbr> of its health!)</small><br></div><div class="spacer battle-history"><br></div><div class="battle-history">Gardevoir fainted!<br></div><div class="spacer battle-history"><br></div><div class="battle-history"><small>The opposing Suicune restored a little HP using its Leftovers!</small><br></div><div class="spacer battle-history"><br></div><div class="battle-history"><small>sniper forfeited.</small><br></div><div class="spacer battle-history"><br></div><div class="battle-history"><strong>Binix</strong> won the battle!<br></div><div class="chat"><small>sniper left.</small></div><div class="chat"><small>quagsgone left.</small></div><div class="chat"><small>Binix left.</small></div><div class="chat"><small>Megapoketalecreed left.</small></div><div class="chat"><small>Bhris Brown left.</small></div></div><div class="inner-preempt"></div></div></div>
</div>
<script>
let daily = Math.floor(Date.now()/1000/60/60/24);document.write('<script src="https://play.pokemonshowdown.com/js/replay-embed.js?version'+daily+'"></'+'script>');
</script>
