<!DOCTYPE html>
<meta charset="utf-8" />
<!-- version 1 -->
<title>UU replay: ParnStar vs. sh3riff</title>
<style>
html,body {font-family:Verdana, sans-serif;font-size:10pt;margin:0;padding:0;}body{padding:12px 0;} .battle-log {font-family:Verdana, sans-serif;font-size:10pt;} .battle-log-inline {border:1px solid #AAAAAA;background:#EEF2F5;color:black;max-width:640px;margin:0 auto 80px;padding-bottom:5px;} .battle-log .inner {padding:4px 8px 0px 8px;} .battle-log .inner-preempt {padding:0 8px 4px 8px;} .battle-log .inner-after {margin-top:0.5em;} .battle-log h2 {margin:0.5em -8px;padding:4px 8px;border:1px solid #AAAAAA;background:#E0E7EA;border-left:0;border-right:0;font-family:Verdana, sans-serif;font-size:13pt;} .battle-log .chat {vertical-align:middle;padding:3px 0 3px 0;font-size:8pt;} .battle-log .chat strong {color:#40576A;} .battle-log .chat em {padding:1px 4px 1px 3px;color:#000000;font-style:normal;} .chat.mine {background:rgba(0,0,0,0.05);margin-left:-8px;margin-right:-8px;padding-left:8px;padding-right:8px;} .spoiler {color:#BBBBBB;background:#BBBBBB;padding:0px 3px;} .spoiler:hover, .spoiler:active, .spoiler-shown {color:#000000;background:#E2E2E2;padding:0px 3px;} .spoiler a {color:#BBBBBB;} .spoiler:hover a, .spoiler:active a, .spoiler-shown a {color:#2288CC;} .chat code, .chat .spoiler:hover code, .chat .spoiler:active code, .chat .spoiler-shown code {border:1px solid #C0C0C0;background:#EEEEEE;color:black;padding:0 2px;} .chat .spoiler code {border:1px solid #CCCCCC;background:#CCCCCC;color:#CCCCCC;} .battle-log .rated {padding:3px 4px;} .battle-log .rated strong {color:white;background:#89A;padding:1px 4px;border-radius:4px;} .spacer {margin-top:0.5em;} .message-announce {background:#6688AA;color:white;padding:1px 4px 2px;} .message-announce a, .broadcast-green a, .broadcast-blue a, .broadcast-red a {color:#DDEEFF;} .broadcast-green {background-color:#559955;color:white;padding:2px 4px;} .broadcast-blue {background-color:#6688AA;color:white;padding:2px 4px;} .infobox {border:1px solid #6688AA;padding:2px 4px;} .infobox-limited {max-height:200px;overflow:auto;overflow-x:hidden;} .broadcast-red {background-color:#AA5544;color:white;padding:2px 4px;} .message-learn-canlearn {font-weight:bold;color:#228822;text-decoration:underline;} .message-learn-cannotlearn {font-weight:bold;color:#CC2222;text-decoration:underline;} .message-effect-weak {font-weight:bold;color:#CC2222;} .message-effect-resist {font-weight:bold;color:#6688AA;} .message-effect-immune {font-weight:bold;color:#666666;} .message-learn-list {margin-top:0;margin-bottom:0;} .message-throttle-notice, .message-error {color:#992222;} .message-overflow, .chat small.message-overflow {font-size:0pt;} .message-overflow::before {font-size:9pt;content:'...';} .subtle {color:#3A4A66;}
</style>
<div class="wrapper replay-wrapper" style="max-width:1180px;margin:0 auto">
<input type="hidden" name="replayid" value="uu-536009949" />
<div class="battle"></div><div class="battle-log"></div><div class="replay-controls"></div><div class="replay-controls-2"></div>
<h1 style="font-weight:normal;text-align:center"><strong>UU</strong><br /><a href="http://pokemonshowdown.com/users/parnstar" class="subtle" target="_blank">ParnStar</a> vs. <a href="http://pokemonshowdown.com/users/sh3riff" class="subtle" target="_blank">sh3riff</a></h1>
<script type="text/plain" class="battle-log-data">|j|ParnStar
|j|sh3riff
|player|p1|ParnStar|24
|player|p2|sh3riff|64
|gametype|singles
|gen|6
|tier|UU
|rated
|seed|52700,16389,48138,48953
|rule|Sleep Clause Mod: Limit one foe put to sleep
|rule|Species Clause: Limit one of each Pokémon
|rule|OHKO Clause: OHKO moves are banned
|rule|Moody Clause: Moody is banned
|rule|Evasion Moves Clause: Evasion moves are banned
|rule|Endless Battle Clause: Forcing endless battles is banned
|rule|HP Percentage Mod: HP is shown in percentages
|clearpoke
|poke|p1|Conkeldurr, M, shiny|item
|poke|p1|Magneton, shiny|item
|poke|p1|Porygon-Z|item
|poke|p1|Whimsicott, M, shiny|item
|poke|p1|Entei, shiny|item
|poke|p1|Tentacruel, F|item
|poke|p2|Flygon, M|item
|poke|p2|Aggron, M|item
|poke|p2|Honchkrow, M|item
|poke|p2|Gyarados, M|item
|poke|p2|Toxicroak, M|item
|poke|p2|Espeon, F|item
|rule|Swagger Clause: Swagger is banned
|rule|Baton Pass Clause: Limit one Baton Passer, can't pass Spe and other stats simultaneously
|teampreview
|choice|team 1, team 2, team 3, team 4, team 5, team 6|team 1, team 2, team 3, team 4, team 5, team 6
|
|start
|switch|p1a: Mandingo|Conkeldurr, M, shiny|414\/414
|switch|p2a: Big Brother|Flygon, M|301\/301
|turn|1
|j|gamerguy425
|l|gamerguy425
|choice|move knockoff|move outrage
|
|move|p2a: Big Brother|Outrage|p1a: Mandingo
|-damage|p1a: Mandingo|228\/414
|move|p1a: Mandingo|Knock Off|p2a: Big Brother
|-damage|p2a: Big Brother|154\/301
|-enditem|p2a: Big Brother|Choice Scarf|[from] move: Knock Off|[of] p1a: Mandingo
|
|-status|p1a: Mandingo|brn|[from] item: Flame Orb
|upkeep
|turn|2
|choice|move drainpunch|move outrage
|
|move|p2a: Big Brother|Outrage|p1a: Mandingo|[from]lockedmove
|-damage|p1a: Mandingo|53\/414 brn
|-start|p2a: Big Brother|confusion|[fatigue]
|move|p1a: Mandingo|Drain Punch|p2a: Big Brother
|-crit|p2a: Big Brother
|-damage|p2a: Big Brother|0 fnt
|-heal|p1a: Mandingo|130\/414 brn|[from] drain|[of] p2a: Big Brother
|faint|p2a: Big Brother
|
|-damage|p1a: Mandingo|79\/414 brn|[from] brn
|upkeep
|choice||switch 3
|
|switch|p2a: Honchkrow|Honchkrow, M|341\/341
|turn|3
|choice|move machpunch|move suckerpunch
|
|move|p2a: Honchkrow|Sucker Punch|p1a: Mandingo
|-resisted|p1a: Mandingo
|-damage|p1a: Mandingo|0 fnt
|-damage|p2a: Honchkrow|307\/341|[from] item: Life Orb
|faint|p1a: Mandingo
|-ability|p2a: Honchkrow|Moxie|boost
|-boost|p2a: Honchkrow|atk|1
|
|upkeep
|choice|switch 4|
|
|switch|p1a: Presscott|Whimsicott, M, shiny|261\/261
|turn|4
|choice|move encore|switch 2
|
|switch|p2a: Aggron|Aggron, M|342\/342
|move|p1a: Presscott|Encore|p2a: Aggron
|-fail|p2a: Aggron
|
|upkeep
|turn|5
|choice|switch 5|move stealthrock mega
|
|switch|p1a: Ash could of caugh|Entei, shiny|371\/371
|-ability|p1a: Ash could of caugh|Pressure
|detailschange|p2a: Aggron|Aggron-Mega, M
|-mega|p2a: Aggron|Aggron|Aggronite
|move|p2a: Aggron|Stealth Rock|p1a: Ash could of caugh
|-sidestart|p1: ParnStar|move: Stealth Rock
|
|upkeep
|turn|6
|choice|move sacredfire|switch 4
|
|switch|p2a: G-Gyarados|Gyarados, M|331\/331
|-ability|p2a: G-Gyarados|Intimidate|boost
|-unboost|p1a: Ash could of caugh|atk|1
|move|p1a: Ash could of caugh|Sacred Fire|p2a: G-Gyarados
|-resisted|p2a: G-Gyarados
|-damage|p2a: G-Gyarados|241\/331
|-status|p2a: G-Gyarados|brn
|-enditem|p2a: G-Gyarados|Lum Berry|[eat]
|-curestatus|p2a: G-Gyarados|brn|[msg]
|
|upkeep
|turn|7
|choice|move sacredfire|move stoneedge
|
|move|p1a: Ash could of caugh|Sacred Fire|p2a: G-Gyarados
|-resisted|p2a: G-Gyarados
|-damage|p2a: G-Gyarados|161\/331
|-status|p2a: G-Gyarados|brn
|move|p2a: G-Gyarados|Stone Edge|p1a: Ash could of caugh
|-supereffective|p1a: Ash could of caugh
|-damage|p1a: Ash could of caugh|226\/371
|
|-damage|p2a: G-Gyarados|120\/331 brn|[from] brn
|upkeep
|turn|8
|choice|switch 6|move stoneedge
|
|switch|p1a: Hitomi Tanaka|Tentacruel, F|301\/301
|-damage|p1a: Hitomi Tanaka|264\/301|[from] Stealth Rock
|move|p2a: G-Gyarados|Stone Edge|p1a: Hitomi Tanaka
|-damage|p1a: Hitomi Tanaka|174\/301
|
|-heal|p1a: Hitomi Tanaka|192\/301|[from] item: Black Sludge
|-damage|p2a: G-Gyarados|79\/331 brn|[from] brn
|upkeep
|turn|9
|choice|move rapidspin|move earthquake
|
|move|p1a: Hitomi Tanaka|Rapid Spin|p2a: G-Gyarados
|-damage|p2a: G-Gyarados|68\/331 brn
|-sideend|p1: ParnStar|Stealth Rock|[from] move: Rapid Spin|[of] p1a: Hitomi Tanaka
|move|p2a: G-Gyarados|Earthquake|p1a: Hitomi Tanaka
|-supereffective|p1a: Hitomi Tanaka
|-damage|p1a: Hitomi Tanaka|9\/301
|
|-heal|p1a: Hitomi Tanaka|27\/301|[from] item: Black Sludge
|-damage|p2a: G-Gyarados|27\/331 brn|[from] brn
|upkeep
|turn|10
|choice|move icebeam|move earthquake
|
|move|p1a: Hitomi Tanaka|Ice Beam|p2a: G-Gyarados
|-damage|p2a: G-Gyarados|0 fnt
|faint|p2a: G-Gyarados
|
|-heal|p1a: Hitomi Tanaka|45\/301|[from] item: Black Sludge
|upkeep
|choice||switch 6
|
|switch|p2a: Espeon|Espeon, F|271\/271
|turn|11
|choice|move hydropump|move psychic
|
|move|p2a: Espeon|Psychic|p1a: Hitomi Tanaka
|-supereffective|p1a: Hitomi Tanaka
|-damage|p1a: Hitomi Tanaka|0 fnt
|faint|p1a: Hitomi Tanaka
|
|upkeep
|choice|switch 2|
|
|switch|p1a: Alpha|Magneton, shiny|303\/303
|turn|12
|choice|move voltswitch|move shadowball
|
|move|p2a: Espeon|Shadow Ball|p1a: Alpha
|-damage|p1a: Alpha|220\/303
|move|p1a: Alpha|Volt Switch|p2a: Espeon
|-damage|p2a: Espeon|103\/271
|choice|switch 6|
|
|switch|p1a: Ash could of caugh|Entei, shiny|226\/371
|-ability|p1a: Ash could of caugh|Pressure
|
|upkeep
|turn|13
|choice|move extremespeed|move psychic
|
|move|p1a: Ash could of caugh|Extreme Speed|p2a: Espeon
|-damage|p2a: Espeon|0 fnt
|faint|p2a: Espeon
|
|upkeep
|choice||switch 5
|
|switch|p2a: Toxicroak|Toxicroak, M|341\/341
|turn|14
|choice|move sacredfire|move sludgewave
|
|move|p1a: Ash could of caugh|Sacred Fire|p2a: Toxicroak
|-damage|p2a: Toxicroak|0 fnt
|faint|p2a: Toxicroak
|
|upkeep
|choice||switch 4
|
|switch|p2a: Aggron|Aggron-Mega, M|342\/342
|turn|15
|choice|move sacredfire|move heavyslam
|
|move|p1a: Ash could of caugh|Sacred Fire|p2a: Aggron
|-supereffective|p2a: Aggron
|-damage|p2a: Aggron|215\/342
|-status|p2a: Aggron|brn
|move|p2a: Aggron|Heavy Slam|p1a: Ash could of caugh
|-resisted|p1a: Ash could of caugh
|-damage|p1a: Ash could of caugh|209\/371
|
|-damage|p2a: Aggron|173\/342 brn|[from] brn
|upkeep
|turn|16
|-message|sh3riff forfeited.
|
|win|ParnStar
|player|p1
|player|p2
|l|sh3riff
|raw|ParnStar's rating: 1413 &rarr; <strong>1440<\/strong><br \/>(+27 for winning)
|raw|sh3riff's rating: 1534 &rarr; <strong>1507<\/strong><br \/>(-27 for losing)</script>
</div>
<div class="battle-log battle-log-inline"><div class="inner"><div class="battle-options"></div><div class="inner"><div class="chat"><small>ParnStar joined.</small></div><div class="chat"><small>sh3riff joined.</small></div><div class=""><small>Format:</small> <br><strong>UU</strong></div><div class="rated"><strong>Rated battle</strong></div><div class=""><small><em>Sleep Clause Mod:</em> Limit one foe put to sleep</small></div><div class=""><small><em>Species Clause:</em> Limit one of each Pokémon</small></div><div class=""><small><em>OHKO Clause:</em> OHKO moves are banned</small></div><div class=""><small><em>Moody Clause:</em> Moody is banned</small></div><div class=""><small><em>Evasion Moves Clause:</em> Evasion moves are banned</small></div><div class=""><small><em>Endless Battle Clause:</em> Forcing endless battles is banned</small></div><div class=""><small><em>HP Percentage Mod:</em> HP is shown in percentages</small></div><div class=""><small><em>Swagger Clause:</em> Swagger is banned</small></div><div class=""><small><em>Baton Pass Clause:</em> Limit one Baton Passer, can't pass Spe and other stats simultaneously</small></div><div class="chat battle-history"><strong>ParnStar's team:</strong> <em style="color:#445566;display:block;">Conkeldurr / Magneton / Porygon-Z / Whimsicott / Entei / Tentacruel</em></div><div class="chat battle-history"><strong>sh3riff's team:</strong> <em style="color:#445566;display:block;">Flygon / Aggron / Honchkrow / Gyarados / Toxicroak / Espeon</em></div><div class="spacer battle-history"><br></div><div class="battle-history">Battle started between ParnStar and sh3riff!<br></div><div class="spacer battle-history"><br></div><div class="battle-history">Go! Mandingo (<strong>Conkeldurr</strong>)!<br></div><div class="spacer battle-history"><br></div><div class="battle-history">sh3riff sent out Big Brother (<strong>Flygon</strong>)!<br></div><div class="spacer battle-history"><br></div><h2 class="battle-history">Turn 1</h2><div class="chat"><small>gamerguy425 joined.</small></div><div class="chat"><small>gamerguy425 left.</small></div><div class="spacer battle-history"><br></div><div class="battle-history">The opposing Big Brother used <strong>Outrage</strong>!<br></div><div class="battle-history"><small>(Mandingo lost <abbr title="−186/414">44.9%</abbr> of its health!)</small><br></div><div class="spacer battle-history"><br></div><div class="battle-history">Mandingo used <strong>Knock Off</strong>!<br></div><div class="battle-history"><small>(The opposing Big Brother lost <abbr title="−147/301">48.8%</abbr> of its health!)</small><br></div><div class="battle-history"><small>Mandingo knocked off the opposing Big Brother's Choice Scarf!</small><br></div><div class="spacer battle-history"><br></div><div class="battle-history"><small>Mandingo was burned!</small><br></div><div class="spacer battle-history"><br></div><h2 class="battle-history">Turn 2</h2><div class="spacer battle-history"><br></div><div class="battle-history">The opposing Big Brother used <strong>Outrage</strong>!<br></div><div class="battle-history"><small>(Mandingo lost <abbr title="−175/414">42.3%</abbr> of its health!)</small><br></div><div class="battle-history"><small>The opposing Big Brother became confused due to fatigue!</small><br></div><div class="spacer battle-history"><br></div><div class="battle-history">Mandingo used <strong>Drain Punch</strong>!<br></div><div class="battle-history"><small>A critical hit!</small><br></div><div class="battle-history"><small>(The opposing Big Brother lost <abbr title="−154/301">51.2%</abbr> of its health!)</small><br></div><div class="battle-history"><small>The opposing Big Brother had its energy drained!</small><br></div><div class="spacer battle-history"><br></div><div class="battle-history">The opposing Big Brother fainted!<br></div><div class="spacer battle-history"><br></div><div class="battle-history"><small>Mandingo was hurt by its burn!</small><br></div><div class="spacer battle-history"><br></div><div class="battle-history">sh3riff sent out <strong>Honchkrow</strong>!<br></div><div class="spacer battle-history"><br></div><h2 class="battle-history">Turn 3</h2><div class="spacer battle-history"><br></div><div class="battle-history">The opposing Honchkrow used <strong>Sucker Punch</strong>!<br></div><div class="battle-history"><small>It's not very effective...</small><br></div><div class="battle-history"><small>(Mandingo lost <abbr title="−79/414">19.1%</abbr> of its health!)</small><br></div><div class="battle-history"><small>The opposing Honchkrow lost some of its HP!</small><br></div><div class="spacer battle-history"><br></div><div class="battle-history">Mandingo fainted!<br></div><div class="battle-history"><small>[The opposing Honchkrow's Moxie]</small><br></div><div class="battle-history"><small>The opposing Honchkrow's Attack rose!</small><br></div><div class="spacer battle-history"><br></div><div class="battle-history">Go! Presscott (<strong>Whimsicott</strong>)!<br></div><div class="spacer battle-history"><br></div><h2 class="battle-history">Turn 4</h2><div class="spacer battle-history"><br></div><div class="battle-history">sh3riff withdrew Honchkrow!<br></div><div class="battle-history">sh3riff sent out <strong>Aggron</strong>!<br></div><div class="spacer battle-history"><br></div><div class="battle-history">Presscott used <strong>Encore</strong>!<br></div><div class="battle-history"><small>But it failed!</small><br></div><div class="spacer battle-history"><br></div><h2 class="battle-history">Turn 5</h2><div class="spacer battle-history"><br></div><div class="battle-history">Presscott, come back!<br></div><div class="battle-history">Go! Ash could of caugh (<strong>Entei</strong>)!<br></div><div class="battle-history"><small>[Ash could of caugh's Pressure]</small><br><small>Ash could of caugh is exerting its pressure!</small><br></div><div class="spacer battle-history"><br></div><div class="battle-history"><small>The opposing Aggron's Aggronite is reacting to sh3riff's Mega Bracelet!</small><br>The opposing Aggron has Mega Evolved into Mega Aggron!<br></div><div class="spacer battle-history"><br></div><div class="battle-history">The opposing Aggron used <strong>Stealth Rock</strong>!<br></div><div class="battle-history"><small>Pointed stones float in the air around your team!</small><br></div><div class="spacer battle-history"><br></div><h2 class="battle-history">Turn 6</h2><div class="spacer battle-history"><br></div><div class="battle-history">sh3riff withdrew Aggron!<br></div><div class="battle-history">sh3riff sent out G-Gyarados (<strong>Gyarados</strong>)!<br></div><div class="battle-history"><small>[The opposing G-Gyarados's Intimidate]</small><br></div><div class="battle-history"><small>Ash could of caugh's Attack fell!</small><br></div><div class="spacer battle-history"><br></div><div class="battle-history">Ash could of caugh used <strong>Sacred Fire</strong>!<br></div><div class="battle-history"><small>It's not very effective...</small><br></div><div class="battle-history"><small>(The opposing G-Gyarados lost <abbr title="−90/331">27.2%</abbr> of its health!)</small><br></div><div class="battle-history"><small>The opposing G-Gyarados was burned!</small><br></div><div class="battle-history"><small>The opposing G-Gyarados ate its Lum Berry!</small><br></div><div class="battle-history"><small>The opposing G-Gyarados's burn was healed.</small><br></div><div class="spacer battle-history"><br></div><h2 class="battle-history">Turn 7</h2><div class="spacer battle-history"><br></div><div class="battle-history">Ash could of caugh used <strong>Sacred Fire</strong>!<br></div><div class="battle-history"><small>It's not very effective...</small><br></div><div class="battle-history"><small>(The opposing G-Gyarados lost <abbr title="−80/331">24.2%</abbr> of its health!)</small><br></div><div class="battle-history"><small>The opposing G-Gyarados was burned!</small><br></div><div class="spacer battle-history"><br></div><div class="battle-history">The opposing G-Gyarados used <strong>Stone Edge</strong>!<br></div><div class="battle-history"><small>It's super effective!</small><br></div><div class="battle-history"><small>(Ash could of caugh lost <abbr title="−145/371">39.1%</abbr> of its health!)</small><br></div><div class="spacer battle-history"><br></div><div class="battle-history"><small>The opposing G-Gyarados was hurt by its burn!</small><br></div><div class="spacer battle-history"><br></div><h2 class="battle-history">Turn 8</h2><div class="spacer battle-history"><br></div><div class="battle-history">Ash could of caugh, come back!<br></div><div class="battle-history">Go! Hitomi Tanaka (<strong>Tentacruel</strong>)!<br></div><div class="battle-history"><small>Pointed stones dug into Hitomi Tanaka!</small><br></div><div class="spacer battle-history"><br></div><div class="battle-history">The opposing G-Gyarados used <strong>Stone Edge</strong>!<br></div><div class="battle-history"><small>(Hitomi Tanaka lost <abbr title="−90/301">29.9%</abbr> of its health!)</small><br></div><div class="spacer battle-history"><br></div><div class="battle-history"><small>Hitomi Tanaka restored a little HP using its Black Sludge!</small><br></div><div class="battle-history"><small>The opposing G-Gyarados was hurt by its burn!</small><br></div><div class="spacer battle-history"><br></div><h2 class="battle-history">Turn 9</h2><div class="spacer battle-history"><br></div><div class="battle-history">Hitomi Tanaka used <strong>Rapid Spin</strong>!<br></div><div class="battle-history"><small>(The opposing G-Gyarados lost <abbr title="−11/331">3.3%</abbr> of its health!)</small><br></div><div class="battle-history"><small>The pointed stones disappeared from around your team!</small><br></div><div class="spacer battle-history"><br></div><div class="battle-history">The opposing G-Gyarados used <strong>Earthquake</strong>!<br></div><div class="battle-history"><small>It's super effective!</small><br></div><div class="battle-history"><small>(Hitomi Tanaka lost <abbr title="−183/301">60.8%</abbr> of its health!)</small><br></div><div class="spacer battle-history"><br></div><div class="battle-history"><small>Hitomi Tanaka restored a little HP using its Black Sludge!</small><br></div><div class="battle-history"><small>The opposing G-Gyarados was hurt by its burn!</small><br></div><div class="spacer battle-history"><br></div><h2 class="battle-history">Turn 10</h2><div class="spacer battle-history"><br></div><div class="battle-history">Hitomi Tanaka used <strong>Ice Beam</strong>!<br></div><div class="battle-history"><small>(The opposing G-Gyarados lost <abbr title="−27/331">8.2%</abbr> of its health!)</small><br></div><div class="spacer battle-history"><br></div><div class="battle-history">The opposing G-Gyarados fainted!<br></div><div class="spacer battle-history"><br></div><div class="battle-history"><small>Hitomi Tanaka restored a little HP using its Black Sludge!</small><br></div><div class="spacer battle-history"><br></div><div class="battle-history">sh3riff sent out <strong>Espeon</strong>!<br></div><div class="spacer battle-history"><br></div><h2 class="battle-history">Turn 11</h2><div class="spacer battle-history"><br></div><div class="battle-history">The opposing Espeon used <strong>Psychic</strong>!<br></div><div class="battle-history"><small>It's super effective!</small><br></div><div class="battle-history"><small>(Hitomi Tanaka lost <abbr title="−45/301">15.0%</abbr> of its health!)</small><br></div><div class="spacer battle-history"><br></div><div class="battle-history">Hitomi Tanaka fainted!<br></div><div class="spacer battle-history"><br></div><div class="battle-history">Go! Alpha (<strong>Magneton</strong>)!<br></div><div class="spacer battle-history"><br></div><h2 class="battle-history">Turn 12</h2><div class="spacer battle-history"><br></div><div class="battle-history">The opposing Espeon used <strong>Shadow Ball</strong>!<br></div><div class="battle-history"><small>(Alpha lost <abbr title="−83/303">27.4%</abbr> of its health!)</small><br></div><div class="spacer battle-history"><br></div><div class="battle-history">Alpha used <strong>Volt Switch</strong>!<br></div><div class="battle-history"><small>(The opposing Espeon lost <abbr title="−168/271">62.0%</abbr> of its health!)</small><br></div><div class="spacer battle-history"><br></div><div class="battle-history">Alpha went back to ParnStar!<br></div><div class="battle-history">Go! Ash could of caugh (<strong>Entei</strong>)!<br></div><div class="battle-history"><small>[Ash could of caugh's Pressure]</small><br><small>Ash could of caugh is exerting its pressure!</small><br></div><div class="spacer battle-history"><br></div><h2 class="battle-history">Turn 13</h2><div class="spacer battle-history"><br></div><div class="battle-history">Ash could of caugh used <strong>Extreme Speed</strong>!<br></div><div class="battle-history"><small>(The opposing Espeon lost <abbr title="−103/271">38.0%</abbr> of its health!)</small><br></div><div class="spacer battle-history"><br></div><div class="battle-history">The opposing Espeon fainted!<br></div><div class="spacer battle-history"><br></div><div class="battle-history">sh3riff sent out <strong>Toxicroak</strong>!<br></div><div class="spacer battle-history"><br></div><h2 class="battle-history">Turn 14</h2><div class="spacer battle-history"><br></div><div class="battle-history">Ash could of caugh used <strong>Sacred Fire</strong>!<br></div><div class="battle-history"><small>(The opposing Toxicroak lost <abbr title="−341/341">100%</abbr> of its health!)</small><br></div><div class="spacer battle-history"><br></div><div class="battle-history">The opposing Toxicroak fainted!<br></div><div class="spacer battle-history"><br></div><div class="battle-history">sh3riff sent out Aggron (<strong>Aggron-Mega</strong>)!<br></div><div class="spacer battle-history"><br></div><h2 class="battle-history">Turn 15</h2><div class="spacer battle-history"><br></div><div class="battle-history">Ash could of caugh used <strong>Sacred Fire</strong>!<br></div><div class="battle-history"><small>It's super effective!</small><br></div><div class="battle-history"><small>(The opposing Aggron lost <abbr title="−127/342">37.1%</abbr> of its health!)</small><br></div><div class="battle-history"><small>The opposing Aggron was burned!</small><br></div><div class="spacer battle-history"><br></div><div class="battle-history">The opposing Aggron used <strong>Heavy Slam</strong>!<br></div><div class="battle-history"><small>It's not very effective...</small><br></div><div class="battle-history"><small>(Ash could of caugh lost <abbr title="−17/371">4.6%</abbr> of its health!)</small><br></div><div class="spacer battle-history"><br></div><div class="battle-history"><small>The opposing Aggron was hurt by its burn!</small><br></div><div class="spacer battle-history"><br></div><h2 class="battle-history">Turn 16</h2><div class="spacer battle-history"><br></div><div class="battle-history"><small>sh3riff forfeited.</small><br></div><div class="spacer battle-history"><br></div><div class="battle-history"><strong>ParnStar</strong> won the battle!<br></div><div class="chat"><small>sh3riff left.</small></div><div class="chat">ParnStar's rating: 1413 → <strong>1440</strong><br>(+27 for winning)</div><div class="chat">sh3riff's rating: 1534 → <strong>1507</strong><br>(-27 for losing)</div></div><div class="inner-preempt"></div></div></div>
</div>
<script>
let daily = Math.floor(Date.now()/1000/60/60/24);document.write('<script src="https://play.pokemonshowdown.com/js/replay-embed.js?version'+daily+'"></'+'script>');
</script>
