<!DOCTYPE html>
<meta charset="utf-8" />
<!-- version 1 -->
<title>UU replay: confide vs. xMarth</title>
<style>
html,body {font-family:Verdana, sans-serif;font-size:10pt;margin:0;padding:0;}body{padding:12px 0;} .battle-log {font-family:Verdana, sans-serif;font-size:10pt;} .battle-log-inline {border:1px solid #AAAAAA;background:#EEF2F5;color:black;max-width:640px;margin:0 auto 80px;padding-bottom:5px;} .battle-log .inner {padding:4px 8px 0px 8px;} .battle-log .inner-preempt {padding:0 8px 4px 8px;} .battle-log .inner-after {margin-top:0.5em;} .battle-log h2 {margin:0.5em -8px;padding:4px 8px;border:1px solid #AAAAAA;background:#E0E7EA;border-left:0;border-right:0;font-family:Verdana, sans-serif;font-size:13pt;} .battle-log .chat {vertical-align:middle;padding:3px 0 3px 0;font-size:8pt;} .battle-log .chat strong {color:#40576A;} .battle-log .chat em {padding:1px 4px 1px 3px;color:#000000;font-style:normal;} .chat.mine {background:rgba(0,0,0,0.05);margin-left:-8px;margin-right:-8px;padding-left:8px;padding-right:8px;} .spoiler {color:#BBBBBB;background:#BBBBBB;padding:0px 3px;} .spoiler:hover, .spoiler:active, .spoiler-shown {color:#000000;background:#E2E2E2;padding:0px 3px;} .spoiler a {color:#BBBBBB;} .spoiler:hover a, .spoiler:active a, .spoiler-shown a {color:#2288CC;} .chat code, .chat .spoiler:hover code, .chat .spoiler:active code, .chat .spoiler-shown code {border:1px solid #C0C0C0;background:#EEEEEE;color:black;padding:0 2px;} .chat .spoiler code {border:1px solid #CCCCCC;background:#CCCCCC;color:#CCCCCC;} .battle-log .rated {padding:3px 4px;} .battle-log .rated strong {color:white;background:#89A;padding:1px 4px;border-radius:4px;} .spacer {margin-top:0.5em;} .message-announce {background:#6688AA;color:white;padding:1px 4px 2px;} .message-announce a, .broadcast-green a, .broadcast-blue a, .broadcast-red a {color:#DDEEFF;} .broadcast-green {background-color:#559955;color:white;padding:2px 4px;} .broadcast-blue {background-color:#6688AA;color:white;padding:2px 4px;} .infobox {border:1px solid #6688AA;padding:2px 4px;} .infobox-limited {max-height:200px;overflow:auto;overflow-x:hidden;} .broadcast-red {background-color:#AA5544;color:white;padding:2px 4px;} .message-learn-canlearn {font-weight:bold;color:#228822;text-decoration:underline;} .message-learn-cannotlearn {font-weight:bold;color:#CC2222;text-decoration:underline;} .message-effect-weak {font-weight:bold;color:#CC2222;} .message-effect-resist {font-weight:bold;color:#6688AA;} .message-effect-immune {font-weight:bold;color:#666666;} .message-learn-list {margin-top:0;margin-bottom:0;} .message-throttle-notice, .message-error {color:#992222;} .message-overflow, .chat small.message-overflow {font-size:0pt;} .message-overflow::before {font-size:9pt;content:'...';} .subtle {color:#3A4A66;}
</style>
<div class="wrapper replay-wrapper" style="max-width:1180px;margin:0 auto">
<input type="hidden" name="replayid" value="smogtours-uu-270863" />
<div class="battle"></div><div class="battle-log"></div><div class="replay-controls"></div><div class="replay-controls-2"></div>
<h1 style="font-weight:normal;text-align:center"><strong>UU</strong><br /><a href="http://pokemonshowdown.com/users/confide" class="subtle" target="_blank">confide</a> vs. <a href="http://pokemonshowdown.com/users/xmarth" class="subtle" target="_blank">xMarth</a></h1>
<script type="text/plain" class="battle-log-data">|inactive|Battle timer is ON: inactive players will automatically lose when time's up.
|J|confide
|J|xMarth
|player|p1|confide|94
|player|p2|xMarth|153
|gametype|singles
|gen|6
|tier|UU
|seed|21147,56009,63917,27074
|rule|Sleep Clause Mod: Limit one foe put to sleep
|rule|Species Clause: Limit one of each Pokémon
|rule|OHKO Clause: OHKO moves are banned
|rule|Moody Clause: Moody is banned
|rule|Evasion Moves Clause: Evasion moves are banned
|rule|Endless Battle Clause: Forcing endless battles is banned
|rule|HP Percentage Mod: HP is shown in percentages
|clearpoke
|poke|p1|Kyurem|item
|poke|p1|Reuniclus, M|item
|poke|p1|Tentacruel, M|item
|poke|p1|Bronzong|item
|poke|p1|Conkeldurr, M|item
|poke|p1|Swampert, M|item
|poke|p2|Sceptile, M|item
|poke|p2|Cobalion|item
|poke|p2|Sylveon, F|item
|poke|p2|Crawdaunt, F|item
|poke|p2|Crobat, F|item
|poke|p2|Swampert, F|item
|rule|Swagger Clause: Swagger is banned
|rule|Baton Pass Clause: Limit one Baton Passer, can't pass Spe and other stats simultaneously
|teampreview
|J|heavenhand
|J|Wastelands
|J|Pearl
|J|magnetica
|c|%Pearl|in
|J|h_T
|J|ZoroDark
|choice|team 1, team 2, team 3, team 4, team 5, team 6|team 5, team 2, team 3, team 4, team 1, team 6
|
|start
|switch|p1a: Kyurem|Kyurem|391\/391
|switch|p2a: Crobat|Crobat, F|311\/311
|-ability|p1a: Kyurem|Pressure
|turn|1
|J|knkb
|choice|switch 4|move uturn
|
|switch|p1a: Bronzong|Bronzong|338\/338
|move|p2a: Crobat|U-turn|p1a: Bronzong
|-damage|p1a: Bronzong|287\/338
|choice||switch 4
|
|switch|p2a: Crawdaunt|Crawdaunt, F|267\/267
|
|-heal|p1a: Bronzong|308\/338|[from] item: Leftovers
|upkeep
|turn|2
|choice|switch 5|move knockoff
|
|switch|p1a: Conkeldurr|Conkeldurr, M|351\/351
|move|p2a: Crawdaunt|Knock Off|p1a: Conkeldurr
|-resisted|p1a: Conkeldurr
|-damage|p1a: Conkeldurr|203\/351
|-enditem|p1a: Conkeldurr|Assault Vest|[from] move: Knock Off|[of] p2a: Crawdaunt
|-damage|p2a: Crawdaunt|241\/267|[from] item: Life Orb
|
|upkeep
|turn|3
|choice|move thunderpunch|switch 4
|
|switch|p2a: Crobat|Crobat, F|311\/311
|move|p1a: Conkeldurr|Thunder Punch|p2a: Crobat
|-supereffective|p2a: Crobat
|-damage|p2a: Crobat|83\/311
|-status|p2a: Crobat|par
|
|-heal|p2a: Crobat|102\/311 par|[from] item: Black Sludge
|upkeep
|turn|4
|c|☆confide|.
|c|☆confide|Sry
|choice|move thunderpunch|switch 3
|
|switch|p2a: Sylveon|Sylveon, F|394\/394
|move|p1a: Conkeldurr|Thunder Punch|p2a: Sylveon
|-damage|p2a: Sylveon|289\/394
|
|-heal|p2a: Sylveon|313\/394|[from] item: Leftovers
|upkeep
|turn|5
|J|aim
|choice|move knockoff|switch 4
|
|switch|p2a: Crawdaunt|Crawdaunt, F|241\/267
|move|p1a: Conkeldurr|Knock Off|p2a: Crawdaunt
|-resisted|p2a: Crawdaunt
|-damage|p2a: Crawdaunt|161\/267
|-enditem|p2a: Crawdaunt|Life Orb|[from] move: Knock Off|[of] p1a: Conkeldurr
|
|upkeep
|turn|6
|choice|move machpunch|switch 4
|
|switch|p2a: Sylveon|Sylveon, F|313\/394
|move|p1a: Conkeldurr|Mach Punch|p2a: Sylveon
|-resisted|p2a: Sylveon
|-damage|p2a: Sylveon|271\/394
|
|-heal|p2a: Sylveon|295\/394|[from] item: Leftovers
|upkeep
|turn|7
|choice|switch 3|move healbell
|
|switch|p1a: Tentacruel|Tentacruel, M|361\/361
|move|p2a: Sylveon|Heal Bell|p2a: Sylveon
|-activate|p2a: Sylveon|move: Heal Bell
|-curestatus|p2: Crobat|par|[msg]
|
|-heal|p2a: Sylveon|319\/394|[from] item: Leftovers
|upkeep
|turn|8
|L|ZoroDark
|choice|move toxicspikes|switch 4
|
|switch|p2a: Crawdaunt|Crawdaunt, F|161\/267
|move|p1a: Tentacruel|Toxic Spikes|p2a: Crawdaunt
|-sidestart|p2: xMarth|move: Toxic Spikes
|
|upkeep
|turn|9
|choice|move scald|move knockoff
|
|move|p1a: Tentacruel|Scald|p2a: Crawdaunt
|-resisted|p2a: Crawdaunt
|-damage|p2a: Crawdaunt|103\/267
|move|p2a: Crawdaunt|Knock Off|p1a: Tentacruel
|-damage|p1a: Tentacruel|157\/361
|-enditem|p1a: Tentacruel|Black Sludge|[from] move: Knock Off|[of] p2a: Crawdaunt
|
|upkeep
|turn|10
|choice|move scald|move knockoff
|
|move|p1a: Tentacruel|Scald|p2a: Crawdaunt
|-resisted|p2a: Crawdaunt
|-damage|p2a: Crawdaunt|43\/267
|move|p2a: Crawdaunt|Knock Off|p1a: Tentacruel
|-damage|p1a: Tentacruel|25\/361
|
|upkeep
|turn|11
|choice|move scald|move aquajet
|
|move|p2a: Crawdaunt|Aqua Jet|p1a: Tentacruel
|-resisted|p1a: Tentacruel
|-damage|p1a: Tentacruel|0 fnt
|faint|p1a: Tentacruel
|
|upkeep
|J|reachzero
|choice|switch 4|
|
|switch|p1a: Kyurem|Kyurem|391\/391
|-ability|p1a: Kyurem|Pressure
|turn|12
|J|Jeusg
|L|heavenhand
|choice|move icebeam|move aquajet
|
|move|p2a: Crawdaunt|Aqua Jet|p1a: Kyurem
|-resisted|p1a: Kyurem
|-damage|p1a: Kyurem|338\/391
|move|p1a: Kyurem|Ice Beam|p2a: Crawdaunt
|-resisted|p2a: Crawdaunt
|-damage|p2a: Crawdaunt|0 fnt
|faint|p2a: Crawdaunt
|
|upkeep
|choice||switch 2
|
|switch|p2a: Cobalion|Cobalion|323\/323
|turn|13
|choice|switch 2|move closecombat
|
|switch|p1a: Reuniclus|Reuniclus, M|424\/424
|move|p2a: Cobalion|Close Combat|p1a: Reuniclus
|-resisted|p1a: Reuniclus
|-damage|p1a: Reuniclus|348\/424
|-unboost|p2a: Cobalion|def|1
|-unboost|p2a: Cobalion|spd|1
|
|-heal|p1a: Reuniclus|374\/424|[from] item: Leftovers
|upkeep
|turn|14
|J|W3K
|choice|move focusblast|switch 6
|
|switch|p2a: Swampert|Swampert, F|404\/404
|-status|p2a: Swampert|psn
|move|p1a: Reuniclus|Focus Blast|p2a: Swampert|[miss]
|-miss|p1a: Reuniclus|p2a: Swampert
|
|-heal|p1a: Reuniclus|400\/424|[from] item: Leftovers
|-damage|p2a: Swampert|354\/404 psn|[from] psn
|upkeep
|turn|15
|L|W3K
|choice|move calmmind|move stealthrock
|
|move|p2a: Swampert|Stealth Rock|p1a: Reuniclus
|-sidestart|p1: confide|move: Stealth Rock
|move|p1a: Reuniclus|Calm Mind|p1a: Reuniclus
|-boost|p1a: Reuniclus|spa|1
|-boost|p1a: Reuniclus|spd|1
|
|-heal|p2a: Swampert|379\/404 psn|[from] item: Leftovers
|-heal|p1a: Reuniclus|424\/424|[from] item: Leftovers
|-damage|p2a: Swampert|329\/404 psn|[from] psn
|upkeep
|turn|16
|choice|move psyshock|move roar
|
|move|p1a: Reuniclus|Psyshock|p2a: Swampert
|-damage|p2a: Swampert|202\/404 psn
|move|p2a: Swampert|Roar|p1a: Reuniclus
|drag|p1a: Conkeldurr|Conkeldurr, M|203\/351
|-damage|p1a: Conkeldurr|182\/351|[from] Stealth Rock
|
|-heal|p2a: Swampert|227\/404 psn|[from] item: Leftovers
|-damage|p2a: Swampert|177\/404 psn|[from] psn
|upkeep
|turn|17
|choice|move drainpunch|switch 3
|
|switch|p2a: Crobat|Crobat, F|102\/311
|move|p1a: Conkeldurr|Drain Punch|p2a: Crobat
|-resisted|p2a: Crobat
|-damage|p2a: Crobat|54\/311
|-heal|p1a: Conkeldurr|206\/351|[from] drain|[of] p2a: Crobat
|
|-heal|p2a: Crobat|73\/311|[from] item: Black Sludge
|upkeep
|turn|18
|J|Dark-Pact Chamber
|choice|move knockoff|move roost
|
|move|p2a: Crobat|Roost|p2a: Crobat
|-heal|p2a: Crobat|229\/311
|move|p1a: Conkeldurr|Knock Off|p2a: Crobat
|-damage|p2a: Crobat|57\/311
|-enditem|p2a: Crobat|Black Sludge|[from] move: Knock Off|[of] p1a: Conkeldurr
|
|upkeep
|turn|19
|choice|move thunderpunch|move roost
|
|move|p2a: Crobat|Roost|p2a: Crobat
|-heal|p2a: Crobat|213\/311
|move|p1a: Conkeldurr|Thunder Punch|p2a: Crobat
|-crit|p2a: Crobat
|-damage|p2a: Crobat|40\/311
|
|upkeep
|turn|20
|choice|move thunderpunch|move defog
|
|move|p2a: Crobat|Defog|p1a: Conkeldurr
|-unboost|p1a: Conkeldurr|evasion|1
|-sideend|p1: confide|Stealth Rock|[from] move: Defog|[of] p1a: Conkeldurr
|-sideend|p2: xMarth|Toxic Spikes|[from] move: Defog|[of] p2a: Crobat
|move|p1a: Conkeldurr|Thunder Punch|p2a: Crobat
|-supereffective|p2a: Crobat
|-damage|p2a: Crobat|0 fnt
|faint|p2a: Crobat
|
|upkeep
|choice||switch 4
|
|switch|p2a: Sylveon|Sylveon, F|319\/394
|turn|21
|choice|switch 5|switch 6
|
|switch|p2a: Cobalion|Cobalion|323\/323
|switch|p1a: Bronzong|Bronzong|308\/338
|
|-heal|p1a: Bronzong|329\/338|[from] item: Leftovers
|upkeep
|turn|22
|choice|move earthquake|move swordsdance
|
|move|p2a: Cobalion|Swords Dance|p2a: Cobalion
|-boost|p2a: Cobalion|atk|2
|move|p1a: Bronzong|Earthquake|p2a: Cobalion
|-supereffective|p2a: Cobalion
|-enditem|p2a: Cobalion|Shuca Berry|[eat]
|-enditem|p2a: Cobalion|Shuca Berry|[weaken]
|-damage|p2a: Cobalion|265\/323
|
|-heal|p1a: Bronzong|338\/338|[from] item: Leftovers
|upkeep
|turn|23
|J|lord moet ii
|choice|switch 2|move swordsdance
|
|switch|p1a: Kyurem|Kyurem|338\/391
|-ability|p1a: Kyurem|Pressure
|move|p2a: Cobalion|Swords Dance|p2a: Cobalion
|-boost|p2a: Cobalion|atk|2
|
|upkeep
|turn|24
|J|heavenhand
|choice|move focusblast|move ironhead
|
|move|p2a: Cobalion|Iron Head|p1a: Kyurem
|-supereffective|p1a: Kyurem
|-damage|p1a: Kyurem|0 fnt
|faint|p1a: Kyurem
|
|upkeep
|choice|switch 3|
|
|switch|p1a: Reuniclus|Reuniclus, M|424\/424
|turn|25
|choice|move focusblast|move xscissor
|
|move|p2a: Cobalion|X-Scissor|p1a: Reuniclus
|-supereffective|p1a: Reuniclus
|-damage|p1a: Reuniclus|8\/424
|move|p1a: Reuniclus|Focus Blast|p2a: Cobalion|[miss]
|-miss|p1a: Reuniclus|p2a: Cobalion
|
|-heal|p1a: Reuniclus|34\/424|[from] item: Leftovers
|upkeep
|turn|26
|L|aim
|c|☆confide|Ouch
|choice|move psyshock|move ironhead
|
|move|p2a: Cobalion|Iron Head|p1a: Reuniclus
|-damage|p1a: Reuniclus|0 fnt
|faint|p1a: Reuniclus
|
|upkeep
|choice|switch 2|
|
|switch|p1a: Bronzong|Bronzong|338\/338
|turn|27
|choice|move earthquake|move closecombat
|
|move|p2a: Cobalion|Close Combat|p1a: Bronzong
|-damage|p1a: Bronzong|0 fnt
|-unboost|p2a: Cobalion|def|1
|-unboost|p2a: Cobalion|spd|1
|faint|p1a: Bronzong
|
|upkeep
|J|Sabella-
|c|+lord moet ii|sigh times
|choice|switch 5|
|
|switch|p1a: Conkeldurr|Conkeldurr, M|206\/351
|turn|28
|choice|move machpunch|move closecombat
|
|move|p1a: Conkeldurr|Mach Punch|p2a: Cobalion
|-supereffective|p2a: Cobalion
|-damage|p2a: Cobalion|83\/323
|move|p2a: Cobalion|Close Combat|p1a: Conkeldurr
|-damage|p1a: Conkeldurr|0 fnt
|-unboost|p2a: Cobalion|def|1
|-unboost|p2a: Cobalion|spd|1
|faint|p1a: Conkeldurr
|
|upkeep
|L|Sabella-
|choice|switch 6|
|
|switch|p1a: Swampert|Swampert, M|349\/349
|turn|29
|choice|move raindance mega|move closecombat
|
|detailschange|p1a: Swampert|Swampert-Mega, M
|-mega|p1a: Swampert|Swampert|Swampertite
|move|p2a: Cobalion|Close Combat|p1a: Swampert
|-damage|p1a: Swampert|0 fnt
|-unboost|p2a: Cobalion|def|1
|-unboost|p2a: Cobalion|spd|1
|faint|p1a: Swampert
|
|win|xMarth
|c|☆xMarth|gg
|L|h_T
|c|☆xMarth|srry for miss
|L|lord moet ii
|c|☆confide|i am too
|L|Dark-Pact Chamber
|L|Jeusg
|c|☆confide|gg
|L|confide
|L|magnetica
|J|Sacri !!_!!
|L|heavenhand
|L|knkb</script>
</div>
<div class="battle-log battle-log-inline"><div class="inner"><div class="battle-options"></div><div class="inner"><div class="chat message-error">Battle timer is ON: inactive players will automatically lose when time's up.</div><div class=""><small>Format:</small> <br><strong>UU</strong></div><div class=""><small><em>Sleep Clause Mod:</em> Limit one foe put to sleep</small></div><div class=""><small><em>Species Clause:</em> Limit one of each Pokémon</small></div><div class=""><small><em>OHKO Clause:</em> OHKO moves are banned</small></div><div class=""><small><em>Moody Clause:</em> Moody is banned</small></div><div class=""><small><em>Evasion Moves Clause:</em> Evasion moves are banned</small></div><div class=""><small><em>Endless Battle Clause:</em> Forcing endless battles is banned</small></div><div class=""><small><em>HP Percentage Mod:</em> HP is shown in percentages</small></div><div class=""><small><em>Swagger Clause:</em> Swagger is banned</small></div><div class=""><small><em>Baton Pass Clause:</em> Limit one Baton Passer, can't pass Spe and other stats simultaneously</small></div><div class="chat battle-history"><strong>confide's team:</strong> <em style="color:#445566;display:block;">Kyurem / Reuniclus / Tentacruel / Bronzong / Conkeldurr / Swampert</em></div><div class="chat battle-history"><strong>xMarth's team:</strong> <em style="color:#445566;display:block;">Sceptile / Cobalion / Sylveon / Crawdaunt / Crobat / Swampert</em></div><div class="chat chatmessage-pearl"><strong style="color:hsl(137,70%,38.48887992080507%)"><small>%</small><span class="username" data-name="Pearl">Pearl</span>:</strong> <em>in</em></div><div class="spacer battle-history"><br></div><div class="battle-history">Battle started between confide and xMarth!<br></div><div class="spacer battle-history"><br></div><div class="battle-history">Go! <strong>Kyurem</strong>!<br></div><div class="spacer battle-history"><br></div><div class="battle-history">xMarth sent out <strong>Crobat</strong>!<br></div><div class="battle-history"><small>[Kyurem's Pressure]</small><br><small>Kyurem is exerting its pressure!</small><br></div><div class="spacer battle-history"><br></div><h2 class="battle-history">Turn 1</h2><div class="spacer battle-history"><br></div><div class="battle-history">Kyurem, come back!<br></div><div class="battle-history">Go! <strong>Bronzong</strong>!<br></div><div class="spacer battle-history"><br></div><div class="battle-history">The opposing Crobat used <strong>U-turn</strong>!<br></div><div class="battle-history"><small>(Bronzong lost <abbr title="−51/338">15.1%</abbr> of its health!)</small><br></div><div class="spacer battle-history"><br></div><div class="battle-history">The opposing Crobat went back to xMarth!<br></div><div class="battle-history">xMarth sent out <strong>Crawdaunt</strong>!<br></div><div class="spacer battle-history"><br></div><div class="battle-history"><small>Bronzong restored a little HP using its Leftovers!</small><br></div><div class="spacer battle-history"><br></div><h2 class="battle-history">Turn 2</h2><div class="spacer battle-history"><br></div><div class="battle-history">Bronzong, come back!<br></div><div class="battle-history">Go! <strong>Conkeldurr</strong>!<br></div><div class="spacer battle-history"><br></div><div class="battle-history">The opposing Crawdaunt used <strong>Knock Off</strong>!<br></div><div class="battle-history"><small>It's not very effective...</small><br></div><div class="battle-history"><small>(Conkeldurr lost <abbr title="−148/351">42.2%</abbr> of its health!)</small><br></div><div class="battle-history"><small>The opposing Crawdaunt knocked off Conkeldurr's Assault Vest!</small><br></div><div class="battle-history"><small>The opposing Crawdaunt lost some of its HP!</small><br></div><div class="spacer battle-history"><br></div><h2 class="battle-history">Turn 3</h2><div class="spacer battle-history"><br></div><div class="battle-history">xMarth withdrew Crawdaunt!<br></div><div class="battle-history">xMarth sent out <strong>Crobat</strong>!<br></div><div class="spacer battle-history"><br></div><div class="battle-history">Conkeldurr used <strong>Thunder Punch</strong>!<br></div><div class="battle-history"><small>It's super effective!</small><br></div><div class="battle-history"><small>(The opposing Crobat lost <abbr title="−228/311">73.3%</abbr> of its health!)</small><br></div><div class="battle-history"><small>The opposing Crobat is paralyzed! It may be unable to move!</small><br></div><div class="spacer battle-history"><br></div><div class="battle-history"><small>The opposing Crobat restored a little HP using its Black Sludge!</small><br></div><div class="spacer battle-history"><br></div><h2 class="battle-history">Turn 4</h2><div class="chat chatmessage-confide"><strong style="color:hsl(60,68%,35.91471353856%)"><small>☆</small><span class="username" data-name="confide">confide</span>:</strong> <em>.</em></div><div class="chat chatmessage-confide"><strong style="color:hsl(60,68%,35.91471353856%)"><small>☆</small><span class="username" data-name="confide">confide</span>:</strong> <em>Sry</em></div><div class="spacer battle-history"><br></div><div class="battle-history">xMarth withdrew Crobat!<br></div><div class="battle-history">xMarth sent out <strong>Sylveon</strong>!<br></div><div class="spacer battle-history"><br></div><div class="battle-history">Conkeldurr used <strong>Thunder Punch</strong>!<br></div><div class="battle-history"><small>(The opposing Sylveon lost <abbr title="−105/394">26.6%</abbr> of its health!)</small><br></div><div class="spacer battle-history"><br></div><div class="battle-history"><small>The opposing Sylveon restored a little HP using its Leftovers!</small><br></div><div class="spacer battle-history"><br></div><h2 class="battle-history">Turn 5</h2><div class="spacer battle-history"><br></div><div class="battle-history">xMarth withdrew Sylveon!<br></div><div class="battle-history">xMarth sent out <strong>Crawdaunt</strong>!<br></div><div class="spacer battle-history"><br></div><div class="battle-history">Conkeldurr used <strong>Knock Off</strong>!<br></div><div class="battle-history"><small>It's not very effective...</small><br></div><div class="battle-history"><small>(The opposing Crawdaunt lost <abbr title="−80/267">30.0%</abbr> of its health!)</small><br></div><div class="battle-history"><small>Conkeldurr knocked off the opposing Crawdaunt's Life Orb!</small><br></div><div class="spacer battle-history"><br></div><h2 class="battle-history">Turn 6</h2><div class="spacer battle-history"><br></div><div class="battle-history">xMarth withdrew Crawdaunt!<br></div><div class="battle-history">xMarth sent out <strong>Sylveon</strong>!<br></div><div class="spacer battle-history"><br></div><div class="battle-history">Conkeldurr used <strong>Mach Punch</strong>!<br></div><div class="battle-history"><small>It's not very effective...</small><br></div><div class="battle-history"><small>(The opposing Sylveon lost <abbr title="−42/394">10.7%</abbr> of its health!)</small><br></div><div class="spacer battle-history"><br></div><div class="battle-history"><small>The opposing Sylveon restored a little HP using its Leftovers!</small><br></div><div class="spacer battle-history"><br></div><h2 class="battle-history">Turn 7</h2><div class="spacer battle-history"><br></div><div class="battle-history">Conkeldurr, come back!<br></div><div class="battle-history">Go! <strong>Tentacruel</strong>!<br></div><div class="spacer battle-history"><br></div><div class="battle-history">The opposing Sylveon used <strong>Heal Bell</strong>!<br></div><div class="battle-history"><small>A bell chimed!</small><br></div><div class="battle-history"><small>The opposing Crobat was cured of paralysis.</small><br></div><div class="spacer battle-history"><br></div><div class="battle-history"><small>The opposing Sylveon restored a little HP using its Leftovers!</small><br></div><div class="spacer battle-history"><br></div><h2 class="battle-history">Turn 8</h2><div class="spacer battle-history"><br></div><div class="battle-history">xMarth withdrew Sylveon!<br></div><div class="battle-history">xMarth sent out <strong>Crawdaunt</strong>!<br></div><div class="spacer battle-history"><br></div><div class="battle-history">Tentacruel used <strong>Toxic Spikes</strong>!<br></div><div class="battle-history"><small>Poison spikes were scattered on the ground all around the opposing team!</small><br></div><div class="spacer battle-history"><br></div><h2 class="battle-history">Turn 9</h2><div class="spacer battle-history"><br></div><div class="battle-history">Tentacruel used <strong>Scald</strong>!<br></div><div class="battle-history"><small>It's not very effective...</small><br></div><div class="battle-history"><small>(The opposing Crawdaunt lost <abbr title="−58/267">21.7%</abbr> of its health!)</small><br></div><div class="spacer battle-history"><br></div><div class="battle-history">The opposing Crawdaunt used <strong>Knock Off</strong>!<br></div><div class="battle-history"><small>(Tentacruel lost <abbr title="−204/361">56.5%</abbr> of its health!)</small><br></div><div class="battle-history"><small>The opposing Crawdaunt knocked off Tentacruel's Black Sludge!</small><br></div><div class="spacer battle-history"><br></div><h2 class="battle-history">Turn 10</h2><div class="spacer battle-history"><br></div><div class="battle-history">Tentacruel used <strong>Scald</strong>!<br></div><div class="battle-history"><small>It's not very effective...</small><br></div><div class="battle-history"><small>(The opposing Crawdaunt lost <abbr title="−60/267">22.5%</abbr> of its health!)</small><br></div><div class="spacer battle-history"><br></div><div class="battle-history">The opposing Crawdaunt used <strong>Knock Off</strong>!<br></div><div class="battle-history"><small>(Tentacruel lost <abbr title="−132/361">36.6%</abbr> of its health!)</small><br></div><div class="spacer battle-history"><br></div><h2 class="battle-history">Turn 11</h2><div class="spacer battle-history"><br></div><div class="battle-history">The opposing Crawdaunt used <strong>Aqua Jet</strong>!<br></div><div class="battle-history"><small>It's not very effective...</small><br></div><div class="battle-history"><small>(Tentacruel lost <abbr title="−25/361">6.9%</abbr> of its health!)</small><br></div><div class="spacer battle-history"><br></div><div class="battle-history">Tentacruel fainted!<br></div><div class="spacer battle-history"><br></div><div class="battle-history">Go! <strong>Kyurem</strong>!<br></div><div class="battle-history"><small>[Kyurem's Pressure]</small><br><small>Kyurem is exerting its pressure!</small><br></div><div class="spacer battle-history"><br></div><h2 class="battle-history">Turn 12</h2><div class="spacer battle-history"><br></div><div class="battle-history">The opposing Crawdaunt used <strong>Aqua Jet</strong>!<br></div><div class="battle-history"><small>It's not very effective...</small><br></div><div class="battle-history"><small>(Kyurem lost <abbr title="−53/391">13.6%</abbr> of its health!)</small><br></div><div class="spacer battle-history"><br></div><div class="battle-history">Kyurem used <strong>Ice Beam</strong>!<br></div><div class="battle-history"><small>It's not very effective...</small><br></div><div class="battle-history"><small>(The opposing Crawdaunt lost <abbr title="−43/267">16.1%</abbr> of its health!)</small><br></div><div class="spacer battle-history"><br></div><div class="battle-history">The opposing Crawdaunt fainted!<br></div><div class="spacer battle-history"><br></div><div class="battle-history">xMarth sent out <strong>Cobalion</strong>!<br></div><div class="spacer battle-history"><br></div><h2 class="battle-history">Turn 13</h2><div class="spacer battle-history"><br></div><div class="battle-history">Kyurem, come back!<br></div><div class="battle-history">Go! <strong>Reuniclus</strong>!<br></div><div class="spacer battle-history"><br></div><div class="battle-history">The opposing Cobalion used <strong>Close Combat</strong>!<br></div><div class="battle-history"><small>It's not very effective...</small><br></div><div class="battle-history"><small>(Reuniclus lost <abbr title="−76/424">17.9%</abbr> of its health!)</small><br></div><div class="battle-history"><small>The opposing Cobalion's Defense fell!</small><br></div><div class="battle-history"><small>The opposing Cobalion's Special Defense fell!</small><br></div><div class="spacer battle-history"><br></div><div class="battle-history"><small>Reuniclus restored a little HP using its Leftovers!</small><br></div><div class="spacer battle-history"><br></div><h2 class="battle-history">Turn 14</h2><div class="spacer battle-history"><br></div><div class="battle-history">xMarth withdrew Cobalion!<br></div><div class="battle-history">xMarth sent out <strong>Swampert</strong>!<br></div><div class="battle-history"><small>The opposing Swampert was poisoned!</small><br></div><div class="spacer battle-history"><br></div><div class="battle-history">Reuniclus used <strong>Focus Blast</strong>!<br></div><div class="battle-history"><small>The opposing Swampert avoided the attack!</small><br></div><div class="spacer battle-history"><br></div><div class="battle-history"><small>Reuniclus restored a little HP using its Leftovers!</small><br></div><div class="battle-history"><small>The opposing Swampert was hurt by poison!</small><br></div><div class="spacer battle-history"><br></div><h2 class="battle-history">Turn 15</h2><div class="spacer battle-history"><br></div><div class="battle-history">The opposing Swampert used <strong>Stealth Rock</strong>!<br></div><div class="battle-history"><small>Pointed stones float in the air around your team!</small><br></div><div class="spacer battle-history"><br></div><div class="battle-history">Reuniclus used <strong>Calm Mind</strong>!<br></div><div class="battle-history"><small>Reuniclus's Special Attack rose!</small><br></div><div class="battle-history"><small>Reuniclus's Special Defense rose!</small><br></div><div class="spacer battle-history"><br></div><div class="battle-history"><small>The opposing Swampert restored a little HP using its Leftovers!</small><br></div><div class="battle-history"><small>Reuniclus restored a little HP using its Leftovers!</small><br></div><div class="battle-history"><small>The opposing Swampert was hurt by poison!</small><br></div><div class="spacer battle-history"><br></div><h2 class="battle-history">Turn 16</h2><div class="spacer battle-history"><br></div><div class="battle-history">Reuniclus used <strong>Psyshock</strong>!<br></div><div class="battle-history"><small>(The opposing Swampert lost <abbr title="−127/404">31.4%</abbr> of its health!)</small><br></div><div class="spacer battle-history"><br></div><div class="battle-history">The opposing Swampert used <strong>Roar</strong>!<br></div><div class="spacer battle-history"><br></div><div class="battle-history"><strong>Conkeldurr</strong> was dragged out!<br></div><div class="battle-history"><small>Pointed stones dug into Conkeldurr!</small><br></div><div class="spacer battle-history"><br></div><div class="battle-history"><small>The opposing Swampert restored a little HP using its Leftovers!</small><br></div><div class="battle-history"><small>The opposing Swampert was hurt by poison!</small><br></div><div class="spacer battle-history"><br></div><h2 class="battle-history">Turn 17</h2><div class="spacer battle-history"><br></div><div class="battle-history">xMarth withdrew Swampert!<br></div><div class="battle-history">xMarth sent out <strong>Crobat</strong>!<br></div><div class="spacer battle-history"><br></div><div class="battle-history">Conkeldurr used <strong>Drain Punch</strong>!<br></div><div class="battle-history"><small>It's not very effective...</small><br></div><div class="battle-history"><small>(The opposing Crobat lost <abbr title="−48/311">15.4%</abbr> of its health!)</small><br></div><div class="battle-history"><small>The opposing Crobat had its energy drained!</small><br></div><div class="spacer battle-history"><br></div><div class="battle-history"><small>The opposing Crobat restored a little HP using its Black Sludge!</small><br></div><div class="spacer battle-history"><br></div><h2 class="battle-history">Turn 18</h2><div class="spacer battle-history"><br></div><div class="battle-history">The opposing Crobat used <strong>Roost</strong>!<br></div><div class="battle-history"><small>The opposing Crobat restored its HP.</small><br></div><div class="spacer battle-history"><br></div><div class="battle-history">Conkeldurr used <strong>Knock Off</strong>!<br></div><div class="battle-history"><small>(The opposing Crobat lost <abbr title="−172/311">55.3%</abbr> of its health!)</small><br></div><div class="battle-history"><small>Conkeldurr knocked off the opposing Crobat's Black Sludge!</small><br></div><div class="spacer battle-history"><br></div><h2 class="battle-history">Turn 19</h2><div class="spacer battle-history"><br></div><div class="battle-history">The opposing Crobat used <strong>Roost</strong>!<br></div><div class="battle-history"><small>The opposing Crobat restored its HP.</small><br></div><div class="spacer battle-history"><br></div><div class="battle-history">Conkeldurr used <strong>Thunder Punch</strong>!<br></div><div class="battle-history"><small>A critical hit!</small><br></div><div class="battle-history"><small>(The opposing Crobat lost <abbr title="−173/311">55.6%</abbr> of its health!)</small><br></div><div class="spacer battle-history"><br></div><h2 class="battle-history">Turn 20</h2><div class="spacer battle-history"><br></div><div class="battle-history">The opposing Crobat used <strong>Defog</strong>!<br></div><div class="battle-history"><small>Conkeldurr's evasiveness fell!</small><br></div><div class="battle-history"><small>The pointed stones disappeared from around your team!</small><br></div><div class="battle-history"><small>The poison spikes disappeared from the ground around the opposing team!</small><br></div><div class="spacer battle-history"><br></div><div class="battle-history">Conkeldurr used <strong>Thunder Punch</strong>!<br></div><div class="battle-history"><small>It's super effective!</small><br></div><div class="battle-history"><small>(The opposing Crobat lost <abbr title="−40/311">12.9%</abbr> of its health!)</small><br></div><div class="spacer battle-history"><br></div><div class="battle-history">The opposing Crobat fainted!<br></div><div class="spacer battle-history"><br></div><div class="battle-history">xMarth sent out <strong>Sylveon</strong>!<br></div><div class="spacer battle-history"><br></div><h2 class="battle-history">Turn 21</h2><div class="spacer battle-history"><br></div><div class="battle-history">xMarth withdrew Sylveon!<br></div><div class="battle-history">xMarth sent out <strong>Cobalion</strong>!<br></div><div class="spacer battle-history"><br></div><div class="battle-history">Conkeldurr, come back!<br></div><div class="battle-history">Go! <strong>Bronzong</strong>!<br></div><div class="spacer battle-history"><br></div><div class="battle-history"><small>Bronzong restored a little HP using its Leftovers!</small><br></div><div class="spacer battle-history"><br></div><h2 class="battle-history">Turn 22</h2><div class="spacer battle-history"><br></div><div class="battle-history">The opposing Cobalion used <strong>Swords Dance</strong>!<br></div><div class="battle-history"><small>The opposing Cobalion's Attack rose sharply!</small><br></div><div class="spacer battle-history"><br></div><div class="battle-history">Bronzong used <strong>Earthquake</strong>!<br></div><div class="battle-history"><small>It's super effective!</small><br></div><div class="battle-history"><small>The opposing Cobalion ate its Shuca Berry!</small><br></div><div class="battle-history"><small>The Shuca Berry weakened the damage to the opposing Cobalion!</small><br></div><div class="battle-history"><small>(The opposing Cobalion lost <abbr title="−58/323">18.0%</abbr> of its health!)</small><br></div><div class="spacer battle-history"><br></div><div class="battle-history"><small>Bronzong restored a little HP using its Leftovers!</small><br></div><div class="spacer battle-history"><br></div><h2 class="battle-history">Turn 23</h2><div class="spacer battle-history"><br></div><div class="battle-history">Bronzong, come back!<br></div><div class="battle-history">Go! <strong>Kyurem</strong>!<br></div><div class="battle-history"><small>[Kyurem's Pressure]</small><br><small>Kyurem is exerting its pressure!</small><br></div><div class="spacer battle-history"><br></div><div class="battle-history">The opposing Cobalion used <strong>Swords Dance</strong>!<br></div><div class="battle-history"><small>The opposing Cobalion's Attack rose sharply!</small><br></div><div class="spacer battle-history"><br></div><h2 class="battle-history">Turn 24</h2><div class="spacer battle-history"><br></div><div class="battle-history">The opposing Cobalion used <strong>Iron Head</strong>!<br></div><div class="battle-history"><small>It's super effective!</small><br></div><div class="battle-history"><small>(Kyurem lost <abbr title="−338/391">86.4%</abbr> of its health!)</small><br></div><div class="spacer battle-history"><br></div><div class="battle-history">Kyurem fainted!<br></div><div class="spacer battle-history"><br></div><div class="battle-history">Go! <strong>Reuniclus</strong>!<br></div><div class="spacer battle-history"><br></div><h2 class="battle-history">Turn 25</h2><div class="spacer battle-history"><br></div><div class="battle-history">The opposing Cobalion used <strong>X-Scissor</strong>!<br></div><div class="battle-history"><small>It's super effective!</small><br></div><div class="battle-history"><small>(Reuniclus lost <abbr title="−416/424">98.1%</abbr> of its health!)</small><br></div><div class="spacer battle-history"><br></div><div class="battle-history">Reuniclus used <strong>Focus Blast</strong>!<br></div><div class="battle-history"><small>The opposing Cobalion avoided the attack!</small><br></div><div class="spacer battle-history"><br></div><div class="battle-history"><small>Reuniclus restored a little HP using its Leftovers!</small><br></div><div class="spacer battle-history"><br></div><h2 class="battle-history">Turn 26</h2><div class="chat chatmessage-confide"><strong style="color:hsl(60,68%,35.91471353856%)"><small>☆</small><span class="username" data-name="confide">confide</span>:</strong> <em>Ouch</em></div><div class="spacer battle-history"><br></div><div class="battle-history">The opposing Cobalion used <strong>Iron Head</strong>!<br></div><div class="battle-history"><small>(Reuniclus lost <abbr title="−34/424">8.0%</abbr> of its health!)</small><br></div><div class="spacer battle-history"><br></div><div class="battle-history">Reuniclus fainted!<br></div><div class="spacer battle-history"><br></div><div class="battle-history">Go! <strong>Bronzong</strong>!<br></div><div class="spacer battle-history"><br></div><h2 class="battle-history">Turn 27</h2><div class="spacer battle-history"><br></div><div class="battle-history">The opposing Cobalion used <strong>Close Combat</strong>!<br></div><div class="battle-history"><small>(Bronzong lost <abbr title="−338/338">100%</abbr> of its health!)</small><br></div><div class="battle-history"><small>The opposing Cobalion's Defense fell!</small><br></div><div class="battle-history"><small>The opposing Cobalion's Special Defense fell!</small><br></div><div class="spacer battle-history"><br></div><div class="battle-history">Bronzong fainted!<br></div><div class="chat chatmessage-lordmoetii"><strong style="color:hsl(259,49%,58.431986289508544%)"><small>+</small><span class="username" data-name="lord moet ii">lord moet ii</span>:</strong> <em>sigh times</em></div><div class="spacer battle-history"><br></div><div class="battle-history">Go! <strong>Conkeldurr</strong>!<br></div><div class="spacer battle-history"><br></div><h2 class="battle-history">Turn 28</h2><div class="spacer battle-history"><br></div><div class="battle-history">Conkeldurr used <strong>Mach Punch</strong>!<br></div><div class="battle-history"><small>It's super effective!</small><br></div><div class="battle-history"><small>(The opposing Cobalion lost <abbr title="−182/323">56.3%</abbr> of its health!)</small><br></div><div class="spacer battle-history"><br></div><div class="battle-history">The opposing Cobalion used <strong>Close Combat</strong>!<br></div><div class="battle-history"><small>(Conkeldurr lost <abbr title="−206/351">58.7%</abbr> of its health!)</small><br></div><div class="battle-history"><small>The opposing Cobalion's Defense fell!</small><br></div><div class="battle-history"><small>The opposing Cobalion's Special Defense fell!</small><br></div><div class="spacer battle-history"><br></div><div class="battle-history">Conkeldurr fainted!<br></div><div class="spacer battle-history"><br></div><div class="battle-history">Go! <strong>Swampert</strong>!<br></div><div class="spacer battle-history"><br></div><h2 class="battle-history">Turn 29</h2><div class="spacer battle-history"><br></div><div class="battle-history"><small>Swampert's Swampertite is reacting to confide's Mega Bracelet!</small><br>Swampert has Mega Evolved into Mega Swampert!<br></div><div class="spacer battle-history"><br></div><div class="battle-history">The opposing Cobalion used <strong>Close Combat</strong>!<br></div><div class="battle-history"><small>(Swampert lost <abbr title="−349/349">100%</abbr> of its health!)</small><br></div><div class="battle-history"><small>The opposing Cobalion's Defense fell!</small><br></div><div class="battle-history"><small>The opposing Cobalion's Special Defense fell!</small><br></div><div class="spacer battle-history"><br></div><div class="battle-history">Swampert fainted!<br></div><div class="spacer battle-history"><br></div><div class="battle-history"><strong>xMarth</strong> won the battle!<br></div><div class="chat chatmessage-xmarth"><strong style="color:hsl(78,49%,42.780745412407%)"><small>☆</small><span class="username" data-name="xMarth">xMarth</span>:</strong> <em>gg</em></div><div class="chat chatmessage-xmarth"><strong style="color:hsl(78,49%,42.780745412407%)"><small>☆</small><span class="username" data-name="xMarth">xMarth</span>:</strong> <em>srry for miss</em></div><div class="chat chatmessage-confide"><strong style="color:hsl(60,68%,35.91471353856%)"><small>☆</small><span class="username" data-name="confide">confide</span>:</strong> <em>i am too</em></div><div class="chat chatmessage-confide"><strong style="color:hsl(60,68%,35.91471353856%)"><small>☆</small><span class="username" data-name="confide">confide</span>:</strong> <em>gg</em></div></div><div class="inner-preempt"></div></div></div>
</div>
<script>
let daily = Math.floor(Date.now()/1000/60/60/24);document.write('<script src="https://play.pokemonshowdown.com/js/replay-embed.js?version'+daily+'"></'+'script>');
</script>
