<!DOCTYPE html>
<meta charset="utf-8" />
<!-- version 1 -->
<title>UU replay: Parnstar vs. Cora The Absol</title>
<style>
html,body {font-family:Verdana, sans-serif;font-size:10pt;margin:0;padding:0;}body{padding:12px 0;} .battle-log {font-family:Verdana, sans-serif;font-size:10pt;} .battle-log-inline {border:1px solid #AAAAAA;background:#EEF2F5;color:black;max-width:640px;margin:0 auto 80px;padding-bottom:5px;} .battle-log .inner {padding:4px 8px 0px 8px;} .battle-log .inner-preempt {padding:0 8px 4px 8px;} .battle-log .inner-after {margin-top:0.5em;} .battle-log h2 {margin:0.5em -8px;padding:4px 8px;border:1px solid #AAAAAA;background:#E0E7EA;border-left:0;border-right:0;font-family:Verdana, sans-serif;font-size:13pt;} .battle-log .chat {vertical-align:middle;padding:3px 0 3px 0;font-size:8pt;} .battle-log .chat strong {color:#40576A;} .battle-log .chat em {padding:1px 4px 1px 3px;color:#000000;font-style:normal;} .chat.mine {background:rgba(0,0,0,0.05);margin-left:-8px;margin-right:-8px;padding-left:8px;padding-right:8px;} .spoiler {color:#BBBBBB;background:#BBBBBB;padding:0px 3px;} .spoiler:hover, .spoiler:active, .spoiler-shown {color:#000000;background:#E2E2E2;padding:0px 3px;} .spoiler a {color:#BBBBBB;} .spoiler:hover a, .spoiler:active a, .spoiler-shown a {color:#2288CC;} .chat code, .chat .spoiler:hover code, .chat .spoiler:active code, .chat .spoiler-shown code {border:1px solid #C0C0C0;background:#EEEEEE;color:black;padding:0 2px;} .chat .spoiler code {border:1px solid #CCCCCC;background:#CCCCCC;color:#CCCCCC;} .battle-log .rated {padding:3px 4px;} .battle-log .rated strong {color:white;background:#89A;padding:1px 4px;border-radius:4px;} .spacer {margin-top:0.5em;} .message-announce {background:#6688AA;color:white;padding:1px 4px 2px;} .message-announce a, .broadcast-green a, .broadcast-blue a, .broadcast-red a {color:#DDEEFF;} .broadcast-green {background-color:#559955;color:white;padding:2px 4px;} .broadcast-blue {background-color:#6688AA;color:white;padding:2px 4px;} .infobox {border:1px solid #6688AA;padding:2px 4px;} .infobox-limited {max-height:200px;overflow:auto;overflow-x:hidden;} .broadcast-red {background-color:#AA5544;color:white;padding:2px 4px;} .message-learn-canlearn {font-weight:bold;color:#228822;text-decoration:underline;} .message-learn-cannotlearn {font-weight:bold;color:#CC2222;text-decoration:underline;} .message-effect-weak {font-weight:bold;color:#CC2222;} .message-effect-resist {font-weight:bold;color:#6688AA;} .message-effect-immune {font-weight:bold;color:#666666;} .message-learn-list {margin-top:0;margin-bottom:0;} .message-throttle-notice, .message-error {color:#992222;} .message-overflow, .chat small.message-overflow {font-size:0pt;} .message-overflow::before {font-size:9pt;content:'...';} .subtle {color:#3A4A66;}
</style>
<div class="wrapper replay-wrapper" style="max-width:1180px;margin:0 auto">
<input type="hidden" name="replayid" value="uu-544480756" />
<div class="battle"></div><div class="battle-log"></div><div class="replay-controls"></div><div class="replay-controls-2"></div>
<h1 style="font-weight:normal;text-align:center"><strong>UU</strong><br /><a href="http://pokemonshowdown.com/users/parnstar" class="subtle" target="_blank">Parnstar</a> vs. <a href="http://pokemonshowdown.com/users/coratheabsol" class="subtle" target="_blank">Cora The Absol</a></h1>
<script type="text/plain" class="battle-log-data">|j|Parnstar
|j|Cora The Absol
|player|p1|Parnstar|21
|player|p2|Cora The Absol|217
|gametype|singles
|gen|6
|tier|UU
|rated
|seed|42617,21007,12814,54277
|rule|Sleep Clause Mod: Limit one foe put to sleep
|rule|Species Clause: Limit one of each Pokémon
|rule|OHKO Clause: OHKO moves are banned
|rule|Moody Clause: Moody is banned
|rule|Evasion Moves Clause: Evasion moves are banned
|rule|Endless Battle Clause: Forcing endless battles is banned
|rule|HP Percentage Mod: HP is shown in percentages
|clearpoke
|poke|p1|Sceptile, F|item
|poke|p1|Mamoswine, M|item
|poke|p1|Mandibuzz, F|item
|poke|p1|Hydreigon, F|item
|poke|p1|Mienshao, M|item
|poke|p1|Kyurem|item
|poke|p2|Absol, F|item
|poke|p2|Kangaskhan, F|item
|poke|p2|Wailord, M|item
|poke|p2|Blissey, F|item
|poke|p2|Aggron, M|item
|poke|p2|Shuckle, F|item
|rule|Swagger Clause: Swagger is banned
|rule|Baton Pass Clause: Limit one Baton Passer, can't pass Spe and other stats simultaneously
|teampreview
|choice|team 6, team 2, team 3, team 4, team 5, team 1|team 1, team 2, team 3, team 4, team 5, team 6
|
|start
|switch|p1a: One move|Kyurem|405\/405
|switch|p2a: Cora|Absol, F|271\/271
|-ability|p1a: One move|Pressure
|turn|1
|choice|move icebeam|move flamethrower
|
|move|p1a: One move|Ice Beam|p2a: Cora
|-damage|p2a: Cora|0 fnt
|faint|p2a: Cora
|
|upkeep
|choice||switch 4
|
|switch|p2a: Healer|Blissey, F|652\/652
|turn|2
|choice|move toxic|move drainpunch
|
|move|p1a: One move|Toxic|p2a: Healer
|-status|p2a: Healer|tox
|move|p2a: Healer|Drain Punch|p1a: One move
|-supereffective|p1a: One move
|-damage|p1a: One move|373\/405
|
|-damage|p2a: Healer|612\/652 tox|[from] psn
|upkeep
|turn|3
|choice|switch 6|move softboiled
|
|switch|p1a: Gecko|Sceptile, F|281\/281
|move|p2a: Healer|Soft-Boiled|p2a: Healer
|-heal|p2a: Healer|652\/652 tox
|
|-damage|p2a: Healer|572\/652 tox|[from] psn
|upkeep
|turn|4
|choice|move leechseed|move softboiled
|
|move|p1a: Gecko|Leech Seed|p2a: Healer
|-start|p2a: Healer|move: Leech Seed
|move|p2a: Healer|Soft-Boiled|p2a: Healer
|-heal|p2a: Healer|652\/652 tox
|
|-damage|p2a: Healer|571\/652 tox|[from] Leech Seed|[of] p1a: Gecko
|-damage|p2a: Healer|451\/652 tox|[from] psn
|upkeep
|turn|5
|choice|move energyball mega|move rest
|
|detailschange|p1a: Gecko|Sceptile-Mega, F
|-mega|p1a: Gecko|Sceptile|Sceptilite
|move|p1a: Gecko|Energy Ball|p2a: Healer
|-damage|p2a: Healer|333\/652 tox
|move|p2a: Healer|Rest|p2a: Healer
|-status|p2a: Healer|slp
|-heal|p2a: Healer|652\/652 slp|[silent]
|-status|p2a: Healer|slp|[from] move: Rest
|
|-damage|p2a: Healer|571\/652 slp|[from] Leech Seed|[of] p1a: Gecko
|upkeep
|turn|6
|choice|move energyball|move drainpunch
|
|move|p1a: Gecko|Energy Ball|p2a: Healer
|-damage|p2a: Healer|457\/652 slp
|cant|p2a: Healer|slp
|
|-damage|p2a: Healer|376\/652 slp|[from] Leech Seed|[of] p1a: Gecko
|upkeep
|turn|7
|choice|switch 2|move sleeptalk
|
|switch|p1a: Stronk|Mamoswine, M|361\/361
|cant|p2a: Healer|slp
|move|p2a: Healer|Sleep Talk|p2a: Healer
|move|p2a: Healer|Drain Punch|p1a: Stronk|[from]Sleep Talk
|-supereffective|p1a: Stronk
|-damage|p1a: Stronk|323\/361
|-heal|p2a: Healer|395\/652 slp|[from] drain|[of] p1a: Stronk
|
|-damage|p2a: Healer|314\/652 slp|[from] Leech Seed|[of] p1a: Stronk
|-heal|p1a: Stronk|361\/361|[silent]
|upkeep
|-enditem|p2a: Healer|Sitrus Berry|[eat]
|-heal|p2a: Healer|477\/652 slp|[from] item: Sitrus Berry
|turn|8
|choice|move earthquake|move sleeptalk
|
|move|p1a: Stronk|Earthquake|p2a: Healer
|-damage|p2a: Healer|113\/652 slp
|-damage|p1a: Stronk|325\/361|[from] item: Life Orb
|-curestatus|p2a: Healer|slp|[msg]
|move|p2a: Healer|Sleep Talk|p2a: Healer
|-fail|p2a: Healer
|
|-damage|p2a: Healer|32\/652|[from] Leech Seed|[of] p1a: Stronk
|-heal|p1a: Stronk|361\/361|[silent]
|upkeep
|turn|9
|choice|move earthquake|move softboiled
|
|move|p1a: Stronk|Earthquake|p2a: Healer
|-damage|p2a: Healer|0 fnt
|-damage|p1a: Stronk|325\/361|[from] item: Life Orb
|faint|p2a: Healer
|
|upkeep
|choice||switch 5
|
|switch|p2a: Armored|Aggron, M|343\/343
|turn|10
|choice|move earthquake|move flamethrower mega
|
|detailschange|p2a: Armored|Aggron-Mega, M
|-mega|p2a: Armored|Aggron|Aggronite
|move|p1a: Stronk|Earthquake|p2a: Armored
|-supereffective|p2a: Armored
|-damage|p2a: Armored|201\/343
|-damage|p1a: Stronk|289\/361|[from] item: Life Orb
|move|p2a: Armored|Flamethrower|p1a: Stronk
|-supereffective|p1a: Stronk
|-damage|p1a: Stronk|187\/361
|
|upkeep
|turn|11
|choice|move earthquake|move flamethrower
|
|move|p1a: Stronk|Earthquake|p2a: Armored
|-supereffective|p2a: Armored
|-damage|p2a: Armored|65\/343
|-damage|p1a: Stronk|151\/361|[from] item: Life Orb
|move|p2a: Armored|Flamethrower|p1a: Stronk
|-supereffective|p1a: Stronk
|-crit|p1a: Stronk
|-damage|p1a: Stronk|0 fnt
|faint|p1a: Stronk
|
|upkeep
|choice|switch 2|
|
|switch|p1a: Gecko|Sceptile-Mega, F|281\/281
|turn|12
|choice|move energyball|move flamethrower
|
|move|p1a: Gecko|Energy Ball|p2a: Armored
|-resisted|p2a: Armored
|-crit|p2a: Armored
|-damage|p2a: Armored|0 fnt
|faint|p2a: Armored
|
|upkeep
|choice||switch 6
|
|switch|p2a: Shelly|Shuckle, F|243\/243
|turn|13
|choice|move leechseed|move sludgebomb
|
|move|p1a: Gecko|Leech Seed|p2a: Shelly
|-start|p2a: Shelly|move: Leech Seed
|move|p2a: Shelly|Sludge Bomb|p1a: Gecko
|-supereffective|p1a: Gecko
|-damage|p1a: Gecko|235\/281
|
|-damage|p2a: Shelly|213\/243|[from] Leech Seed|[of] p1a: Gecko
|-heal|p1a: Gecko|265\/281|[silent]
|upkeep
|turn|14
|choice|switch 6|move rockslide
|
|switch|p1a: One move|Kyurem|373\/405
|-ability|p1a: One move|Pressure
|move|p2a: Shelly|Rock Slide|p1a: One move
|-supereffective|p1a: One move
|-damage|p1a: One move|275\/405
|
|-damage|p2a: Shelly|183\/243|[from] Leech Seed|[of] p1a: One move
|-heal|p1a: One move|305\/405|[silent]
|upkeep
|turn|15
|choice|move toxic|move earthquake
|
|move|p1a: One move|Toxic|p2a: Shelly
|-status|p2a: Shelly|tox
|move|p2a: Shelly|Earthquake|p1a: One move
|-damage|p1a: One move|256\/405
|
|-damage|p2a: Shelly|153\/243 tox|[from] Leech Seed|[of] p1a: One move
|-heal|p1a: One move|286\/405|[silent]
|-damage|p2a: Shelly|138\/243 tox|[from] psn
|upkeep
|turn|16
|c|☆Parnstar|Firsttime battling?
|choice|move icebeam|move rockslide
|
|move|p1a: One move|Ice Beam|p2a: Shelly
|-crit|p2a: Shelly
|-damage|p2a: Shelly|0 fnt
|faint|p2a: Shelly
|
|upkeep
|c|☆Cora The Absol|No. I'm just horrible at battling and can't make good teams at all.
|choice||switch 3
|
|switch|p2a: Whale King|Wailord, M|543\/543
|-ability|p2a: Whale King|Pressure
|turn|17
|choice|move toxic|move earthquake
|
|move|p1a: One move|Toxic|p2a: Whale King
|-status|p2a: Whale King|tox
|move|p2a: Whale King|Earthquake|p1a: One move
|-damage|p1a: One move|205\/405
|
|-damage|p2a: Whale King|510\/543 tox|[from] psn
|upkeep
|turn|18
|c|☆Parnstar|DONt make shucker offensive offensivegive it stickywed toxic infestations and protect
|choice|move icebeam|move earthquake
|
|move|p1a: One move|Ice Beam|p2a: Whale King
|-resisted|p2a: Whale King
|-damage|p2a: Whale King|436\/543 tox
|move|p2a: Whale King|Earthquake|p1a: One move
|-damage|p1a: One move|123\/405
|
|-damage|p2a: Whale King|370\/543 tox|[from] psn
|upkeep
|turn|19
|choice|switch 3|move earthquake
|
|switch|p1a: Thoty|Mandibuzz, F|424\/424
|move|p2a: Whale King|Earthquake|p1a: Thoty
|-immune|p1a: Thoty|[msg]
|
|-damage|p2a: Whale King|271\/543 tox|[from] psn
|upkeep
|turn|20
|choice|move foulplay|move surf
|
|move|p1a: Thoty|Foul Play|p2a: Whale King
|-damage|p2a: Whale King|46\/543 tox
|move|p2a: Whale King|Surf|p1a: Thoty
|-damage|p1a: Thoty|318\/424
|
|-heal|p1a: Thoty|344\/424|[from] item: Leftovers
|-damage|p2a: Whale King|0 fnt|[from] psn
|upkeep
|faint|p2a: Whale King
|choice||switch 2
|
|switch|p2a: Kasey|Kangaskhan, F|352\/352
|turn|21
|c|☆Cora The Absol|i give up. i'll lose anyway, an for me the battle is glitchy as heck.
|-message|Cora The Absol forfeited.
|
|win|Parnstar
|player|p1
|player|p2
|l|Cora The Absol
|raw|Parnstar's rating: 1331 &rarr; <strong>1336<\/strong><br \/>(+5 for winning)
|raw|Cora The Absol's rating: 1000 &rarr; <strong>1000<\/strong><br \/>(+0 for losing)</script>
</div>
<div class="battle-log battle-log-inline"><div class="inner"><div class="battle-options"></div><div class="inner"><div class="chat"><small>Parnstar joined.</small></div><div class="chat"><small>Cora The Absol joined.</small></div><div class=""><small>Format:</small> <br><strong>UU</strong></div><div class="rated"><strong>Rated battle</strong></div><div class=""><small><em>Sleep Clause Mod:</em> Limit one foe put to sleep</small></div><div class=""><small><em>Species Clause:</em> Limit one of each Pokémon</small></div><div class=""><small><em>OHKO Clause:</em> OHKO moves are banned</small></div><div class=""><small><em>Moody Clause:</em> Moody is banned</small></div><div class=""><small><em>Evasion Moves Clause:</em> Evasion moves are banned</small></div><div class=""><small><em>Endless Battle Clause:</em> Forcing endless battles is banned</small></div><div class=""><small><em>HP Percentage Mod:</em> HP is shown in percentages</small></div><div class=""><small><em>Swagger Clause:</em> Swagger is banned</small></div><div class=""><small><em>Baton Pass Clause:</em> Limit one Baton Passer, can't pass Spe and other stats simultaneously</small></div><div class="chat battle-history"><strong>Parnstar's team:</strong> <em style="color:#445566;display:block;">Sceptile / Mamoswine / Mandibuzz / Hydreigon / Mienshao / Kyurem</em></div><div class="chat battle-history"><strong>Cora The Absol's team:</strong> <em style="color:#445566;display:block;">Absol / Kangaskhan / Wailord / Blissey / Aggron / Shuckle</em></div><div class="spacer battle-history"><br></div><div class="battle-history">Battle started between Parnstar and Cora The Absol!<br></div><div class="spacer battle-history"><br></div><div class="battle-history">Go! One move (<strong>Kyurem</strong>)!<br></div><div class="spacer battle-history"><br></div><div class="battle-history">Cora The Absol sent out Cora (<strong>Absol</strong>)!<br></div><div class="battle-history"><small>[One move's Pressure]</small><br><small>One move is exerting its pressure!</small><br></div><div class="spacer battle-history"><br></div><h2 class="battle-history">Turn 1</h2><div class="spacer battle-history"><br></div><div class="battle-history">One move used <strong>Ice Beam</strong>!<br></div><div class="battle-history"><small>(The opposing Cora lost <abbr title="−271/271">100%</abbr> of its health!)</small><br></div><div class="spacer battle-history"><br></div><div class="battle-history">The opposing Cora fainted!<br></div><div class="spacer battle-history"><br></div><div class="battle-history">Cora The Absol sent out Healer (<strong>Blissey</strong>)!<br></div><div class="spacer battle-history"><br></div><h2 class="battle-history">Turn 2</h2><div class="spacer battle-history"><br></div><div class="battle-history">One move used <strong>Toxic</strong>!<br></div><div class="battle-history"><small>The opposing Healer was badly poisoned!</small><br></div><div class="spacer battle-history"><br></div><div class="battle-history">The opposing Healer used <strong>Drain Punch</strong>!<br></div><div class="battle-history"><small>It's super effective!</small><br></div><div class="battle-history"><small>(One move lost <abbr title="−32/405">7.9%</abbr> of its health!)</small><br></div><div class="spacer battle-history"><br></div><div class="battle-history"><small>The opposing Healer was hurt by poison!</small><br></div><div class="spacer battle-history"><br></div><h2 class="battle-history">Turn 3</h2><div class="spacer battle-history"><br></div><div class="battle-history">One move, come back!<br></div><div class="battle-history">Go! Gecko (<strong>Sceptile</strong>)!<br></div><div class="spacer battle-history"><br></div><div class="battle-history">The opposing Healer used <strong>Soft-Boiled</strong>!<br></div><div class="battle-history"><small>The opposing Healer restored its HP.</small><br></div><div class="spacer battle-history"><br></div><div class="battle-history"><small>The opposing Healer was hurt by poison!</small><br></div><div class="spacer battle-history"><br></div><h2 class="battle-history">Turn 4</h2><div class="spacer battle-history"><br></div><div class="battle-history">Gecko used <strong>Leech Seed</strong>!<br></div><div class="battle-history"><small>The opposing Healer was seeded!</small><br></div><div class="spacer battle-history"><br></div><div class="battle-history">The opposing Healer used <strong>Soft-Boiled</strong>!<br></div><div class="battle-history"><small>The opposing Healer restored its HP.</small><br></div><div class="spacer battle-history"><br></div><div class="battle-history"><small>The opposing Healer's health is sapped by Leech Seed!</small><br></div><div class="battle-history"><small>The opposing Healer was hurt by poison!</small><br></div><div class="spacer battle-history"><br></div><h2 class="battle-history">Turn 5</h2><div class="spacer battle-history"><br></div><div class="battle-history"><small>Gecko's Sceptilite is reacting to Parnstar's Mega Bracelet!</small><br>Gecko has Mega Evolved into Mega Sceptile!<br></div><div class="spacer battle-history"><br></div><div class="battle-history">Gecko used <strong>Energy Ball</strong>!<br></div><div class="battle-history"><small>(The opposing Healer lost <abbr title="−118/652">18.1%</abbr> of its health!)</small><br></div><div class="spacer battle-history"><br></div><div class="battle-history">The opposing Healer used <strong>Rest</strong>!<br></div><div class="battle-history"><small>The opposing Healer fell asleep!</small><br></div><div class="battle-history"><small>The opposing Healer slept and became healthy!</small><br></div><div class="spacer battle-history"><br></div><div class="battle-history"><small>The opposing Healer's health is sapped by Leech Seed!</small><br></div><div class="spacer battle-history"><br></div><h2 class="battle-history">Turn 6</h2><div class="spacer battle-history"><br></div><div class="battle-history">Gecko used <strong>Energy Ball</strong>!<br></div><div class="battle-history"><small>(The opposing Healer lost <abbr title="−114/652">17.5%</abbr> of its health!)</small><br></div><div class="spacer battle-history"><br></div><div class="battle-history">The opposing Healer is fast asleep.<br></div><div class="spacer battle-history"><br></div><div class="battle-history"><small>The opposing Healer's health is sapped by Leech Seed!</small><br></div><div class="spacer battle-history"><br></div><h2 class="battle-history">Turn 7</h2><div class="spacer battle-history"><br></div><div class="battle-history">Gecko, come back!<br></div><div class="battle-history">Go! Stronk (<strong>Mamoswine</strong>)!<br></div><div class="spacer battle-history"><br></div><div class="battle-history">The opposing Healer is fast asleep.<br></div><div class="spacer battle-history"><br></div><div class="battle-history">The opposing Healer used <strong>Sleep Talk</strong>!<br></div><div class="spacer battle-history"><br></div><div class="battle-history">The opposing Healer used <strong>Drain Punch</strong>!<br></div><div class="battle-history"><small>It's super effective!</small><br></div><div class="battle-history"><small>(Stronk lost <abbr title="−38/361">10.5%</abbr> of its health!)</small><br></div><div class="battle-history"><small>Stronk had its energy drained!</small><br></div><div class="spacer battle-history"><br></div><div class="battle-history"><small>The opposing Healer's health is sapped by Leech Seed!</small><br></div><div class="spacer battle-history"><br></div><div class="battle-history"><small>The opposing Healer ate its Sitrus Berry!</small><br></div><div class="battle-history"><small>The opposing Healer restored HP using its Sitrus Berry!</small><br></div><div class="spacer battle-history"><br></div><h2 class="battle-history">Turn 8</h2><div class="spacer battle-history"><br></div><div class="battle-history">Stronk used <strong>Earthquake</strong>!<br></div><div class="battle-history"><small>(The opposing Healer lost <abbr title="−364/652">55.8%</abbr> of its health!)</small><br></div><div class="battle-history"><small>Stronk lost some of its HP!</small><br></div><div class="battle-history"><small>The opposing Healer woke up!</small><br></div><div class="spacer battle-history"><br></div><div class="battle-history">The opposing Healer used <strong>Sleep Talk</strong>!<br></div><div class="battle-history"><small>But it failed!</small><br></div><div class="spacer battle-history"><br></div><div class="battle-history"><small>The opposing Healer's health is sapped by Leech Seed!</small><br></div><div class="spacer battle-history"><br></div><h2 class="battle-history">Turn 9</h2><div class="spacer battle-history"><br></div><div class="battle-history">Stronk used <strong>Earthquake</strong>!<br></div><div class="battle-history"><small>(The opposing Healer lost <abbr title="−32/652">4.9%</abbr> of its health!)</small><br></div><div class="battle-history"><small>Stronk lost some of its HP!</small><br></div><div class="spacer battle-history"><br></div><div class="battle-history">The opposing Healer fainted!<br></div><div class="spacer battle-history"><br></div><div class="battle-history">Cora The Absol sent out Armored (<strong>Aggron</strong>)!<br></div><div class="spacer battle-history"><br></div><h2 class="battle-history">Turn 10</h2><div class="spacer battle-history"><br></div><div class="battle-history"><small>The opposing Armored's Aggronite is reacting to Cora The Absol's Mega Bracelet!</small><br>The opposing Armored has Mega Evolved into Mega Aggron!<br></div><div class="spacer battle-history"><br></div><div class="battle-history">Stronk used <strong>Earthquake</strong>!<br></div><div class="battle-history"><small>It's super effective!</small><br></div><div class="battle-history"><small>(The opposing Armored lost <abbr title="−142/343">41.4%</abbr> of its health!)</small><br></div><div class="battle-history"><small>Stronk lost some of its HP!</small><br></div><div class="spacer battle-history"><br></div><div class="battle-history">The opposing Armored used <strong>Flamethrower</strong>!<br></div><div class="battle-history"><small>It's super effective!</small><br></div><div class="battle-history"><small>(Stronk lost <abbr title="−102/361">28.3%</abbr> of its health!)</small><br></div><div class="spacer battle-history"><br></div><h2 class="battle-history">Turn 11</h2><div class="spacer battle-history"><br></div><div class="battle-history">Stronk used <strong>Earthquake</strong>!<br></div><div class="battle-history"><small>It's super effective!</small><br></div><div class="battle-history"><small>(The opposing Armored lost <abbr title="−136/343">39.7%</abbr> of its health!)</small><br></div><div class="battle-history"><small>Stronk lost some of its HP!</small><br></div><div class="spacer battle-history"><br></div><div class="battle-history">The opposing Armored used <strong>Flamethrower</strong>!<br></div><div class="battle-history"><small>It's super effective!</small><br></div><div class="battle-history"><small>A critical hit!</small><br></div><div class="battle-history"><small>(Stronk lost <abbr title="−151/361">41.8%</abbr> of its health!)</small><br></div><div class="spacer battle-history"><br></div><div class="battle-history">Stronk fainted!<br></div><div class="spacer battle-history"><br></div><div class="battle-history">Go! Gecko (<strong>Sceptile-Mega</strong>)!<br></div><div class="spacer battle-history"><br></div><h2 class="battle-history">Turn 12</h2><div class="spacer battle-history"><br></div><div class="battle-history">Gecko used <strong>Energy Ball</strong>!<br></div><div class="battle-history"><small>It's not very effective...</small><br></div><div class="battle-history"><small>A critical hit!</small><br></div><div class="battle-history"><small>(The opposing Armored lost <abbr title="−65/343">19.0%</abbr> of its health!)</small><br></div><div class="spacer battle-history"><br></div><div class="battle-history">The opposing Armored fainted!<br></div><div class="spacer battle-history"><br></div><div class="battle-history">Cora The Absol sent out Shelly (<strong>Shuckle</strong>)!<br></div><div class="spacer battle-history"><br></div><h2 class="battle-history">Turn 13</h2><div class="spacer battle-history"><br></div><div class="battle-history">Gecko used <strong>Leech Seed</strong>!<br></div><div class="battle-history"><small>The opposing Shelly was seeded!</small><br></div><div class="spacer battle-history"><br></div><div class="battle-history">The opposing Shelly used <strong>Sludge Bomb</strong>!<br></div><div class="battle-history"><small>It's super effective!</small><br></div><div class="battle-history"><small>(Gecko lost <abbr title="−46/281">16.4%</abbr> of its health!)</small><br></div><div class="spacer battle-history"><br></div><div class="battle-history"><small>The opposing Shelly's health is sapped by Leech Seed!</small><br></div><div class="spacer battle-history"><br></div><h2 class="battle-history">Turn 14</h2><div class="spacer battle-history"><br></div><div class="battle-history">Gecko, come back!<br></div><div class="battle-history">Go! One move (<strong>Kyurem</strong>)!<br></div><div class="battle-history"><small>[One move's Pressure]</small><br><small>One move is exerting its pressure!</small><br></div><div class="spacer battle-history"><br></div><div class="battle-history">The opposing Shelly used <strong>Rock Slide</strong>!<br></div><div class="battle-history"><small>It's super effective!</small><br></div><div class="battle-history"><small>(One move lost <abbr title="−98/405">24.2%</abbr> of its health!)</small><br></div><div class="spacer battle-history"><br></div><div class="battle-history"><small>The opposing Shelly's health is sapped by Leech Seed!</small><br></div><div class="spacer battle-history"><br></div><h2 class="battle-history">Turn 15</h2><div class="spacer battle-history"><br></div><div class="battle-history">One move used <strong>Toxic</strong>!<br></div><div class="battle-history"><small>The opposing Shelly was badly poisoned!</small><br></div><div class="spacer battle-history"><br></div><div class="battle-history">The opposing Shelly used <strong>Earthquake</strong>!<br></div><div class="battle-history"><small>(One move lost <abbr title="−49/405">12.1%</abbr> of its health!)</small><br></div><div class="spacer battle-history"><br></div><div class="battle-history"><small>The opposing Shelly's health is sapped by Leech Seed!</small><br></div><div class="battle-history"><small>The opposing Shelly was hurt by poison!</small><br></div><div class="spacer battle-history"><br></div><h2 class="battle-history">Turn 16</h2><div class="chat chatmessage-parnstar"><strong style="color:hsl(41,84%,41.163999978976825%)"><small>☆</small><span class="username" data-name="Parnstar">Parnstar</span>:</strong> <em>Firsttime battling?</em></div><div class="spacer battle-history"><br></div><div class="battle-history">One move used <strong>Ice Beam</strong>!<br></div><div class="battle-history"><small>A critical hit!</small><br></div><div class="battle-history"><small>(The opposing Shelly lost <abbr title="−138/243">56.8%</abbr> of its health!)</small><br></div><div class="spacer battle-history"><br></div><div class="battle-history">The opposing Shelly fainted!<br></div><div class="chat chatmessage-coratheabsol"><strong style="color:hsl(1,51%,47%)"><small>☆</small><span class="username" data-name="Cora The Absol">Cora The Absol</span>:</strong> <em>No. I'm just horrible at battling and can't make good teams at all.</em></div><div class="spacer battle-history"><br></div><div class="battle-history">Cora The Absol sent out Whale King (<strong>Wailord</strong>)!<br></div><div class="battle-history"><small>[The opposing Whale King's Pressure]</small><br><small>The opposing Whale King is exerting its pressure!</small><br></div><div class="spacer battle-history"><br></div><h2 class="battle-history">Turn 17</h2><div class="spacer battle-history"><br></div><div class="battle-history">One move used <strong>Toxic</strong>!<br></div><div class="battle-history"><small>The opposing Whale King was badly poisoned!</small><br></div><div class="spacer battle-history"><br></div><div class="battle-history">The opposing Whale King used <strong>Earthquake</strong>!<br></div><div class="battle-history"><small>(One move lost <abbr title="−81/405">20%</abbr> of its health!)</small><br></div><div class="spacer battle-history"><br></div><div class="battle-history"><small>The opposing Whale King was hurt by poison!</small><br></div><div class="spacer battle-history"><br></div><h2 class="battle-history">Turn 18</h2><div class="chat chatmessage-parnstar"><strong style="color:hsl(41,84%,41.163999978976825%)"><small>☆</small><span class="username" data-name="Parnstar">Parnstar</span>:</strong> <em>DONt make shucker offensive offensivegive it stickywed toxic infestations and protect</em></div><div class="spacer battle-history"><br></div><div class="battle-history">One move used <strong>Ice Beam</strong>!<br></div><div class="battle-history"><small>It's not very effective...</small><br></div><div class="battle-history"><small>(The opposing Whale King lost <abbr title="−74/543">13.6%</abbr> of its health!)</small><br></div><div class="spacer battle-history"><br></div><div class="battle-history">The opposing Whale King used <strong>Earthquake</strong>!<br></div><div class="battle-history"><small>(One move lost <abbr title="−82/405">20.2%</abbr> of its health!)</small><br></div><div class="spacer battle-history"><br></div><div class="battle-history"><small>The opposing Whale King was hurt by poison!</small><br></div><div class="spacer battle-history"><br></div><h2 class="battle-history">Turn 19</h2><div class="spacer battle-history"><br></div><div class="battle-history">One move, come back!<br></div><div class="battle-history">Go! Thoty (<strong>Mandibuzz</strong>)!<br></div><div class="spacer battle-history"><br></div><div class="battle-history">The opposing Whale King used <strong>Earthquake</strong>!<br></div><div class="battle-history"><small>It doesn't affect Thoty...</small><br></div><div class="spacer battle-history"><br></div><div class="battle-history"><small>The opposing Whale King was hurt by poison!</small><br></div><div class="spacer battle-history"><br></div><h2 class="battle-history">Turn 20</h2><div class="spacer battle-history"><br></div><div class="battle-history">Thoty used <strong>Foul Play</strong>!<br></div><div class="battle-history"><small>(The opposing Whale King lost <abbr title="−225/543">41.4%</abbr> of its health!)</small><br></div><div class="spacer battle-history"><br></div><div class="battle-history">The opposing Whale King used <strong>Surf</strong>!<br></div><div class="battle-history"><small>(Thoty lost <abbr title="−106/424">25%</abbr> of its health!)</small><br></div><div class="spacer battle-history"><br></div><div class="battle-history"><small>Thoty restored a little HP using its Leftovers!</small><br></div><div class="battle-history"><small>The opposing Whale King was hurt by poison!</small><br></div><div class="spacer battle-history"><br></div><div class="battle-history">The opposing Whale King fainted!<br></div><div class="spacer battle-history"><br></div><div class="battle-history">Cora The Absol sent out Kasey (<strong>Kangaskhan</strong>)!<br></div><div class="spacer battle-history"><br></div><h2 class="battle-history">Turn 21</h2><div class="chat chatmessage-coratheabsol"><strong style="color:hsl(1,51%,47%)"><small>☆</small><span class="username" data-name="Cora The Absol">Cora The Absol</span>:</strong> <em>i give up. i'll lose anyway, an for me the battle is glitchy as heck.</em></div><div class="spacer battle-history"><br></div><div class="battle-history"><small>Cora The Absol forfeited.</small><br></div><div class="spacer battle-history"><br></div><div class="battle-history"><strong>Parnstar</strong> won the battle!<br></div><div class="chat"><small>Cora The Absol left.</small></div><div class="chat">Parnstar's rating: 1331 → <strong>1336</strong><br>(+5 for winning)</div><div class="chat">Cora The Absol's rating: 1000 → <strong>1000</strong><br>(+0 for losing)</div></div><div class="inner-preempt"></div></div></div>
</div>
<script>
let daily = Math.floor(Date.now()/1000/60/60/24);document.write('<script src="https://play.pokemonshowdown.com/js/replay-embed.js?version'+daily+'"></'+'script>');
</script>
