<!DOCTYPE html>
<meta charset="utf-8" />
<!-- version 1 -->
<title>UU replay: henrique13 vs. Dr.toktok</title>
<style>
html,body {font-family:Verdana, sans-serif;font-size:10pt;margin:0;padding:0;}body{padding:12px 0;} .battle-log {font-family:Verdana, sans-serif;font-size:10pt;} .battle-log-inline {border:1px solid #AAAAAA;background:#EEF2F5;color:black;max-width:640px;margin:0 auto 80px;padding-bottom:5px;} .battle-log .inner {padding:4px 8px 0px 8px;} .battle-log .inner-preempt {padding:0 8px 4px 8px;} .battle-log .inner-after {margin-top:0.5em;} .battle-log h2 {margin:0.5em -8px;padding:4px 8px;border:1px solid #AAAAAA;background:#E0E7EA;border-left:0;border-right:0;font-family:Verdana, sans-serif;font-size:13pt;} .battle-log .chat {vertical-align:middle;padding:3px 0 3px 0;font-size:8pt;} .battle-log .chat strong {color:#40576A;} .battle-log .chat em {padding:1px 4px 1px 3px;color:#000000;font-style:normal;} .chat.mine {background:rgba(0,0,0,0.05);margin-left:-8px;margin-right:-8px;padding-left:8px;padding-right:8px;} .spoiler {color:#BBBBBB;background:#BBBBBB;padding:0px 3px;} .spoiler:hover, .spoiler:active, .spoiler-shown {color:#000000;background:#E2E2E2;padding:0px 3px;} .spoiler a {color:#BBBBBB;} .spoiler:hover a, .spoiler:active a, .spoiler-shown a {color:#2288CC;} .chat code, .chat .spoiler:hover code, .chat .spoiler:active code, .chat .spoiler-shown code {border:1px solid #C0C0C0;background:#EEEEEE;color:black;padding:0 2px;} .chat .spoiler code {border:1px solid #CCCCCC;background:#CCCCCC;color:#CCCCCC;} .battle-log .rated {padding:3px 4px;} .battle-log .rated strong {color:white;background:#89A;padding:1px 4px;border-radius:4px;} .spacer {margin-top:0.5em;} .message-announce {background:#6688AA;color:white;padding:1px 4px 2px;} .message-announce a, .broadcast-green a, .broadcast-blue a, .broadcast-red a {color:#DDEEFF;} .broadcast-green {background-color:#559955;color:white;padding:2px 4px;} .broadcast-blue {background-color:#6688AA;color:white;padding:2px 4px;} .infobox {border:1px solid #6688AA;padding:2px 4px;} .infobox-limited {max-height:200px;overflow:auto;overflow-x:hidden;} .broadcast-red {background-color:#AA5544;color:white;padding:2px 4px;} .message-learn-canlearn {font-weight:bold;color:#228822;text-decoration:underline;} .message-learn-cannotlearn {font-weight:bold;color:#CC2222;text-decoration:underline;} .message-effect-weak {font-weight:bold;color:#CC2222;} .message-effect-resist {font-weight:bold;color:#6688AA;} .message-effect-immune {font-weight:bold;color:#666666;} .message-learn-list {margin-top:0;margin-bottom:0;} .message-throttle-notice, .message-error {color:#992222;} .message-overflow, .chat small.message-overflow {font-size:0pt;} .message-overflow::before {font-size:9pt;content:'...';} .subtle {color:#3A4A66;}
</style>
<div class="wrapper replay-wrapper" style="max-width:1180px;margin:0 auto">
<input type="hidden" name="replayid" value="uu-542815422" />
<div class="battle"></div><div class="battle-log"></div><div class="replay-controls"></div><div class="replay-controls-2"></div>
<h1 style="font-weight:normal;text-align:center"><strong>UU</strong><br /><a href="http://pokemonshowdown.com/users/henrique13" class="subtle" target="_blank">henrique13</a> vs. <a href="http://pokemonshowdown.com/users/drtoktok" class="subtle" target="_blank">Dr.toktok</a></h1>
<script type="text/plain" class="battle-log-data">|j|henrique13
|j|Dr.toktok
|player|p1|henrique13|169
|player|p2|Dr.toktok|238
|gametype|singles
|gen|6
|tier|UU
|rated
|seed|35949,62494,54967,23685
|rule|Sleep Clause Mod: Limit one foe put to sleep
|rule|Species Clause: Limit one of each Pokémon
|rule|OHKO Clause: OHKO moves are banned
|rule|Moody Clause: Moody is banned
|rule|Evasion Moves Clause: Evasion moves are banned
|rule|Endless Battle Clause: Forcing endless battles is banned
|rule|HP Percentage Mod: HP is shown in percentages
|clearpoke
|poke|p1|Beedrill, F|item
|poke|p1|Crobat, M|item
|poke|p1|Cloyster, F|item
|poke|p1|Doublade, F|item
|poke|p1|Porygon2|item
|poke|p1|Magneton|item
|poke|p2|Whimsicott, F|item
|poke|p2|Beedrill, F, shiny|item
|poke|p2|Swampert, F|item
|poke|p2|Rotom-Heat, shiny|item
|poke|p2|Cresselia, F|item
|poke|p2|Kyurem, shiny|item
|rule|Swagger Clause: Swagger is banned
|rule|Baton Pass Clause: Limit one Baton Passer, can't pass Spe and other stats simultaneously
|teampreview
|choice|team 1, team 2, team 3, team 4, team 5, team 6|team 1, team 2, team 3, team 4, team 5, team 6
|
|start
|switch|p1a: Beedrill|Beedrill, F|271\/271
|switch|p2a: Whimsicott|Whimsicott, F|324\/324
|turn|1
|choice|move protect mega|switch 3
|
|switch|p2a: Swampert|Swampert, F|404\/404
|detailschange|p1a: Beedrill|Beedrill-Mega, F
|-mega|p1a: Beedrill|Beedrill|Beedrillite
|move|p1a: Beedrill|Protect|p1a: Beedrill
|-fail|p1a: Beedrill
|
|upkeep
|turn|2
|choice|move uturn|move stealthrock
|
|move|p1a: Beedrill|U-turn|p2a: Swampert
|-damage|p2a: Swampert|248\/404
|choice|switch 3|
|
|switch|p1a: Cloyster|Cloyster, F|241\/241
|move|p2a: Swampert|Stealth Rock|p1a: Cloyster
|-sidestart|p1: henrique13|move: Stealth Rock
|
|-heal|p2a: Swampert|273\/404|[from] item: Leftovers
|upkeep
|turn|3
|choice|move shellsmash|move roar
|
|move|p1a: Cloyster|Shell Smash|p1a: Cloyster
|-unboost|p1a: Cloyster|def|1
|-unboost|p1a: Cloyster|spd|1
|-boost|p1a: Cloyster|atk|2
|-boost|p1a: Cloyster|spa|2
|-boost|p1a: Cloyster|spe|2
|-enditem|p1a: Cloyster|White Herb
|-clearnegativeboost|p1a: Cloyster|[silent]
|move|p2a: Swampert|Roar|p1a: Cloyster
|drag|p1a: Magneton|Magneton|241\/241
|-damage|p1a: Magneton|226\/241|[from] Stealth Rock
|
|-heal|p2a: Swampert|298\/404|[from] item: Leftovers
|upkeep
|turn|4
|choice|switch 2|move scald
|
|switch|p1a: Crobat|Crobat, M|311\/311
|-damage|p1a: Crobat|234\/311|[from] Stealth Rock
|move|p2a: Swampert|Scald|p1a: Crobat
|-damage|p1a: Crobat|131\/311
|-status|p1a: Crobat|brn
|
|-heal|p2a: Swampert|323\/404|[from] item: Leftovers
|-damage|p1a: Crobat|93\/311 brn|[from] brn
|upkeep
|turn|5
|choice|move poisonfang|move scald
|
|move|p1a: Crobat|Poison Fang|p2a: Swampert
|-resisted|p2a: Swampert
|-damage|p2a: Swampert|307\/404
|-damage|p1a: Crobat|62\/311 brn|[from] item: Life Orb
|move|p2a: Swampert|Scald|p1a: Crobat
|-damage|p1a: Crobat|0 fnt
|faint|p1a: Crobat
|
|-heal|p2a: Swampert|332\/404|[from] item: Leftovers
|upkeep
|choice|switch 5|
|
|switch|p1a: Porygon2|Porygon2|374\/374
|-damage|p1a: Porygon2|328\/374|[from] Stealth Rock
|-ability|p1a: Porygon2|Download|boost
|-boost|p1a: Porygon2|spa|1
|turn|6
|choice|move triattack|move roar
|
|move|p1a: Porygon2|Tri Attack|p2a: Swampert
|-damage|p2a: Swampert|128\/404
|move|p2a: Swampert|Roar|p1a: Porygon2
|drag|p1a: Doublade|Doublade, F|322\/322
|-damage|p1a: Doublade|302\/322|[from] Stealth Rock
|
|-heal|p2a: Swampert|153\/404|[from] item: Leftovers
|upkeep
|turn|7
|j|Ace Trainer Caio
|choice|move sacredsword|move scald
|
|move|p2a: Swampert|Scald|p1a: Doublade
|-damage|p1a: Doublade|208\/322
|move|p1a: Doublade|Sacred Sword|p2a: Swampert
|-damage|p2a: Swampert|76\/404
|
|-heal|p2a: Swampert|101\/404|[from] item: Leftovers
|upkeep
|turn|8
|choice|switch 4|move protect
|
|switch|p1a: Porygon2|Porygon2|328\/374
|-damage|p1a: Porygon2|282\/374|[from] Stealth Rock
|-ability|p1a: Porygon2|Download|boost
|-boost|p1a: Porygon2|spa|1
|move|p2a: Swampert|Protect|p2a: Swampert
|-fail|p2a: Swampert
|
|-heal|p2a: Swampert|126\/404|[from] item: Leftovers
|upkeep
|turn|9
|choice|move triattack|move protect
|
|move|p2a: Swampert|Protect|p2a: Swampert
|-singleturn|p2a: Swampert|Protect
|move|p1a: Porygon2|Tri Attack|p2a: Swampert
|-activate|p2a: Swampert|move: Protect
|
|-heal|p2a: Swampert|151\/404|[from] item: Leftovers
|upkeep
|turn|10
|choice|move triattack|switch 5
|
|switch|p2a: Cresselia|Cresselia, F|444\/444
|move|p1a: Porygon2|Tri Attack|p2a: Cresselia
|-damage|p2a: Cresselia|297\/444
|-status|p2a: Cresselia|frz
|-enditem|p2a: Cresselia|Lum Berry|[eat]
|-curestatus|p2a: Cresselia|frz|[msg]
|
|upkeep
|turn|11
|choice|move triattack|move calmmind
|
|move|p2a: Cresselia|Calm Mind|p2a: Cresselia
|-boost|p2a: Cresselia|spa|1
|-boost|p2a: Cresselia|spd|1
|move|p1a: Porygon2|Tri Attack|p2a: Cresselia
|-damage|p2a: Cresselia|186\/444
|
|upkeep
|turn|12
|choice|move triattack|move moonlight
|
|move|p2a: Cresselia|Moonlight|p2a: Cresselia
|-heal|p2a: Cresselia|408\/444
|move|p1a: Porygon2|Tri Attack|p2a: Cresselia
|-damage|p2a: Cresselia|300\/444
|
|upkeep
|turn|13
|choice|move triattack|move calmmind
|
|move|p2a: Cresselia|Calm Mind|p2a: Cresselia
|-boost|p2a: Cresselia|spa|1
|-boost|p2a: Cresselia|spd|1
|move|p1a: Porygon2|Tri Attack|p2a: Cresselia
|-damage|p2a: Cresselia|215\/444
|-status|p2a: Cresselia|brn
|
|-damage|p2a: Cresselia|160\/444 brn|[from] brn
|upkeep
|turn|14
|choice|switch 3|move moonlight
|
|switch|p1a: Beedrill|Beedrill-Mega, F|271\/271
|-damage|p1a: Beedrill|204\/271|[from] Stealth Rock
|move|p2a: Cresselia|Moonlight|p2a: Cresselia
|-heal|p2a: Cresselia|382\/444 brn
|
|-damage|p2a: Cresselia|327\/444 brn|[from] brn
|upkeep
|turn|15
|choice|move uturn|move psychic
|
|move|p1a: Beedrill|U-turn|p2a: Cresselia
|-supereffective|p2a: Cresselia
|-damage|p2a: Cresselia|99\/444 brn
|choice|switch 4|
|
|switch|p1a: Doublade|Doublade, F|208\/322
|-damage|p1a: Doublade|188\/322|[from] Stealth Rock
|move|p2a: Cresselia|Psychic|p1a: Doublade
|-resisted|p1a: Doublade
|-damage|p1a: Doublade|95\/322
|-unboost|p1a: Doublade|spd|1
|
|-damage|p2a: Cresselia|44\/444 brn|[from] brn
|upkeep
|turn|16
|l|Ace Trainer Caio
|choice|move shadowsneak|move psychic
|
|move|p1a: Doublade|Shadow Sneak|p2a: Cresselia
|-supereffective|p2a: Cresselia
|-damage|p2a: Cresselia|0 fnt
|faint|p2a: Cresselia
|
|upkeep
|choice||switch 2
|
|switch|p2a: Beedrill|Beedrill, F, shiny|272\/272
|turn|17
|choice|move shadowsneak|move drillrun mega
|
|detailschange|p2a: Beedrill|Beedrill-Mega, F, shiny
|-mega|p2a: Beedrill|Beedrill|Beedrillite
|move|p1a: Doublade|Shadow Sneak|p2a: Beedrill
|-damage|p2a: Beedrill|130\/272
|move|p2a: Beedrill|Drill Run|p1a: Doublade
|-supereffective|p1a: Doublade
|-crit|p1a: Doublade
|-damage|p1a: Doublade|0 fnt
|faint|p1a: Doublade
|
|upkeep
|choice|switch 2|
|
|switch|p1a: Magneton|Magneton|226\/241
|-damage|p1a: Magneton|211\/241|[from] Stealth Rock
|turn|18
|choice|move voltswitch|move drillrun
|
|move|p2a: Beedrill|Drill Run|p1a: Magneton
|-supereffective|p1a: Magneton
|-damage|p1a: Magneton|0 fnt
|faint|p1a: Magneton
|
|upkeep
|choice|switch 4|
|
|switch|p1a: Beedrill|Beedrill-Mega, F|204\/271
|-damage|p1a: Beedrill|137\/271|[from] Stealth Rock
|turn|19
|choice|move poisonjab|move drillrun
|
|move|p2a: Beedrill|Drill Run|p1a: Beedrill
|-damage|p1a: Beedrill|0 fnt
|faint|p1a: Beedrill
|
|upkeep
|choice|switch 3|
|
|switch|p1a: Porygon2|Porygon2|282\/374
|-damage|p1a: Porygon2|236\/374|[from] Stealth Rock
|-ability|p1a: Porygon2|Download|boost
|-boost|p1a: Porygon2|atk|1
|turn|20
|choice|move thunderbolt|move uturn
|
|move|p2a: Beedrill|U-turn|p1a: Porygon2
|-damage|p1a: Porygon2|90\/374
|choice||switch 5
|
|switch|p2a: Swampert|Swampert, F|151\/404
|move|p1a: Porygon2|Thunderbolt|p2a: Swampert
|-immune|p2a: Swampert|[msg]
|
|-heal|p2a: Swampert|176\/404|[from] item: Leftovers
|upkeep
|turn|21
|choice|move recover|move roar
|
|move|p1a: Porygon2|Recover|p1a: Porygon2
|-heal|p1a: Porygon2|277\/374
|move|p2a: Swampert|Roar|p1a: Porygon2
|drag|p1a: Cloyster|Cloyster, F|241\/241
|-damage|p1a: Cloyster|181\/241|[from] Stealth Rock
|
|-heal|p2a: Swampert|201\/404|[from] item: Leftovers
|upkeep
|turn|22
|choice|move iciclespear|move roar
|
|move|p1a: Cloyster|Icicle Spear|p2a: Swampert
|-damage|p2a: Swampert|171\/404
|-damage|p2a: Swampert|143\/404
|-damage|p2a: Swampert|112\/404
|-damage|p2a: Swampert|78\/404
|-damage|p2a: Swampert|44\/404
|-hitcount|p2a: Swampert|5
|move|p2a: Swampert|Roar|p1a: Cloyster
|drag|p1a: Porygon2|Porygon2|277\/374
|-damage|p1a: Porygon2|231\/374|[from] Stealth Rock
|-ability|p1a: Porygon2|Download|boost
|-boost|p1a: Porygon2|spa|1
|
|-heal|p2a: Swampert|69\/404|[from] item: Leftovers
|upkeep
|turn|23
|choice|move triattack|move roar
|
|move|p1a: Porygon2|Tri Attack|p2a: Swampert
|-damage|p2a: Swampert|0 fnt
|faint|p2a: Swampert
|
|upkeep
|choice||switch 5
|
|switch|p2a: Beedrill|Beedrill-Mega, F, shiny|130\/272
|turn|24
|choice|move triattack|move poisonjab
|
|move|p2a: Beedrill|Poison Jab|p1a: Porygon2
|-damage|p1a: Porygon2|65\/374
|move|p1a: Porygon2|Tri Attack|p2a: Beedrill
|-damage|p2a: Beedrill|0 fnt
|faint|p2a: Beedrill
|
|upkeep
|choice||switch 6
|
|switch|p2a: Kyurem|Kyurem, shiny|391\/391
|-ability|p2a: Kyurem|Pressure
|turn|25
|choice|move recover|move icebeam
|
|move|p2a: Kyurem|Ice Beam|p1a: Porygon2
|-damage|p1a: Porygon2|0 fnt
|faint|p1a: Porygon2
|
|upkeep
|choice|switch 6|
|
|switch|p1a: Cloyster|Cloyster, F|181\/241
|-damage|p1a: Cloyster|121\/241|[from] Stealth Rock
|turn|26
|choice|move rockblast|move flashcannon
|
|move|p1a: Cloyster|Rock Blast|p2a: Kyurem
|-supereffective|p2a: Kyurem
|-damage|p2a: Kyurem|349\/391
|-supereffective|p2a: Kyurem
|-damage|p2a: Kyurem|305\/391
|-supereffective|p2a: Kyurem
|-crit|p2a: Kyurem
|-damage|p2a: Kyurem|231\/391
|-supereffective|p2a: Kyurem
|-crit|p2a: Kyurem
|-damage|p2a: Kyurem|167\/391
|-supereffective|p2a: Kyurem
|-damage|p2a: Kyurem|123\/391
|-hitcount|p2a: Kyurem|5
|move|p2a: Kyurem|Flash Cannon|p1a: Cloyster
|-damage|p1a: Cloyster|0 fnt
|faint|p1a: Cloyster
|
|win|Dr.toktok
|player|p1
|player|p2
|l|henrique13
|raw|henrique13's rating: 1137 &rarr; <strong>1117<\/strong><br \/>(-20 for losing)
|raw|Dr.toktok's rating: 1212 &rarr; <strong>1231<\/strong><br \/>(+19 for winning)</script>
</div>
<div class="battle-log battle-log-inline"><div class="inner"><div class="battle-options"></div><div class="inner"><div class="chat"><small>henrique13 joined.</small></div><div class="chat"><small>Dr.toktok joined.</small></div><div class=""><small>Format:</small> <br><strong>UU</strong></div><div class="rated"><strong>Rated battle</strong></div><div class=""><small><em>Sleep Clause Mod:</em> Limit one foe put to sleep</small></div><div class=""><small><em>Species Clause:</em> Limit one of each Pokémon</small></div><div class=""><small><em>OHKO Clause:</em> OHKO moves are banned</small></div><div class=""><small><em>Moody Clause:</em> Moody is banned</small></div><div class=""><small><em>Evasion Moves Clause:</em> Evasion moves are banned</small></div><div class=""><small><em>Endless Battle Clause:</em> Forcing endless battles is banned</small></div><div class=""><small><em>HP Percentage Mod:</em> HP is shown in percentages</small></div><div class=""><small><em>Swagger Clause:</em> Swagger is banned</small></div><div class=""><small><em>Baton Pass Clause:</em> Limit one Baton Passer, can't pass Spe and other stats simultaneously</small></div><div class="chat battle-history"><strong>henrique13's team:</strong> <em style="color:#445566;display:block;">Beedrill / Crobat / Cloyster / Doublade / Porygon2 / Magneton</em></div><div class="chat battle-history"><strong>Dr.toktok's team:</strong> <em style="color:#445566;display:block;">Whimsicott / Beedrill / Swampert / Rotom-Heat / Cresselia / Kyurem</em></div><div class="spacer battle-history"><br></div><div class="battle-history">Battle started between henrique13 and Dr.toktok!<br></div><div class="spacer battle-history"><br></div><div class="battle-history">Go! <strong>Beedrill</strong>!<br></div><div class="spacer battle-history"><br></div><div class="battle-history">Dr.toktok sent out <strong>Whimsicott</strong>!<br></div><div class="spacer battle-history"><br></div><h2 class="battle-history">Turn 1</h2><div class="spacer battle-history"><br></div><div class="battle-history">Dr.toktok withdrew Whimsicott!<br></div><div class="battle-history">Dr.toktok sent out <strong>Swampert</strong>!<br></div><div class="spacer battle-history"><br></div><div class="battle-history"><small>Beedrill's Beedrillite is reacting to henrique13's Mega Bracelet!</small><br>Beedrill has Mega Evolved into Mega Beedrill!<br></div><div class="spacer battle-history"><br></div><div class="battle-history">Beedrill used <strong>Protect</strong>!<br></div><div class="battle-history"><small>But it failed!</small><br></div><div class="spacer battle-history"><br></div><h2 class="battle-history">Turn 2</h2><div class="spacer battle-history"><br></div><div class="battle-history">Beedrill used <strong>U-turn</strong>!<br></div><div class="battle-history"><small>(The opposing Swampert lost <abbr title="−156/404">38.6%</abbr> of its health!)</small><br></div><div class="spacer battle-history"><br></div><div class="battle-history">Beedrill went back to henrique13!<br></div><div class="battle-history">Go! <strong>Cloyster</strong>!<br></div><div class="spacer battle-history"><br></div><div class="battle-history">The opposing Swampert used <strong>Stealth Rock</strong>!<br></div><div class="battle-history"><small>Pointed stones float in the air around your team!</small><br></div><div class="spacer battle-history"><br></div><div class="battle-history"><small>The opposing Swampert restored a little HP using its Leftovers!</small><br></div><div class="spacer battle-history"><br></div><h2 class="battle-history">Turn 3</h2><div class="spacer battle-history"><br></div><div class="battle-history">Cloyster used <strong>Shell Smash</strong>!<br></div><div class="battle-history"><small>Cloyster's Defense fell!</small><br></div><div class="battle-history"><small>Cloyster's Special Defense fell!</small><br></div><div class="battle-history"><small>Cloyster's Attack rose sharply!</small><br></div><div class="battle-history"><small>Cloyster's Special Attack rose sharply!</small><br></div><div class="battle-history"><small>Cloyster's Speed rose sharply!</small><br></div><div class="battle-history"><small>Cloyster returned its status to normal using its White Herb!</small><br></div><div class="spacer battle-history"><br></div><div class="battle-history">The opposing Swampert used <strong>Roar</strong>!<br></div><div class="spacer battle-history"><br></div><div class="battle-history"><strong>Magneton</strong> was dragged out!<br></div><div class="battle-history"><small>Pointed stones dug into Magneton!</small><br></div><div class="spacer battle-history"><br></div><div class="battle-history"><small>The opposing Swampert restored a little HP using its Leftovers!</small><br></div><div class="spacer battle-history"><br></div><h2 class="battle-history">Turn 4</h2><div class="spacer battle-history"><br></div><div class="battle-history">Magneton, come back!<br></div><div class="battle-history">Go! <strong>Crobat</strong>!<br></div><div class="battle-history"><small>Pointed stones dug into Crobat!</small><br></div><div class="spacer battle-history"><br></div><div class="battle-history">The opposing Swampert used <strong>Scald</strong>!<br></div><div class="battle-history"><small>(Crobat lost <abbr title="−103/311">33.1%</abbr> of its health!)</small><br></div><div class="battle-history"><small>Crobat was burned!</small><br></div><div class="spacer battle-history"><br></div><div class="battle-history"><small>The opposing Swampert restored a little HP using its Leftovers!</small><br></div><div class="battle-history"><small>Crobat was hurt by its burn!</small><br></div><div class="spacer battle-history"><br></div><h2 class="battle-history">Turn 5</h2><div class="spacer battle-history"><br></div><div class="battle-history">Crobat used <strong>Poison Fang</strong>!<br></div><div class="battle-history"><small>It's not very effective...</small><br></div><div class="battle-history"><small>(The opposing Swampert lost <abbr title="−16/404">4.0%</abbr> of its health!)</small><br></div><div class="battle-history"><small>Crobat lost some of its HP!</small><br></div><div class="spacer battle-history"><br></div><div class="battle-history">The opposing Swampert used <strong>Scald</strong>!<br></div><div class="battle-history"><small>(Crobat lost <abbr title="−62/311">19.9%</abbr> of its health!)</small><br></div><div class="spacer battle-history"><br></div><div class="battle-history">Crobat fainted!<br></div><div class="spacer battle-history"><br></div><div class="battle-history"><small>The opposing Swampert restored a little HP using its Leftovers!</small><br></div><div class="spacer battle-history"><br></div><div class="battle-history">Go! <strong>Porygon2</strong>!<br></div><div class="battle-history"><small>Pointed stones dug into Porygon2!</small><br></div><div class="battle-history"><small>[Porygon2's Download]</small><br></div><div class="battle-history"><small>Porygon2's Special Attack rose!</small><br></div><div class="spacer battle-history"><br></div><h2 class="battle-history">Turn 6</h2><div class="spacer battle-history"><br></div><div class="battle-history">Porygon2 used <strong>Tri Attack</strong>!<br></div><div class="battle-history"><small>(The opposing Swampert lost <abbr title="−204/404">50.5%</abbr> of its health!)</small><br></div><div class="spacer battle-history"><br></div><div class="battle-history">The opposing Swampert used <strong>Roar</strong>!<br></div><div class="spacer battle-history"><br></div><div class="battle-history"><strong>Doublade</strong> was dragged out!<br></div><div class="battle-history"><small>Pointed stones dug into Doublade!</small><br></div><div class="spacer battle-history"><br></div><div class="battle-history"><small>The opposing Swampert restored a little HP using its Leftovers!</small><br></div><div class="spacer battle-history"><br></div><h2 class="battle-history">Turn 7</h2><div class="chat"><small>Ace Trainer Caio joined.</small></div><div class="spacer battle-history"><br></div><div class="battle-history">The opposing Swampert used <strong>Scald</strong>!<br></div><div class="battle-history"><small>(Doublade lost <abbr title="−94/322">29.2%</abbr> of its health!)</small><br></div><div class="spacer battle-history"><br></div><div class="battle-history">Doublade used <strong>Sacred Sword</strong>!<br></div><div class="battle-history"><small>(The opposing Swampert lost <abbr title="−77/404">19.1%</abbr> of its health!)</small><br></div><div class="spacer battle-history"><br></div><div class="battle-history"><small>The opposing Swampert restored a little HP using its Leftovers!</small><br></div><div class="spacer battle-history"><br></div><h2 class="battle-history">Turn 8</h2><div class="spacer battle-history"><br></div><div class="battle-history">Doublade, come back!<br></div><div class="battle-history">Go! <strong>Porygon2</strong>!<br></div><div class="battle-history"><small>Pointed stones dug into Porygon2!</small><br></div><div class="battle-history"><small>[Porygon2's Download]</small><br></div><div class="battle-history"><small>Porygon2's Special Attack rose!</small><br></div><div class="spacer battle-history"><br></div><div class="battle-history">The opposing Swampert used <strong>Protect</strong>!<br></div><div class="battle-history"><small>But it failed!</small><br></div><div class="spacer battle-history"><br></div><div class="battle-history"><small>The opposing Swampert restored a little HP using its Leftovers!</small><br></div><div class="spacer battle-history"><br></div><h2 class="battle-history">Turn 9</h2><div class="spacer battle-history"><br></div><div class="battle-history">The opposing Swampert used <strong>Protect</strong>!<br></div><div class="battle-history"><small>The opposing Swampert protected itself!</small><br></div><div class="spacer battle-history"><br></div><div class="battle-history">Porygon2 used <strong>Tri Attack</strong>!<br></div><div class="battle-history"><small>The opposing Swampert protected itself!</small><br></div><div class="spacer battle-history"><br></div><div class="battle-history"><small>The opposing Swampert restored a little HP using its Leftovers!</small><br></div><div class="spacer battle-history"><br></div><h2 class="battle-history">Turn 10</h2><div class="spacer battle-history"><br></div><div class="battle-history">Dr.toktok withdrew Swampert!<br></div><div class="battle-history">Dr.toktok sent out <strong>Cresselia</strong>!<br></div><div class="spacer battle-history"><br></div><div class="battle-history">Porygon2 used <strong>Tri Attack</strong>!<br></div><div class="battle-history"><small>(The opposing Cresselia lost <abbr title="−147/444">33.1%</abbr> of its health!)</small><br></div><div class="battle-history"><small>The opposing Cresselia was frozen solid!</small><br></div><div class="battle-history"><small>The opposing Cresselia ate its Lum Berry!</small><br></div><div class="battle-history"><small>The opposing Cresselia thawed out!</small><br></div><div class="spacer battle-history"><br></div><h2 class="battle-history">Turn 11</h2><div class="spacer battle-history"><br></div><div class="battle-history">The opposing Cresselia used <strong>Calm Mind</strong>!<br></div><div class="battle-history"><small>The opposing Cresselia's Special Attack rose!</small><br></div><div class="battle-history"><small>The opposing Cresselia's Special Defense rose!</small><br></div><div class="spacer battle-history"><br></div><div class="battle-history">Porygon2 used <strong>Tri Attack</strong>!<br></div><div class="battle-history"><small>(The opposing Cresselia lost <abbr title="−111/444">25%</abbr> of its health!)</small><br></div><div class="spacer battle-history"><br></div><h2 class="battle-history">Turn 12</h2><div class="spacer battle-history"><br></div><div class="battle-history">The opposing Cresselia used <strong>Moonlight</strong>!<br></div><div class="battle-history"><small>The opposing Cresselia restored its HP.</small><br></div><div class="spacer battle-history"><br></div><div class="battle-history">Porygon2 used <strong>Tri Attack</strong>!<br></div><div class="battle-history"><small>(The opposing Cresselia lost <abbr title="−108/444">24.3%</abbr> of its health!)</small><br></div><div class="spacer battle-history"><br></div><h2 class="battle-history">Turn 13</h2><div class="spacer battle-history"><br></div><div class="battle-history">The opposing Cresselia used <strong>Calm Mind</strong>!<br></div><div class="battle-history"><small>The opposing Cresselia's Special Attack rose!</small><br></div><div class="battle-history"><small>The opposing Cresselia's Special Defense rose!</small><br></div><div class="spacer battle-history"><br></div><div class="battle-history">Porygon2 used <strong>Tri Attack</strong>!<br></div><div class="battle-history"><small>(The opposing Cresselia lost <abbr title="−85/444">19.1%</abbr> of its health!)</small><br></div><div class="battle-history"><small>The opposing Cresselia was burned!</small><br></div><div class="spacer battle-history"><br></div><div class="battle-history"><small>The opposing Cresselia was hurt by its burn!</small><br></div><div class="spacer battle-history"><br></div><h2 class="battle-history">Turn 14</h2><div class="spacer battle-history"><br></div><div class="battle-history">Porygon2, come back!<br></div><div class="battle-history">Go! Beedrill (<strong>Beedrill-Mega</strong>)!<br></div><div class="battle-history"><small>Pointed stones dug into Beedrill!</small><br></div><div class="spacer battle-history"><br></div><div class="battle-history">The opposing Cresselia used <strong>Moonlight</strong>!<br></div><div class="battle-history"><small>The opposing Cresselia restored its HP.</small><br></div><div class="spacer battle-history"><br></div><div class="battle-history"><small>The opposing Cresselia was hurt by its burn!</small><br></div><div class="spacer battle-history"><br></div><h2 class="battle-history">Turn 15</h2><div class="spacer battle-history"><br></div><div class="battle-history">Beedrill used <strong>U-turn</strong>!<br></div><div class="battle-history"><small>It's super effective!</small><br></div><div class="battle-history"><small>(The opposing Cresselia lost <abbr title="−228/444">51.4%</abbr> of its health!)</small><br></div><div class="spacer battle-history"><br></div><div class="battle-history">Beedrill went back to henrique13!<br></div><div class="battle-history">Go! <strong>Doublade</strong>!<br></div><div class="battle-history"><small>Pointed stones dug into Doublade!</small><br></div><div class="spacer battle-history"><br></div><div class="battle-history">The opposing Cresselia used <strong>Psychic</strong>!<br></div><div class="battle-history"><small>It's not very effective...</small><br></div><div class="battle-history"><small>(Doublade lost <abbr title="−93/322">28.9%</abbr> of its health!)</small><br></div><div class="battle-history"><small>Doublade's Special Defense fell!</small><br></div><div class="spacer battle-history"><br></div><div class="battle-history"><small>The opposing Cresselia was hurt by its burn!</small><br></div><div class="spacer battle-history"><br></div><h2 class="battle-history">Turn 16</h2><div class="chat"><small>Ace Trainer Caio left.</small></div><div class="spacer battle-history"><br></div><div class="battle-history">Doublade used <strong>Shadow Sneak</strong>!<br></div><div class="battle-history"><small>It's super effective!</small><br></div><div class="battle-history"><small>(The opposing Cresselia lost <abbr title="−44/444">9.9%</abbr> of its health!)</small><br></div><div class="spacer battle-history"><br></div><div class="battle-history">The opposing Cresselia fainted!<br></div><div class="spacer battle-history"><br></div><div class="battle-history">Dr.toktok sent out <strong>Beedrill</strong>!<br></div><div class="spacer battle-history"><br></div><h2 class="battle-history">Turn 17</h2><div class="spacer battle-history"><br></div><div class="battle-history"><small>The opposing Beedrill's Beedrillite is reacting to Dr.toktok's Mega Bracelet!</small><br>The opposing Beedrill has Mega Evolved into Mega Beedrill!<br></div><div class="spacer battle-history"><br></div><div class="battle-history">Doublade used <strong>Shadow Sneak</strong>!<br></div><div class="battle-history"><small>(The opposing Beedrill lost <abbr title="−142/272">52.2%</abbr> of its health!)</small><br></div><div class="spacer battle-history"><br></div><div class="battle-history">The opposing Beedrill used <strong>Drill Run</strong>!<br></div><div class="battle-history"><small>It's super effective!</small><br></div><div class="battle-history"><small>A critical hit!</small><br></div><div class="battle-history"><small>(Doublade lost <abbr title="−95/322">29.5%</abbr> of its health!)</small><br></div><div class="spacer battle-history"><br></div><div class="battle-history">Doublade fainted!<br></div><div class="spacer battle-history"><br></div><div class="battle-history">Go! <strong>Magneton</strong>!<br></div><div class="battle-history"><small>Pointed stones dug into Magneton!</small><br></div><div class="spacer battle-history"><br></div><h2 class="battle-history">Turn 18</h2><div class="spacer battle-history"><br></div><div class="battle-history">The opposing Beedrill used <strong>Drill Run</strong>!<br></div><div class="battle-history"><small>It's super effective!</small><br></div><div class="battle-history"><small>(Magneton lost <abbr title="−211/241">87.6%</abbr> of its health!)</small><br></div><div class="spacer battle-history"><br></div><div class="battle-history">Magneton fainted!<br></div><div class="spacer battle-history"><br></div><div class="battle-history">Go! Beedrill (<strong>Beedrill-Mega</strong>)!<br></div><div class="battle-history"><small>Pointed stones dug into Beedrill!</small><br></div><div class="spacer battle-history"><br></div><h2 class="battle-history">Turn 19</h2><div class="spacer battle-history"><br></div><div class="battle-history">The opposing Beedrill used <strong>Drill Run</strong>!<br></div><div class="battle-history"><small>(Beedrill lost <abbr title="−137/271">50.6%</abbr> of its health!)</small><br></div><div class="spacer battle-history"><br></div><div class="battle-history">Beedrill fainted!<br></div><div class="spacer battle-history"><br></div><div class="battle-history">Go! <strong>Porygon2</strong>!<br></div><div class="battle-history"><small>Pointed stones dug into Porygon2!</small><br></div><div class="battle-history"><small>[Porygon2's Download]</small><br></div><div class="battle-history"><small>Porygon2's Attack rose!</small><br></div><div class="spacer battle-history"><br></div><h2 class="battle-history">Turn 20</h2><div class="spacer battle-history"><br></div><div class="battle-history">The opposing Beedrill used <strong>U-turn</strong>!<br></div><div class="battle-history"><small>(Porygon2 lost <abbr title="−146/374">39.0%</abbr> of its health!)</small><br></div><div class="spacer battle-history"><br></div><div class="battle-history">The opposing Beedrill went back to Dr.toktok!<br></div><div class="battle-history">Dr.toktok sent out <strong>Swampert</strong>!<br></div><div class="spacer battle-history"><br></div><div class="battle-history">Porygon2 used <strong>Thunderbolt</strong>!<br></div><div class="battle-history"><small>It doesn't affect the opposing Swampert...</small><br></div><div class="spacer battle-history"><br></div><div class="battle-history"><small>The opposing Swampert restored a little HP using its Leftovers!</small><br></div><div class="spacer battle-history"><br></div><h2 class="battle-history">Turn 21</h2><div class="spacer battle-history"><br></div><div class="battle-history">Porygon2 used <strong>Recover</strong>!<br></div><div class="battle-history"><small>Porygon2 restored its HP.</small><br></div><div class="spacer battle-history"><br></div><div class="battle-history">The opposing Swampert used <strong>Roar</strong>!<br></div><div class="spacer battle-history"><br></div><div class="battle-history"><strong>Cloyster</strong> was dragged out!<br></div><div class="battle-history"><small>Pointed stones dug into Cloyster!</small><br></div><div class="spacer battle-history"><br></div><div class="battle-history"><small>The opposing Swampert restored a little HP using its Leftovers!</small><br></div><div class="spacer battle-history"><br></div><h2 class="battle-history">Turn 22</h2><div class="spacer battle-history"><br></div><div class="battle-history">Cloyster used <strong>Icicle Spear</strong>!<br></div><div class="battle-history"><small>(The opposing Swampert lost <abbr title="−30/404">7.4%</abbr> of its health!)</small><br></div><div class="battle-history"><small>(The opposing Swampert lost <abbr title="−28/404">6.9%</abbr> of its health!)</small><br></div><div class="battle-history"><small>(The opposing Swampert lost <abbr title="−31/404">7.7%</abbr> of its health!)</small><br></div><div class="battle-history"><small>(The opposing Swampert lost <abbr title="−34/404">8.4%</abbr> of its health!)</small><br></div><div class="battle-history"><small>(The opposing Swampert lost <abbr title="−34/404">8.4%</abbr> of its health!)</small><br></div><div class="battle-history"><small>Hit 5 times!</small><br></div><div class="spacer battle-history"><br></div><div class="battle-history">The opposing Swampert used <strong>Roar</strong>!<br></div><div class="spacer battle-history"><br></div><div class="battle-history"><strong>Porygon2</strong> was dragged out!<br></div><div class="battle-history"><small>Pointed stones dug into Porygon2!</small><br></div><div class="battle-history"><small>[Porygon2's Download]</small><br></div><div class="battle-history"><small>Porygon2's Special Attack rose!</small><br></div><div class="spacer battle-history"><br></div><div class="battle-history"><small>The opposing Swampert restored a little HP using its Leftovers!</small><br></div><div class="spacer battle-history"><br></div><h2 class="battle-history">Turn 23</h2><div class="spacer battle-history"><br></div><div class="battle-history">Porygon2 used <strong>Tri Attack</strong>!<br></div><div class="battle-history"><small>(The opposing Swampert lost <abbr title="−69/404">17.1%</abbr> of its health!)</small><br></div><div class="spacer battle-history"><br></div><div class="battle-history">The opposing Swampert fainted!<br></div><div class="spacer battle-history"><br></div><div class="battle-history">Dr.toktok sent out Beedrill (<strong>Beedrill-Mega</strong>)!<br></div><div class="spacer battle-history"><br></div><h2 class="battle-history">Turn 24</h2><div class="spacer battle-history"><br></div><div class="battle-history">The opposing Beedrill used <strong>Poison Jab</strong>!<br></div><div class="battle-history"><small>(Porygon2 lost <abbr title="−166/374">44.4%</abbr> of its health!)</small><br></div><div class="spacer battle-history"><br></div><div class="battle-history">Porygon2 used <strong>Tri Attack</strong>!<br></div><div class="battle-history"><small>(The opposing Beedrill lost <abbr title="−130/272">47.8%</abbr> of its health!)</small><br></div><div class="spacer battle-history"><br></div><div class="battle-history">The opposing Beedrill fainted!<br></div><div class="spacer battle-history"><br></div><div class="battle-history">Dr.toktok sent out <strong>Kyurem</strong>!<br></div><div class="battle-history"><small>[The opposing Kyurem's Pressure]</small><br><small>The opposing Kyurem is exerting its pressure!</small><br></div><div class="spacer battle-history"><br></div><h2 class="battle-history">Turn 25</h2><div class="spacer battle-history"><br></div><div class="battle-history">The opposing Kyurem used <strong>Ice Beam</strong>!<br></div><div class="battle-history"><small>(Porygon2 lost <abbr title="−65/374">17.4%</abbr> of its health!)</small><br></div><div class="spacer battle-history"><br></div><div class="battle-history">Porygon2 fainted!<br></div><div class="spacer battle-history"><br></div><div class="battle-history">Go! <strong>Cloyster</strong>!<br></div><div class="battle-history"><small>Pointed stones dug into Cloyster!</small><br></div><div class="spacer battle-history"><br></div><h2 class="battle-history">Turn 26</h2><div class="spacer battle-history"><br></div><div class="battle-history">Cloyster used <strong>Rock Blast</strong>!<br></div><div class="battle-history"><small>It's super effective!</small><br></div><div class="battle-history"><small>(The opposing Kyurem lost <abbr title="−42/391">10.7%</abbr> of its health!)</small><br></div><div class="battle-history"><small>It's super effective!</small><br></div><div class="battle-history"><small>(The opposing Kyurem lost <abbr title="−44/391">11.3%</abbr> of its health!)</small><br></div><div class="battle-history"><small>It's super effective!</small><br></div><div class="battle-history"><small>A critical hit!</small><br></div><div class="battle-history"><small>(The opposing Kyurem lost <abbr title="−74/391">18.9%</abbr> of its health!)</small><br></div><div class="battle-history"><small>It's super effective!</small><br></div><div class="battle-history"><small>A critical hit!</small><br></div><div class="battle-history"><small>(The opposing Kyurem lost <abbr title="−64/391">16.4%</abbr> of its health!)</small><br></div><div class="battle-history"><small>It's super effective!</small><br></div><div class="battle-history"><small>(The opposing Kyurem lost <abbr title="−44/391">11.3%</abbr> of its health!)</small><br></div><div class="battle-history"><small>Hit 5 times!</small><br></div><div class="spacer battle-history"><br></div><div class="battle-history">The opposing Kyurem used <strong>Flash Cannon</strong>!<br></div><div class="battle-history"><small>(Cloyster lost <abbr title="−121/241">50.2%</abbr> of its health!)</small><br></div><div class="spacer battle-history"><br></div><div class="battle-history">Cloyster fainted!<br></div><div class="spacer battle-history"><br></div><div class="battle-history"><strong>Dr.toktok</strong> won the battle!<br></div><div class="chat"><small>henrique13 left.</small></div><div class="chat">henrique13's rating: 1137 → <strong>1117</strong><br>(-20 for losing)</div><div class="chat">Dr.toktok's rating: 1212 → <strong>1231</strong><br>(+19 for winning)</div></div><div class="inner-preempt"></div></div></div>
</div>
<script>
let daily = Math.floor(Date.now()/1000/60/60/24);document.write('<script src="https://play.pokemonshowdown.com/js/replay-embed.js?version'+daily+'"></'+'script>');
</script>
