<!DOCTYPE html>
<meta charset="utf-8" />
<!-- version 1 -->
<title>UU replay: ileslieknope vs. Chrissseerrr</title>
<style>
html,body {font-family:Verdana, sans-serif;font-size:10pt;margin:0;padding:0;}body{padding:12px 0;} .battle-log {font-family:Verdana, sans-serif;font-size:10pt;} .battle-log-inline {border:1px solid #AAAAAA;background:#EEF2F5;color:black;max-width:640px;margin:0 auto 80px;padding-bottom:5px;} .battle-log .inner {padding:4px 8px 0px 8px;} .battle-log .inner-preempt {padding:0 8px 4px 8px;} .battle-log .inner-after {margin-top:0.5em;} .battle-log h2 {margin:0.5em -8px;padding:4px 8px;border:1px solid #AAAAAA;background:#E0E7EA;border-left:0;border-right:0;font-family:Verdana, sans-serif;font-size:13pt;} .battle-log .chat {vertical-align:middle;padding:3px 0 3px 0;font-size:8pt;} .battle-log .chat strong {color:#40576A;} .battle-log .chat em {padding:1px 4px 1px 3px;color:#000000;font-style:normal;} .chat.mine {background:rgba(0,0,0,0.05);margin-left:-8px;margin-right:-8px;padding-left:8px;padding-right:8px;} .spoiler {color:#BBBBBB;background:#BBBBBB;padding:0px 3px;} .spoiler:hover, .spoiler:active, .spoiler-shown {color:#000000;background:#E2E2E2;padding:0px 3px;} .spoiler a {color:#BBBBBB;} .spoiler:hover a, .spoiler:active a, .spoiler-shown a {color:#2288CC;} .chat code, .chat .spoiler:hover code, .chat .spoiler:active code, .chat .spoiler-shown code {border:1px solid #C0C0C0;background:#EEEEEE;color:black;padding:0 2px;} .chat .spoiler code {border:1px solid #CCCCCC;background:#CCCCCC;color:#CCCCCC;} .battle-log .rated {padding:3px 4px;} .battle-log .rated strong {color:white;background:#89A;padding:1px 4px;border-radius:4px;} .spacer {margin-top:0.5em;} .message-announce {background:#6688AA;color:white;padding:1px 4px 2px;} .message-announce a, .broadcast-green a, .broadcast-blue a, .broadcast-red a {color:#DDEEFF;} .broadcast-green {background-color:#559955;color:white;padding:2px 4px;} .broadcast-blue {background-color:#6688AA;color:white;padding:2px 4px;} .infobox {border:1px solid #6688AA;padding:2px 4px;} .infobox-limited {max-height:200px;overflow:auto;overflow-x:hidden;} .broadcast-red {background-color:#AA5544;color:white;padding:2px 4px;} .message-learn-canlearn {font-weight:bold;color:#228822;text-decoration:underline;} .message-learn-cannotlearn {font-weight:bold;color:#CC2222;text-decoration:underline;} .message-effect-weak {font-weight:bold;color:#CC2222;} .message-effect-resist {font-weight:bold;color:#6688AA;} .message-effect-immune {font-weight:bold;color:#666666;} .message-learn-list {margin-top:0;margin-bottom:0;} .message-throttle-notice, .message-error {color:#992222;} .message-overflow, .chat small.message-overflow {font-size:0pt;} .message-overflow::before {font-size:9pt;content:'...';} .subtle {color:#3A4A66;}
</style>
<div class="wrapper replay-wrapper" style="max-width:1180px;margin:0 auto">
<input type="hidden" name="replayid" value="uu-552924669" />
<div class="battle"></div><div class="battle-log"></div><div class="replay-controls"></div><div class="replay-controls-2"></div>
<h1 style="font-weight:normal;text-align:center"><strong>UU</strong><br /><a href="http://pokemonshowdown.com/users/ileslieknope" class="subtle" target="_blank">ileslieknope</a> vs. <a href="http://pokemonshowdown.com/users/chrissseerrr" class="subtle" target="_blank">Chrissseerrr</a></h1>
<script type="text/plain" class="battle-log-data">|j|ileslieknope
|j|Chrissseerrr
|player|p1|ileslieknope|70
|player|p2|Chrissseerrr|64
|gametype|singles
|gen|6
|tier|UU
|rated
|seed|8711,15374,50392,7228
|rule|Sleep Clause Mod: Limit one foe put to sleep
|rule|Species Clause: Limit one of each Pokémon
|rule|OHKO Clause: OHKO moves are banned
|rule|Moody Clause: Moody is banned
|rule|Evasion Moves Clause: Evasion moves are banned
|rule|Endless Battle Clause: Forcing endless battles is banned
|rule|HP Percentage Mod: HP is shown in percentages
|clearpoke
|poke|p1|Forretress, M, shiny|item
|poke|p1|Sylveon, F|item
|poke|p1|Milotic, F, shiny|item
|poke|p1|Mamoswine, M|item
|poke|p1|Goodra, M|item
|poke|p1|Meloetta|item
|poke|p2|Suicune|item
|poke|p2|Arcanine, F|item
|poke|p2|Absol, M|item
|poke|p2|Nidoking, M|item
|poke|p2|Virizion|item
|poke|p2|Sneasel, F|item
|rule|Swagger Clause: Swagger is banned
|rule|Baton Pass Clause: Limit one Baton Passer, can't pass Spe and other stats simultaneously
|teampreview
|choice|team 1, team 2, team 3, team 4, team 5, team 6|team 6, team 2, team 3, team 4, team 5, team 1
|
|start
|switch|p1a: Forretress|Forretress, M, shiny|354\/354
|switch|p2a: Sneasel|Sneasel, F|252\/252
|turn|1
|choice|move stealthrock|move fakeout
|
|move|p2a: Sneasel|Fake Out|p1a: Forretress
|-resisted|p1a: Forretress
|-damage|p1a: Forretress|342\/354
|-damage|p2a: Sneasel|210\/252|[from] item: Rocky Helmet|[of] p1a: Forretress
|cant|p1a: Forretress|flinch
|
|upkeep
|turn|2
|choice|move stealthrock|switch 4
|
|switch|p2a: Nidoking|Nidoking, M|366\/366
|move|p1a: Forretress|Stealth Rock|p2a: Nidoking
|-sidestart|p2: Chrissseerrr|move: Stealth Rock
|
|upkeep
|turn|3
|choice|move spikes|move flamethrower
|
|move|p2a: Nidoking|Flamethrower|p1a: Forretress
|-supereffective|p1a: Forretress
|-damage|p1a: Forretress|0 fnt
|faint|p1a: Forretress
|
|upkeep
|choice|switch 4|
|
|switch|p1a: Mamoswine|Mamoswine, M|424\/424
|turn|4
|choice|move iciclecrash|switch 6
|
|switch|p2a: Suicune|Suicune|404\/404
|-damage|p2a: Suicune|354\/404|[from] Stealth Rock
|-ability|p2a: Suicune|Pressure
|move|p1a: Mamoswine|Icicle Crash|p2a: Suicune
|-resisted|p2a: Suicune
|-damage|p2a: Suicune|302\/404
|
|upkeep
|turn|5
|choice|move earthquake|move calmmind
|
|move|p2a: Suicune|Calm Mind|p2a: Suicune
|-boost|p2a: Suicune|spa|1
|-boost|p2a: Suicune|spd|1
|move|p1a: Mamoswine|Earthquake|p2a: Suicune
|-damage|p2a: Suicune|170\/404
|
|upkeep
|turn|6
|choice|move earthquake|move calmmind
|
|move|p2a: Suicune|Calm Mind|p2a: Suicune
|-boost|p2a: Suicune|spa|1
|-boost|p2a: Suicune|spd|1
|move|p1a: Mamoswine|Earthquake|p2a: Suicune
|-damage|p2a: Suicune|35\/404
|
|upkeep
|turn|7
|choice|move iceshard|move rest
|
|move|p1a: Mamoswine|Ice Shard|p2a: Suicune
|-resisted|p2a: Suicune
|-damage|p2a: Suicune|11\/404
|move|p2a: Suicune|Rest|p2a: Suicune
|-status|p2a: Suicune|slp
|-heal|p2a: Suicune|404\/404 slp|[silent]
|-status|p2a: Suicune|slp|[from] move: Rest
|-enditem|p2a: Suicune|Chesto Berry|[eat]
|-curestatus|p2a: Suicune|slp|[msg]
|
|upkeep
|turn|8
|choice|move knockoff|move surf
|
|move|p2a: Suicune|Surf|p1a: Mamoswine
|-supereffective|p1a: Mamoswine
|-damage|p1a: Mamoswine|0 fnt
|faint|p1a: Mamoswine
|
|upkeep
|choice|switch 2|
|
|switch|p1a: Sylveon|Sylveon, F|393\/393
|turn|9
|choice|move psyshock|move calmmind
|
|move|p2a: Suicune|Calm Mind|p2a: Suicune
|-boost|p2a: Suicune|spa|1
|-boost|p2a: Suicune|spd|1
|move|p1a: Sylveon|Psyshock|p2a: Suicune
|-damage|p2a: Suicune|326\/404
|-damage|p1a: Sylveon|354\/393|[from] item: Life Orb
|
|upkeep
|turn|10
|choice|move calmmind|move calmmind
|
|move|p2a: Suicune|Calm Mind|p2a: Suicune
|-boost|p2a: Suicune|spa|1
|-boost|p2a: Suicune|spd|1
|move|p1a: Sylveon|Calm Mind|p1a: Sylveon
|-boost|p1a: Sylveon|spa|1
|-boost|p1a: Sylveon|spd|1
|
|upkeep
|turn|11
|choice|move calmmind|move surf
|
|move|p2a: Suicune|Surf|p1a: Sylveon
|-damage|p1a: Sylveon|194\/393
|move|p1a: Sylveon|Calm Mind|p1a: Sylveon
|-boost|p1a: Sylveon|spa|1
|-boost|p1a: Sylveon|spd|1
|
|upkeep
|turn|12
|choice|move psyshock|move surf
|
|move|p2a: Suicune|Surf|p1a: Sylveon
|-damage|p1a: Sylveon|83\/393
|move|p1a: Sylveon|Psyshock|p2a: Suicune
|-damage|p2a: Suicune|156\/404
|-damage|p1a: Sylveon|44\/393|[from] item: Life Orb
|
|upkeep
|turn|13
|choice|move psyshock|move surf
|
|move|p2a: Suicune|Surf|p1a: Sylveon
|-damage|p1a: Sylveon|0 fnt
|faint|p1a: Sylveon
|
|upkeep
|choice|switch 6|
|
|switch|p1a: Meloetta|Meloetta|341\/341
|turn|14
|choice|move hypervoice|move rest
|
|move|p1a: Meloetta|Hyper Voice|p2a: Suicune
|-crit|p2a: Suicune
|-damage|p2a: Suicune|0 fnt
|faint|p2a: Suicune
|
|upkeep
|choice||switch 4
|
|switch|p2a: Sneasel|Sneasel, F|210\/252
|-damage|p2a: Sneasel|147\/252|[from] Stealth Rock
|turn|15
|choice|move hypervoice|move fakeout
|
|move|p2a: Sneasel|Fake Out|p1a: Meloetta
|-damage|p1a: Meloetta|303\/341
|cant|p1a: Meloetta|flinch
|
|upkeep
|turn|16
|choice|move hypervoice|move beatup
|
|move|p2a: Sneasel|Beat Up|p1a: Meloetta
|-supereffective|p1a: Meloetta
|-damage|p1a: Meloetta|261\/341
|-supereffective|p1a: Meloetta
|-damage|p1a: Meloetta|217\/341
|-supereffective|p1a: Meloetta
|-crit|p1a: Meloetta
|-damage|p1a: Meloetta|143\/341
|-supereffective|p1a: Meloetta
|-damage|p1a: Meloetta|105\/341
|-supereffective|p1a: Meloetta
|-damage|p1a: Meloetta|61\/341
|-hitcount|p1a: Meloetta|5
|cant|p1a: Meloetta|flinch
|
|upkeep
|turn|17
|choice|move hypervoice|move beatup
|
|move|p2a: Sneasel|Beat Up|p1a: Meloetta
|-supereffective|p1a: Meloetta
|-damage|p1a: Meloetta|23\/341
|-supereffective|p1a: Meloetta
|-damage|p1a: Meloetta|0 fnt
|-hitcount|p1a: Meloetta|2
|faint|p1a: Meloetta
|
|upkeep
|choice|switch 3|
|
|switch|p1a: Milotic|Milotic, F, shiny|331\/331
|turn|18
|choice|move scald|switch 5
|
|switch|p2a: Virizion|Virizion|386\/386
|-damage|p2a: Virizion|362\/386|[from] Stealth Rock
|move|p1a: Milotic|Scald|p2a: Virizion
|-resisted|p2a: Virizion
|-damage|p2a: Virizion|326\/386
|
|-heal|p2a: Virizion|350\/386|[from] item: Leftovers
|-status|p1a: Milotic|brn|[from] item: Flame Orb
|upkeep
|turn|19
|choice|move icebeam|move sacredsword
|
|move|p2a: Virizion|Sacred Sword|p1a: Milotic
|-damage|p1a: Milotic|268\/331 brn
|move|p1a: Milotic|Ice Beam|p2a: Virizion
|-supereffective|p2a: Virizion
|-damage|p2a: Virizion|238\/386
|
|-heal|p2a: Virizion|262\/386|[from] item: Leftovers
|-damage|p1a: Milotic|227\/331 brn|[from] brn
|upkeep
|turn|20
|choice|move icebeam|move sacredsword
|
|move|p2a: Virizion|Sacred Sword|p1a: Milotic
|-damage|p1a: Milotic|163\/331 brn
|move|p1a: Milotic|Ice Beam|p2a: Virizion
|-supereffective|p2a: Virizion
|-damage|p2a: Virizion|154\/386
|-status|p2a: Virizion|frz
|
|-heal|p2a: Virizion|178\/386 frz|[from] item: Leftovers
|-damage|p1a: Milotic|122\/331 brn|[from] brn
|upkeep
|turn|21
|c|☆Chrissseerrr|i knew it
|c|☆Chrissseerrr|i Always get this kind of luck
|choice|move icebeam|move rest
|
|-curestatus|p2a: Virizion|frz|[msg]
|move|p2a: Virizion|Rest|p2a: Virizion
|-status|p2a: Virizion|slp
|-heal|p2a: Virizion|386\/386 slp|[silent]
|-status|p2a: Virizion|slp|[from] move: Rest
|move|p1a: Milotic|Ice Beam|p2a: Virizion
|-supereffective|p2a: Virizion
|-damage|p2a: Virizion|274\/386 slp
|
|-heal|p2a: Virizion|298\/386 slp|[from] item: Leftovers
|-damage|p1a: Milotic|81\/331 brn|[from] brn
|upkeep
|turn|22
|choice|move recover|move sleeptalk
|
|cant|p2a: Virizion|slp
|move|p2a: Virizion|Sleep Talk|p2a: Virizion
|move|p2a: Virizion|Toxic|p1a: Milotic|[from]Sleep Talk
|-fail|p1a: Milotic
|move|p1a: Milotic|Recover|p1a: Milotic
|-heal|p1a: Milotic|247\/331 brn
|
|-heal|p2a: Virizion|322\/386 slp|[from] item: Leftovers
|-damage|p1a: Milotic|206\/331 brn|[from] brn
|upkeep
|turn|23
|choice|move recover|move sleeptalk
|
|cant|p2a: Virizion|slp
|move|p2a: Virizion|Sleep Talk|p2a: Virizion
|move|p2a: Virizion|Rest|p2a: Virizion|[from]Sleep Talk
|-fail|p2a: Virizion
|move|p1a: Milotic|Recover|p1a: Milotic
|-heal|p1a: Milotic|331\/331 brn
|
|-heal|p2a: Virizion|346\/386 slp|[from] item: Leftovers
|-damage|p1a: Milotic|290\/331 brn|[from] brn
|upkeep
|turn|24
|choice|switch 5|switch 2
|
|switch|p2a: Arcanine|Arcanine, F|384\/384
|-damage|p2a: Arcanine|288\/384|[from] Stealth Rock
|switch|p1a: Goodra|Goodra, M|350\/350
|
|upkeep
|turn|25
|choice|move dragonpulse|move flareblitz
|
|move|p2a: Arcanine|Flare Blitz|p1a: Goodra
|-resisted|p1a: Goodra
|-damage|p1a: Goodra|201\/350
|-ability|p1a: Goodra|Gooey
|-unboost|p2a: Arcanine|spe|1
|-damage|p2a: Arcanine|239\/384|[from] recoil|[of] p1a: Goodra
|move|p1a: Goodra|Dragon Pulse|p2a: Arcanine
|-damage|p2a: Arcanine|61\/384
|
|upkeep
|turn|26
|choice|move dragonpulse|move flareblitz
|
|move|p1a: Goodra|Dragon Pulse|p2a: Arcanine
|-damage|p2a: Arcanine|0 fnt
|faint|p2a: Arcanine
|
|upkeep
|choice||switch 5
|
|switch|p2a: Sneasel|Sneasel, F|147\/252
|-damage|p2a: Sneasel|84\/252|[from] Stealth Rock
|turn|27
|choice|move flamethrower|move fakeout
|
|move|p2a: Sneasel|Fake Out|p1a: Goodra
|-damage|p1a: Goodra|155\/350
|-ability|p1a: Goodra|Gooey
|-unboost|p2a: Sneasel|spe|1
|cant|p1a: Goodra|flinch
|
|upkeep
|turn|28
|choice|move flamethrower|move beatup
|
|move|p2a: Sneasel|Beat Up|p1a: Goodra
|-damage|p1a: Goodra|131\/350
|-damage|p1a: Goodra|103\/350
|-damage|p1a: Goodra|76\/350
|-hitcount|p1a: Goodra|3
|cant|p1a: Goodra|flinch
|
|upkeep
|turn|29
|choice|move dragonpulse|move beatup
|
|move|p2a: Sneasel|Beat Up|p1a: Goodra
|-damage|p1a: Goodra|51\/350
|-damage|p1a: Goodra|21\/350
|-damage|p1a: Goodra|0 fnt
|-hitcount|p1a: Goodra|3
|faint|p1a: Goodra
|
|upkeep
|choice|switch 5|
|
|switch|p1a: Milotic|Milotic, F, shiny|290\/331 brn
|turn|30
|choice|move scald|move beatup
|
|move|p2a: Sneasel|Beat Up|p1a: Milotic
|-damage|p1a: Milotic|277\/331 brn
|-damage|p1a: Milotic|259\/331 brn
|-damage|p1a: Milotic|244\/331 brn
|-hitcount|p1a: Milotic|3
|cant|p1a: Milotic|flinch
|
|-damage|p1a: Milotic|203\/331 brn|[from] brn
|upkeep
|turn|31
|choice|move scald|move iciclecrash
|
|move|p2a: Sneasel|Icicle Crash|p1a: Milotic
|-resisted|p1a: Milotic
|-damage|p1a: Milotic|162\/331 brn
|move|p1a: Milotic|Scald|p2a: Sneasel
|-damage|p2a: Sneasel|0 fnt
|faint|p2a: Sneasel
|
|-damage|p1a: Milotic|121\/331 brn|[from] brn
|upkeep
|choice||switch 3
|
|switch|p2a: Absol|Absol, M|272\/272
|-damage|p2a: Absol|238\/272|[from] Stealth Rock
|turn|32
|choice|move recover|move nightslash mega
|
|detailschange|p2a: Absol|Absol-Mega, M
|-mega|p2a: Absol|Absol|Absolite
|move|p2a: Absol|Night Slash|p1a: Milotic
|-damage|p1a: Milotic|24\/331 brn
|move|p1a: Milotic|Recover|p1a: Milotic
|-heal|p1a: Milotic|190\/331 brn
|
|-damage|p1a: Milotic|149\/331 brn|[from] brn
|upkeep
|turn|33
|c|☆ileslieknope|lmao damn milotic
|choice|move recover|move nightslash
|
|move|p2a: Absol|Night Slash|p1a: Milotic
|-damage|p1a: Milotic|47\/331 brn
|move|p1a: Milotic|Recover|p1a: Milotic
|-heal|p1a: Milotic|213\/331 brn
|
|-damage|p1a: Milotic|172\/331 brn|[from] brn
|upkeep
|turn|34
|choice|move recover|move nightslash
|
|move|p2a: Absol|Night Slash|p1a: Milotic
|-damage|p1a: Milotic|87\/331 brn
|move|p1a: Milotic|Recover|p1a: Milotic
|-heal|p1a: Milotic|253\/331 brn
|
|-damage|p1a: Milotic|212\/331 brn|[from] brn
|upkeep
|turn|35
|choice|move recover|move psychocut
|
|move|p2a: Absol|Psycho Cut|p1a: Milotic
|-crit|p1a: Milotic
|-damage|p1a: Milotic|113\/331 brn
|move|p1a: Milotic|Recover|p1a: Milotic
|-heal|p1a: Milotic|279\/331 brn
|
|-damage|p1a: Milotic|238\/331 brn|[from] brn
|upkeep
|turn|36
|choice|move scald|move psychocut
|
|move|p2a: Absol|Psycho Cut|p1a: Milotic
|-damage|p1a: Milotic|175\/331 brn
|move|p1a: Milotic|Scald|p2a: Absol
|-damage|p2a: Absol|73\/272
|
|-damage|p1a: Milotic|134\/331 brn|[from] brn
|upkeep
|turn|37
|choice|move recover|move nightslash
|
|move|p2a: Absol|Night Slash|p1a: Milotic
|-damage|p1a: Milotic|46\/331 brn
|move|p1a: Milotic|Recover|p1a: Milotic
|-heal|p1a: Milotic|212\/331 brn
|
|-damage|p1a: Milotic|171\/331 brn|[from] brn
|upkeep
|turn|38
|choice|move scald|move nightslash
|
|move|p2a: Absol|Night Slash|p1a: Milotic
|-damage|p1a: Milotic|83\/331 brn
|move|p1a: Milotic|Scald|p2a: Absol
|-crit|p2a: Absol
|-damage|p2a: Absol|0 fnt
|faint|p2a: Absol
|
|-damage|p1a: Milotic|42\/331 brn|[from] brn
|upkeep
|choice||switch 6
|
|switch|p2a: Nidoking|Nidoking, M|366\/366
|-damage|p2a: Nidoking|344\/366|[from] Stealth Rock
|turn|39
|choice|move recover|move sludgewave
|
|move|p2a: Nidoking|Sludge Wave|p1a: Milotic
|-damage|p1a: Milotic|0 fnt
|faint|p1a: Milotic
|
|win|Chrissseerrr
|c|☆ileslieknope|gg
|c|☆Chrissseerrr|lol
|c|☆Chrissseerrr|gg
|l|Chrissseerrr</script>
</div>
<div class="battle-log battle-log-inline"><div class="inner"><div class="battle-options"></div><div class="inner"><div class="chat"><small>ileslieknope joined.</small></div><div class="chat"><small>Chrissseerrr joined.</small></div><div class=""><small>Format:</small> <br><strong>UU</strong></div><div class="rated"><strong>Rated battle</strong></div><div class=""><small><em>Sleep Clause Mod:</em> Limit one foe put to sleep</small></div><div class=""><small><em>Species Clause:</em> Limit one of each Pokémon</small></div><div class=""><small><em>OHKO Clause:</em> OHKO moves are banned</small></div><div class=""><small><em>Moody Clause:</em> Moody is banned</small></div><div class=""><small><em>Evasion Moves Clause:</em> Evasion moves are banned</small></div><div class=""><small><em>Endless Battle Clause:</em> Forcing endless battles is banned</small></div><div class=""><small><em>HP Percentage Mod:</em> HP is shown in percentages</small></div><div class=""><small><em>Swagger Clause:</em> Swagger is banned</small></div><div class=""><small><em>Baton Pass Clause:</em> Limit one Baton Passer, can't pass Spe and other stats simultaneously</small></div><div class="chat battle-history"><strong>ileslieknope's team:</strong> <em style="color:#445566;display:block;">Forretress / Sylveon / Milotic / Mamoswine / Goodra / Meloetta</em></div><div class="chat battle-history"><strong>Chrissseerrr's team:</strong> <em style="color:#445566;display:block;">Suicune / Arcanine / Absol / Nidoking / Virizion / Sneasel</em></div><div class="spacer battle-history"><br></div><div class="battle-history">Battle started between ileslieknope and Chrissseerrr!<br></div><div class="spacer battle-history"><br></div><div class="battle-history">Go! <strong>Forretress</strong>!<br></div><div class="spacer battle-history"><br></div><div class="battle-history">Chrissseerrr sent out <strong>Sneasel</strong>!<br></div><div class="spacer battle-history"><br></div><h2 class="battle-history">Turn 1</h2><div class="spacer battle-history"><br></div><div class="battle-history">The opposing Sneasel used <strong>Fake Out</strong>!<br></div><div class="battle-history"><small>It's not very effective...</small><br></div><div class="battle-history"><small>(Forretress lost <abbr title="−12/354">3.4%</abbr> of its health!)</small><br></div><div class="battle-history"><small>The opposing Sneasel was hurt by the Rocky Helmet!</small><br></div><div class="spacer battle-history"><br></div><div class="battle-history">Forretress flinched and couldn't move!<br></div><div class="spacer battle-history"><br></div><h2 class="battle-history">Turn 2</h2><div class="spacer battle-history"><br></div><div class="battle-history">Chrissseerrr withdrew Sneasel!<br></div><div class="battle-history">Chrissseerrr sent out <strong>Nidoking</strong>!<br></div><div class="spacer battle-history"><br></div><div class="battle-history">Forretress used <strong>Stealth Rock</strong>!<br></div><div class="battle-history"><small>Pointed stones float in the air around the opposing team!</small><br></div><div class="spacer battle-history"><br></div><h2 class="battle-history">Turn 3</h2><div class="spacer battle-history"><br></div><div class="battle-history">The opposing Nidoking used <strong>Flamethrower</strong>!<br></div><div class="battle-history"><small>It's super effective!</small><br></div><div class="battle-history"><small>(Forretress lost <abbr title="−342/354">96.6%</abbr> of its health!)</small><br></div><div class="spacer battle-history"><br></div><div class="battle-history">Forretress fainted!<br></div><div class="spacer battle-history"><br></div><div class="battle-history">Go! <strong>Mamoswine</strong>!<br></div><div class="spacer battle-history"><br></div><h2 class="battle-history">Turn 4</h2><div class="spacer battle-history"><br></div><div class="battle-history">Chrissseerrr withdrew Nidoking!<br></div><div class="battle-history">Chrissseerrr sent out <strong>Suicune</strong>!<br></div><div class="battle-history"><small>Pointed stones dug into the opposing Suicune!</small><br></div><div class="battle-history"><small>[The opposing Suicune's Pressure]</small><br><small>The opposing Suicune is exerting its pressure!</small><br></div><div class="spacer battle-history"><br></div><div class="battle-history">Mamoswine used <strong>Icicle Crash</strong>!<br></div><div class="battle-history"><small>It's not very effective...</small><br></div><div class="battle-history"><small>(The opposing Suicune lost <abbr title="−52/404">12.9%</abbr> of its health!)</small><br></div><div class="spacer battle-history"><br></div><h2 class="battle-history">Turn 5</h2><div class="spacer battle-history"><br></div><div class="battle-history">The opposing Suicune used <strong>Calm Mind</strong>!<br></div><div class="battle-history"><small>The opposing Suicune's Special Attack rose!</small><br></div><div class="battle-history"><small>The opposing Suicune's Special Defense rose!</small><br></div><div class="spacer battle-history"><br></div><div class="battle-history">Mamoswine used <strong>Earthquake</strong>!<br></div><div class="battle-history"><small>(The opposing Suicune lost <abbr title="−132/404">32.7%</abbr> of its health!)</small><br></div><div class="spacer battle-history"><br></div><h2 class="battle-history">Turn 6</h2><div class="spacer battle-history"><br></div><div class="battle-history">The opposing Suicune used <strong>Calm Mind</strong>!<br></div><div class="battle-history"><small>The opposing Suicune's Special Attack rose!</small><br></div><div class="battle-history"><small>The opposing Suicune's Special Defense rose!</small><br></div><div class="spacer battle-history"><br></div><div class="battle-history">Mamoswine used <strong>Earthquake</strong>!<br></div><div class="battle-history"><small>(The opposing Suicune lost <abbr title="−135/404">33.4%</abbr> of its health!)</small><br></div><div class="spacer battle-history"><br></div><h2 class="battle-history">Turn 7</h2><div class="spacer battle-history"><br></div><div class="battle-history">Mamoswine used <strong>Ice Shard</strong>!<br></div><div class="battle-history"><small>It's not very effective...</small><br></div><div class="battle-history"><small>(The opposing Suicune lost <abbr title="−24/404">5.9%</abbr> of its health!)</small><br></div><div class="spacer battle-history"><br></div><div class="battle-history">The opposing Suicune used <strong>Rest</strong>!<br></div><div class="battle-history"><small>The opposing Suicune fell asleep!</small><br></div><div class="battle-history"><small>The opposing Suicune slept and became healthy!</small><br></div><div class="battle-history"><small>The opposing Suicune ate its Chesto Berry!</small><br></div><div class="battle-history"><small>The opposing Suicune woke up!</small><br></div><div class="spacer battle-history"><br></div><h2 class="battle-history">Turn 8</h2><div class="spacer battle-history"><br></div><div class="battle-history">The opposing Suicune used <strong>Surf</strong>!<br></div><div class="battle-history"><small>It's super effective!</small><br></div><div class="battle-history"><small>(Mamoswine lost <abbr title="−424/424">100%</abbr> of its health!)</small><br></div><div class="spacer battle-history"><br></div><div class="battle-history">Mamoswine fainted!<br></div><div class="spacer battle-history"><br></div><div class="battle-history">Go! <strong>Sylveon</strong>!<br></div><div class="spacer battle-history"><br></div><h2 class="battle-history">Turn 9</h2><div class="spacer battle-history"><br></div><div class="battle-history">The opposing Suicune used <strong>Calm Mind</strong>!<br></div><div class="battle-history"><small>The opposing Suicune's Special Attack rose!</small><br></div><div class="battle-history"><small>The opposing Suicune's Special Defense rose!</small><br></div><div class="spacer battle-history"><br></div><div class="battle-history">Sylveon used <strong>Psyshock</strong>!<br></div><div class="battle-history"><small>(The opposing Suicune lost <abbr title="−78/404">19.3%</abbr> of its health!)</small><br></div><div class="battle-history"><small>Sylveon lost some of its HP!</small><br></div><div class="spacer battle-history"><br></div><h2 class="battle-history">Turn 10</h2><div class="spacer battle-history"><br></div><div class="battle-history">The opposing Suicune used <strong>Calm Mind</strong>!<br></div><div class="battle-history"><small>The opposing Suicune's Special Attack rose!</small><br></div><div class="battle-history"><small>The opposing Suicune's Special Defense rose!</small><br></div><div class="spacer battle-history"><br></div><div class="battle-history">Sylveon used <strong>Calm Mind</strong>!<br></div><div class="battle-history"><small>Sylveon's Special Attack rose!</small><br></div><div class="battle-history"><small>Sylveon's Special Defense rose!</small><br></div><div class="spacer battle-history"><br></div><h2 class="battle-history">Turn 11</h2><div class="spacer battle-history"><br></div><div class="battle-history">The opposing Suicune used <strong>Surf</strong>!<br></div><div class="battle-history"><small>(Sylveon lost <abbr title="−160/393">40.7%</abbr> of its health!)</small><br></div><div class="spacer battle-history"><br></div><div class="battle-history">Sylveon used <strong>Calm Mind</strong>!<br></div><div class="battle-history"><small>Sylveon's Special Attack rose!</small><br></div><div class="battle-history"><small>Sylveon's Special Defense rose!</small><br></div><div class="spacer battle-history"><br></div><h2 class="battle-history">Turn 12</h2><div class="spacer battle-history"><br></div><div class="battle-history">The opposing Suicune used <strong>Surf</strong>!<br></div><div class="battle-history"><small>(Sylveon lost <abbr title="−111/393">28.2%</abbr> of its health!)</small><br></div><div class="spacer battle-history"><br></div><div class="battle-history">Sylveon used <strong>Psyshock</strong>!<br></div><div class="battle-history"><small>(The opposing Suicune lost <abbr title="−170/404">42.1%</abbr> of its health!)</small><br></div><div class="battle-history"><small>Sylveon lost some of its HP!</small><br></div><div class="spacer battle-history"><br></div><h2 class="battle-history">Turn 13</h2><div class="spacer battle-history"><br></div><div class="battle-history">The opposing Suicune used <strong>Surf</strong>!<br></div><div class="battle-history"><small>(Sylveon lost <abbr title="−44/393">11.2%</abbr> of its health!)</small><br></div><div class="spacer battle-history"><br></div><div class="battle-history">Sylveon fainted!<br></div><div class="spacer battle-history"><br></div><div class="battle-history">Go! <strong>Meloetta</strong>!<br></div><div class="spacer battle-history"><br></div><h2 class="battle-history">Turn 14</h2><div class="spacer battle-history"><br></div><div class="battle-history">Meloetta used <strong>Hyper Voice</strong>!<br></div><div class="battle-history"><small>A critical hit!</small><br></div><div class="battle-history"><small>(The opposing Suicune lost <abbr title="−156/404">38.6%</abbr> of its health!)</small><br></div><div class="spacer battle-history"><br></div><div class="battle-history">The opposing Suicune fainted!<br></div><div class="spacer battle-history"><br></div><div class="battle-history">Chrissseerrr sent out <strong>Sneasel</strong>!<br></div><div class="battle-history"><small>Pointed stones dug into the opposing Sneasel!</small><br></div><div class="spacer battle-history"><br></div><h2 class="battle-history">Turn 15</h2><div class="spacer battle-history"><br></div><div class="battle-history">The opposing Sneasel used <strong>Fake Out</strong>!<br></div><div class="battle-history"><small>(Meloetta lost <abbr title="−38/341">11.1%</abbr> of its health!)</small><br></div><div class="spacer battle-history"><br></div><div class="battle-history">Meloetta flinched and couldn't move!<br></div><div class="spacer battle-history"><br></div><h2 class="battle-history">Turn 16</h2><div class="spacer battle-history"><br></div><div class="battle-history">The opposing Sneasel used <strong>Beat Up</strong>!<br></div><div class="battle-history"><small>It's super effective!</small><br></div><div class="battle-history"><small>(Meloetta lost <abbr title="−42/341">12.3%</abbr> of its health!)</small><br></div><div class="battle-history"><small>It's super effective!</small><br></div><div class="battle-history"><small>(Meloetta lost <abbr title="−44/341">12.9%</abbr> of its health!)</small><br></div><div class="battle-history"><small>It's super effective!</small><br></div><div class="battle-history"><small>A critical hit!</small><br></div><div class="battle-history"><small>(Meloetta lost <abbr title="−74/341">21.7%</abbr> of its health!)</small><br></div><div class="battle-history"><small>It's super effective!</small><br></div><div class="battle-history"><small>(Meloetta lost <abbr title="−38/341">11.1%</abbr> of its health!)</small><br></div><div class="battle-history"><small>It's super effective!</small><br></div><div class="battle-history"><small>(Meloetta lost <abbr title="−44/341">12.9%</abbr> of its health!)</small><br></div><div class="battle-history"><small>Hit 5 times!</small><br></div><div class="spacer battle-history"><br></div><div class="battle-history">Meloetta flinched and couldn't move!<br></div><div class="spacer battle-history"><br></div><h2 class="battle-history">Turn 17</h2><div class="spacer battle-history"><br></div><div class="battle-history">The opposing Sneasel used <strong>Beat Up</strong>!<br></div><div class="battle-history"><small>It's super effective!</small><br></div><div class="battle-history"><small>(Meloetta lost <abbr title="−38/341">11.1%</abbr> of its health!)</small><br></div><div class="battle-history"><small>It's super effective!</small><br></div><div class="battle-history"><small>(Meloetta lost <abbr title="−23/341">6.7%</abbr> of its health!)</small><br></div><div class="battle-history"><small>Hit 2 times!</small><br></div><div class="spacer battle-history"><br></div><div class="battle-history">Meloetta fainted!<br></div><div class="spacer battle-history"><br></div><div class="battle-history">Go! <strong>Milotic</strong>!<br></div><div class="spacer battle-history"><br></div><h2 class="battle-history">Turn 18</h2><div class="spacer battle-history"><br></div><div class="battle-history">Chrissseerrr withdrew Sneasel!<br></div><div class="battle-history">Chrissseerrr sent out <strong>Virizion</strong>!<br></div><div class="battle-history"><small>Pointed stones dug into the opposing Virizion!</small><br></div><div class="spacer battle-history"><br></div><div class="battle-history">Milotic used <strong>Scald</strong>!<br></div><div class="battle-history"><small>It's not very effective...</small><br></div><div class="battle-history"><small>(The opposing Virizion lost <abbr title="−36/386">9.3%</abbr> of its health!)</small><br></div><div class="spacer battle-history"><br></div><div class="battle-history"><small>The opposing Virizion restored a little HP using its Leftovers!</small><br></div><div class="battle-history"><small>Milotic was burned!</small><br></div><div class="spacer battle-history"><br></div><h2 class="battle-history">Turn 19</h2><div class="spacer battle-history"><br></div><div class="battle-history">The opposing Virizion used <strong>Sacred Sword</strong>!<br></div><div class="battle-history"><small>(Milotic lost <abbr title="−63/331">19.0%</abbr> of its health!)</small><br></div><div class="spacer battle-history"><br></div><div class="battle-history">Milotic used <strong>Ice Beam</strong>!<br></div><div class="battle-history"><small>It's super effective!</small><br></div><div class="battle-history"><small>(The opposing Virizion lost <abbr title="−112/386">29.0%</abbr> of its health!)</small><br></div><div class="spacer battle-history"><br></div><div class="battle-history"><small>The opposing Virizion restored a little HP using its Leftovers!</small><br></div><div class="battle-history"><small>Milotic was hurt by its burn!</small><br></div><div class="spacer battle-history"><br></div><h2 class="battle-history">Turn 20</h2><div class="spacer battle-history"><br></div><div class="battle-history">The opposing Virizion used <strong>Sacred Sword</strong>!<br></div><div class="battle-history"><small>(Milotic lost <abbr title="−64/331">19.3%</abbr> of its health!)</small><br></div><div class="spacer battle-history"><br></div><div class="battle-history">Milotic used <strong>Ice Beam</strong>!<br></div><div class="battle-history"><small>It's super effective!</small><br></div><div class="battle-history"><small>(The opposing Virizion lost <abbr title="−108/386">28.0%</abbr> of its health!)</small><br></div><div class="battle-history"><small>The opposing Virizion was frozen solid!</small><br></div><div class="spacer battle-history"><br></div><div class="battle-history"><small>The opposing Virizion restored a little HP using its Leftovers!</small><br></div><div class="battle-history"><small>Milotic was hurt by its burn!</small><br></div><div class="spacer battle-history"><br></div><h2 class="battle-history">Turn 21</h2><div class="chat chatmessage-chrissseerrr"><strong style="color:hsl(118,70%,38.943530058145924%)"><small>☆</small><span class="username" data-name="Chrissseerrr">Chrissseerrr</span>:</strong> <em>i knew it</em></div><div class="chat chatmessage-chrissseerrr"><strong style="color:hsl(118,70%,38.943530058145924%)"><small>☆</small><span class="username" data-name="Chrissseerrr">Chrissseerrr</span>:</strong> <em>i Always get this kind of luck</em></div><div class="spacer battle-history"><br></div><div class="battle-history"><small>The opposing Virizion thawed out!</small><br></div><div class="spacer battle-history"><br></div><div class="battle-history">The opposing Virizion used <strong>Rest</strong>!<br></div><div class="battle-history"><small>The opposing Virizion fell asleep!</small><br></div><div class="battle-history"><small>The opposing Virizion slept and became healthy!</small><br></div><div class="spacer battle-history"><br></div><div class="battle-history">Milotic used <strong>Ice Beam</strong>!<br></div><div class="battle-history"><small>It's super effective!</small><br></div><div class="battle-history"><small>(The opposing Virizion lost <abbr title="−112/386">29.0%</abbr> of its health!)</small><br></div><div class="spacer battle-history"><br></div><div class="battle-history"><small>The opposing Virizion restored a little HP using its Leftovers!</small><br></div><div class="battle-history"><small>Milotic was hurt by its burn!</small><br></div><div class="spacer battle-history"><br></div><h2 class="battle-history">Turn 22</h2><div class="spacer battle-history"><br></div><div class="battle-history">The opposing Virizion is fast asleep.<br></div><div class="spacer battle-history"><br></div><div class="battle-history">The opposing Virizion used <strong>Sleep Talk</strong>!<br></div><div class="spacer battle-history"><br></div><div class="battle-history">The opposing Virizion used <strong>Toxic</strong>!<br></div><div class="battle-history"><small>But it failed!</small><br></div><div class="spacer battle-history"><br></div><div class="battle-history">Milotic used <strong>Recover</strong>!<br></div><div class="battle-history"><small>Milotic restored its HP.</small><br></div><div class="spacer battle-history"><br></div><div class="battle-history"><small>The opposing Virizion restored a little HP using its Leftovers!</small><br></div><div class="battle-history"><small>Milotic was hurt by its burn!</small><br></div><div class="spacer battle-history"><br></div><h2 class="battle-history">Turn 23</h2><div class="spacer battle-history"><br></div><div class="battle-history">The opposing Virizion is fast asleep.<br></div><div class="spacer battle-history"><br></div><div class="battle-history">The opposing Virizion used <strong>Sleep Talk</strong>!<br></div><div class="spacer battle-history"><br></div><div class="battle-history">The opposing Virizion used <strong>Rest</strong>!<br></div><div class="battle-history"><small>But it failed!</small><br></div><div class="spacer battle-history"><br></div><div class="battle-history">Milotic used <strong>Recover</strong>!<br></div><div class="battle-history"><small>Milotic restored its HP.</small><br></div><div class="spacer battle-history"><br></div><div class="battle-history"><small>The opposing Virizion restored a little HP using its Leftovers!</small><br></div><div class="battle-history"><small>Milotic was hurt by its burn!</small><br></div><div class="spacer battle-history"><br></div><h2 class="battle-history">Turn 24</h2><div class="spacer battle-history"><br></div><div class="battle-history">Chrissseerrr withdrew Virizion!<br></div><div class="battle-history">Chrissseerrr sent out <strong>Arcanine</strong>!<br></div><div class="battle-history"><small>Pointed stones dug into the opposing Arcanine!</small><br></div><div class="spacer battle-history"><br></div><div class="battle-history">Milotic, come back!<br></div><div class="battle-history">Go! <strong>Goodra</strong>!<br></div><div class="spacer battle-history"><br></div><h2 class="battle-history">Turn 25</h2><div class="spacer battle-history"><br></div><div class="battle-history">The opposing Arcanine used <strong>Flare Blitz</strong>!<br></div><div class="battle-history"><small>It's not very effective...</small><br></div><div class="battle-history"><small>(Goodra lost <abbr title="−149/350">42.6%</abbr> of its health!)</small><br></div><div class="battle-history"><small>[Goodra's Gooey]</small><br></div><div class="battle-history"><small>The opposing Arcanine's Speed fell!</small><br></div><div class="battle-history"><small>The opposing Arcanine is damaged by the recoil!</small><br></div><div class="spacer battle-history"><br></div><div class="battle-history">Goodra used <strong>Dragon Pulse</strong>!<br></div><div class="battle-history"><small>(The opposing Arcanine lost <abbr title="−178/384">46.4%</abbr> of its health!)</small><br></div><div class="spacer battle-history"><br></div><h2 class="battle-history">Turn 26</h2><div class="spacer battle-history"><br></div><div class="battle-history">Goodra used <strong>Dragon Pulse</strong>!<br></div><div class="battle-history"><small>(The opposing Arcanine lost <abbr title="−61/384">15.9%</abbr> of its health!)</small><br></div><div class="spacer battle-history"><br></div><div class="battle-history">The opposing Arcanine fainted!<br></div><div class="spacer battle-history"><br></div><div class="battle-history">Chrissseerrr sent out <strong>Sneasel</strong>!<br></div><div class="battle-history"><small>Pointed stones dug into the opposing Sneasel!</small><br></div><div class="spacer battle-history"><br></div><h2 class="battle-history">Turn 27</h2><div class="spacer battle-history"><br></div><div class="battle-history">The opposing Sneasel used <strong>Fake Out</strong>!<br></div><div class="battle-history"><small>(Goodra lost <abbr title="−46/350">13.1%</abbr> of its health!)</small><br></div><div class="battle-history"><small>[Goodra's Gooey]</small><br></div><div class="battle-history"><small>The opposing Sneasel's Speed fell!</small><br></div><div class="spacer battle-history"><br></div><div class="battle-history">Goodra flinched and couldn't move!<br></div><div class="spacer battle-history"><br></div><h2 class="battle-history">Turn 28</h2><div class="spacer battle-history"><br></div><div class="battle-history">The opposing Sneasel used <strong>Beat Up</strong>!<br></div><div class="battle-history"><small>(Goodra lost <abbr title="−24/350">6.9%</abbr> of its health!)</small><br></div><div class="battle-history"><small>(Goodra lost <abbr title="−28/350">8%</abbr> of its health!)</small><br></div><div class="battle-history"><small>(Goodra lost <abbr title="−27/350">7.7%</abbr> of its health!)</small><br></div><div class="battle-history"><small>Hit 3 times!</small><br></div><div class="spacer battle-history"><br></div><div class="battle-history">Goodra flinched and couldn't move!<br></div><div class="spacer battle-history"><br></div><h2 class="battle-history">Turn 29</h2><div class="spacer battle-history"><br></div><div class="battle-history">The opposing Sneasel used <strong>Beat Up</strong>!<br></div><div class="battle-history"><small>(Goodra lost <abbr title="−25/350">7.1%</abbr> of its health!)</small><br></div><div class="battle-history"><small>(Goodra lost <abbr title="−30/350">8.6%</abbr> of its health!)</small><br></div><div class="battle-history"><small>(Goodra lost <abbr title="−21/350">6%</abbr> of its health!)</small><br></div><div class="battle-history"><small>Hit 3 times!</small><br></div><div class="spacer battle-history"><br></div><div class="battle-history">Goodra fainted!<br></div><div class="spacer battle-history"><br></div><div class="battle-history">Go! <strong>Milotic</strong>!<br></div><div class="spacer battle-history"><br></div><h2 class="battle-history">Turn 30</h2><div class="spacer battle-history"><br></div><div class="battle-history">The opposing Sneasel used <strong>Beat Up</strong>!<br></div><div class="battle-history"><small>(Milotic lost <abbr title="−13/331">3.9%</abbr> of its health!)</small><br></div><div class="battle-history"><small>(Milotic lost <abbr title="−18/331">5.4%</abbr> of its health!)</small><br></div><div class="battle-history"><small>(Milotic lost <abbr title="−15/331">4.5%</abbr> of its health!)</small><br></div><div class="battle-history"><small>Hit 3 times!</small><br></div><div class="spacer battle-history"><br></div><div class="battle-history">Milotic flinched and couldn't move!<br></div><div class="spacer battle-history"><br></div><div class="battle-history"><small>Milotic was hurt by its burn!</small><br></div><div class="spacer battle-history"><br></div><h2 class="battle-history">Turn 31</h2><div class="spacer battle-history"><br></div><div class="battle-history">The opposing Sneasel used <strong>Icicle Crash</strong>!<br></div><div class="battle-history"><small>It's not very effective...</small><br></div><div class="battle-history"><small>(Milotic lost <abbr title="−41/331">12.4%</abbr> of its health!)</small><br></div><div class="spacer battle-history"><br></div><div class="battle-history">Milotic used <strong>Scald</strong>!<br></div><div class="battle-history"><small>(The opposing Sneasel lost <abbr title="−84/252">33.3%</abbr> of its health!)</small><br></div><div class="spacer battle-history"><br></div><div class="battle-history">The opposing Sneasel fainted!<br></div><div class="spacer battle-history"><br></div><div class="battle-history"><small>Milotic was hurt by its burn!</small><br></div><div class="spacer battle-history"><br></div><div class="battle-history">Chrissseerrr sent out <strong>Absol</strong>!<br></div><div class="battle-history"><small>Pointed stones dug into the opposing Absol!</small><br></div><div class="spacer battle-history"><br></div><h2 class="battle-history">Turn 32</h2><div class="spacer battle-history"><br></div><div class="battle-history"><small>The opposing Absol's Absolite is reacting to Chrissseerrr's Mega Bracelet!</small><br>The opposing Absol has Mega Evolved into Mega Absol!<br></div><div class="spacer battle-history"><br></div><div class="battle-history">The opposing Absol used <strong>Night Slash</strong>!<br></div><div class="battle-history"><small>(Milotic lost <abbr title="−97/331">29.3%</abbr> of its health!)</small><br></div><div class="spacer battle-history"><br></div><div class="battle-history">Milotic used <strong>Recover</strong>!<br></div><div class="battle-history"><small>Milotic restored its HP.</small><br></div><div class="spacer battle-history"><br></div><div class="battle-history"><small>Milotic was hurt by its burn!</small><br></div><div class="spacer battle-history"><br></div><h2 class="battle-history">Turn 33</h2><div class="chat chatmessage-ileslieknope"><strong style="color:hsl(7,42%,49.14190831262144%)"><small>☆</small><span class="username" data-name="ileslieknope">ileslieknope</span>:</strong> <em>lmao damn milotic</em></div><div class="spacer battle-history"><br></div><div class="battle-history">The opposing Absol used <strong>Night Slash</strong>!<br></div><div class="battle-history"><small>(Milotic lost <abbr title="−102/331">30.8%</abbr> of its health!)</small><br></div><div class="spacer battle-history"><br></div><div class="battle-history">Milotic used <strong>Recover</strong>!<br></div><div class="battle-history"><small>Milotic restored its HP.</small><br></div><div class="spacer battle-history"><br></div><div class="battle-history"><small>Milotic was hurt by its burn!</small><br></div><div class="spacer battle-history"><br></div><h2 class="battle-history">Turn 34</h2><div class="spacer battle-history"><br></div><div class="battle-history">The opposing Absol used <strong>Night Slash</strong>!<br></div><div class="battle-history"><small>(Milotic lost <abbr title="−85/331">25.7%</abbr> of its health!)</small><br></div><div class="spacer battle-history"><br></div><div class="battle-history">Milotic used <strong>Recover</strong>!<br></div><div class="battle-history"><small>Milotic restored its HP.</small><br></div><div class="spacer battle-history"><br></div><div class="battle-history"><small>Milotic was hurt by its burn!</small><br></div><div class="spacer battle-history"><br></div><h2 class="battle-history">Turn 35</h2><div class="spacer battle-history"><br></div><div class="battle-history">The opposing Absol used <strong>Psycho Cut</strong>!<br></div><div class="battle-history"><small>A critical hit!</small><br></div><div class="battle-history"><small>(Milotic lost <abbr title="−99/331">29.9%</abbr> of its health!)</small><br></div><div class="spacer battle-history"><br></div><div class="battle-history">Milotic used <strong>Recover</strong>!<br></div><div class="battle-history"><small>Milotic restored its HP.</small><br></div><div class="spacer battle-history"><br></div><div class="battle-history"><small>Milotic was hurt by its burn!</small><br></div><div class="spacer battle-history"><br></div><h2 class="battle-history">Turn 36</h2><div class="spacer battle-history"><br></div><div class="battle-history">The opposing Absol used <strong>Psycho Cut</strong>!<br></div><div class="battle-history"><small>(Milotic lost <abbr title="−63/331">19.0%</abbr> of its health!)</small><br></div><div class="spacer battle-history"><br></div><div class="battle-history">Milotic used <strong>Scald</strong>!<br></div><div class="battle-history"><small>(The opposing Absol lost <abbr title="−165/272">60.7%</abbr> of its health!)</small><br></div><div class="spacer battle-history"><br></div><div class="battle-history"><small>Milotic was hurt by its burn!</small><br></div><div class="spacer battle-history"><br></div><h2 class="battle-history">Turn 37</h2><div class="spacer battle-history"><br></div><div class="battle-history">The opposing Absol used <strong>Night Slash</strong>!<br></div><div class="battle-history"><small>(Milotic lost <abbr title="−88/331">26.6%</abbr> of its health!)</small><br></div><div class="spacer battle-history"><br></div><div class="battle-history">Milotic used <strong>Recover</strong>!<br></div><div class="battle-history"><small>Milotic restored its HP.</small><br></div><div class="spacer battle-history"><br></div><div class="battle-history"><small>Milotic was hurt by its burn!</small><br></div><div class="spacer battle-history"><br></div><h2 class="battle-history">Turn 38</h2><div class="spacer battle-history"><br></div><div class="battle-history">The opposing Absol used <strong>Night Slash</strong>!<br></div><div class="battle-history"><small>(Milotic lost <abbr title="−88/331">26.6%</abbr> of its health!)</small><br></div><div class="spacer battle-history"><br></div><div class="battle-history">Milotic used <strong>Scald</strong>!<br></div><div class="battle-history"><small>A critical hit!</small><br></div><div class="battle-history"><small>(The opposing Absol lost <abbr title="−73/272">26.8%</abbr> of its health!)</small><br></div><div class="spacer battle-history"><br></div><div class="battle-history">The opposing Absol fainted!<br></div><div class="spacer battle-history"><br></div><div class="battle-history"><small>Milotic was hurt by its burn!</small><br></div><div class="spacer battle-history"><br></div><div class="battle-history">Chrissseerrr sent out <strong>Nidoking</strong>!<br></div><div class="battle-history"><small>Pointed stones dug into the opposing Nidoking!</small><br></div><div class="spacer battle-history"><br></div><h2 class="battle-history">Turn 39</h2><div class="spacer battle-history"><br></div><div class="battle-history">The opposing Nidoking used <strong>Sludge Wave</strong>!<br></div><div class="battle-history"><small>(Milotic lost <abbr title="−42/331">12.7%</abbr> of its health!)</small><br></div><div class="spacer battle-history"><br></div><div class="battle-history">Milotic fainted!<br></div><div class="spacer battle-history"><br></div><div class="battle-history"><strong>Chrissseerrr</strong> won the battle!<br></div><div class="chat chatmessage-ileslieknope"><strong style="color:hsl(7,42%,49.14190831262144%)"><small>☆</small><span class="username" data-name="ileslieknope">ileslieknope</span>:</strong> <em>gg</em></div><div class="chat chatmessage-chrissseerrr"><strong style="color:hsl(118,70%,38.943530058145924%)"><small>☆</small><span class="username" data-name="Chrissseerrr">Chrissseerrr</span>:</strong> <em>lol</em></div><div class="chat chatmessage-chrissseerrr"><strong style="color:hsl(118,70%,38.943530058145924%)"><small>☆</small><span class="username" data-name="Chrissseerrr">Chrissseerrr</span>:</strong> <em>gg</em></div><div class="chat"><small>Chrissseerrr left.</small></div></div><div class="inner-preempt"></div></div></div>
</div>
<script>
let daily = Math.floor(Date.now()/1000/60/60/24);document.write('<script src="https://play.pokemonshowdown.com/js/replay-embed.js?version'+daily+'"></'+'script>');
</script>
