<!DOCTYPE html>
<meta charset="utf-8" />
<!-- version 1 -->
<title>UU replay: pedrocreao vs. Chief Lobo</title>
<style>
html,body {font-family:Verdana, sans-serif;font-size:10pt;margin:0;padding:0;}body{padding:12px 0;} .battle-log {font-family:Verdana, sans-serif;font-size:10pt;} .battle-log-inline {border:1px solid #AAAAAA;background:#EEF2F5;color:black;max-width:640px;margin:0 auto 80px;padding-bottom:5px;} .battle-log .inner {padding:4px 8px 0px 8px;} .battle-log .inner-preempt {padding:0 8px 4px 8px;} .battle-log .inner-after {margin-top:0.5em;} .battle-log h2 {margin:0.5em -8px;padding:4px 8px;border:1px solid #AAAAAA;background:#E0E7EA;border-left:0;border-right:0;font-family:Verdana, sans-serif;font-size:13pt;} .battle-log .chat {vertical-align:middle;padding:3px 0 3px 0;font-size:8pt;} .battle-log .chat strong {color:#40576A;} .battle-log .chat em {padding:1px 4px 1px 3px;color:#000000;font-style:normal;} .chat.mine {background:rgba(0,0,0,0.05);margin-left:-8px;margin-right:-8px;padding-left:8px;padding-right:8px;} .spoiler {color:#BBBBBB;background:#BBBBBB;padding:0px 3px;} .spoiler:hover, .spoiler:active, .spoiler-shown {color:#000000;background:#E2E2E2;padding:0px 3px;} .spoiler a {color:#BBBBBB;} .spoiler:hover a, .spoiler:active a, .spoiler-shown a {color:#2288CC;} .chat code, .chat .spoiler:hover code, .chat .spoiler:active code, .chat .spoiler-shown code {border:1px solid #C0C0C0;background:#EEEEEE;color:black;padding:0 2px;} .chat .spoiler code {border:1px solid #CCCCCC;background:#CCCCCC;color:#CCCCCC;} .battle-log .rated {padding:3px 4px;} .battle-log .rated strong {color:white;background:#89A;padding:1px 4px;border-radius:4px;} .spacer {margin-top:0.5em;} .message-announce {background:#6688AA;color:white;padding:1px 4px 2px;} .message-announce a, .broadcast-green a, .broadcast-blue a, .broadcast-red a {color:#DDEEFF;} .broadcast-green {background-color:#559955;color:white;padding:2px 4px;} .broadcast-blue {background-color:#6688AA;color:white;padding:2px 4px;} .infobox {border:1px solid #6688AA;padding:2px 4px;} .infobox-limited {max-height:200px;overflow:auto;overflow-x:hidden;} .broadcast-red {background-color:#AA5544;color:white;padding:2px 4px;} .message-learn-canlearn {font-weight:bold;color:#228822;text-decoration:underline;} .message-learn-cannotlearn {font-weight:bold;color:#CC2222;text-decoration:underline;} .message-effect-weak {font-weight:bold;color:#CC2222;} .message-effect-resist {font-weight:bold;color:#6688AA;} .message-effect-immune {font-weight:bold;color:#666666;} .message-learn-list {margin-top:0;margin-bottom:0;} .message-throttle-notice, .message-error {color:#992222;} .message-overflow, .chat small.message-overflow {font-size:0pt;} .message-overflow::before {font-size:9pt;content:'...';} .subtle {color:#3A4A66;}
</style>
<div class="wrapper replay-wrapper" style="max-width:1180px;margin:0 auto">
<input type="hidden" name="replayid" value="uu-539613435" />
<div class="battle"></div><div class="battle-log"></div><div class="replay-controls"></div><div class="replay-controls-2"></div>
<h1 style="font-weight:normal;text-align:center"><strong>UU</strong><br /><a href="http://pokemonshowdown.com/users/pedrocreao" class="subtle" target="_blank">pedrocreao</a> vs. <a href="http://pokemonshowdown.com/users/chieflobo" class="subtle" target="_blank">Chief Lobo</a></h1>
<script type="text/plain" class="battle-log-data">|j|pedrocreao
|j|Chief Lobo
|player|p1|pedrocreao|70
|player|p2|Chief Lobo|154
|gametype|singles
|gen|6
|tier|UU
|rated
|seed|58223,36098,13129,5727
|rule|Sleep Clause Mod: Limit one foe put to sleep
|rule|Species Clause: Limit one of each Pokémon
|rule|OHKO Clause: OHKO moves are banned
|rule|Moody Clause: Moody is banned
|rule|Evasion Moves Clause: Evasion moves are banned
|rule|Endless Battle Clause: Forcing endless battles is banned
|rule|HP Percentage Mod: HP is shown in percentages
|clearpoke
|poke|p1|Arcanine, M|item
|poke|p1|Feraligatr, M|item
|poke|p1|Zoroark, M|item
|poke|p1|Florges-White, F|item
|poke|p1|Forretress, M|item
|poke|p1|Machamp, M|item
|poke|p2|Machamp, M|item
|poke|p2|Heliolisk, M|item
|poke|p2|Crobat, M|item
|poke|p2|Gyarados, M, shiny|item
|poke|p2|Arcanine, M|item
|poke|p2|Sylveon, F|item
|rule|Swagger Clause: Swagger is banned
|rule|Baton Pass Clause: Limit one Baton Passer, can't pass Spe and other stats simultaneously
|teampreview
|choice|team 5, team 3, team 2, team 4, team 1, team 6|team 2, team 1, team 3, team 4, team 5, team 6
|
|start
|switch|p1a: Forretress|Forretress, M|354\/354
|switch|p2a: Heliolisk|Heliolisk, M|265\/265
|turn|1
|choice|move stealthrock|move voltswitch
|
|move|p2a: Heliolisk|Volt Switch|p1a: Forretress
|-damage|p1a: Forretress|110\/354
|choice||switch 4
|
|switch|p2a: Gyarados|Gyarados, M, shiny|331\/331
|move|p1a: Forretress|Stealth Rock|p2a: Gyarados
|-sidestart|p2: Chief Lobo|move: Stealth Rock
|
|upkeep
|turn|2
|choice|move voltswitch|move dragondance
|
|move|p2a: Gyarados|Dragon Dance|p2a: Gyarados
|-boost|p2a: Gyarados|atk|1
|-boost|p2a: Gyarados|spe|1
|move|p1a: Forretress|Volt Switch|p2a: Gyarados
|-supereffective|p2a: Gyarados
|-damage|p2a: Gyarados|187\/331
|choice|switch 4|
|
|switch|p1a: Florges|Florges-White, F|360\/360
|
|upkeep
|turn|3
|choice|move moonblast|move waterfall
|
|move|p2a: Gyarados|Waterfall|p1a: Florges
|-damage|p1a: Florges|29\/360
|move|p1a: Florges|Moonblast|p2a: Gyarados
|-damage|p2a: Gyarados|66\/331
|-unboost|p2a: Gyarados|spa|1
|
|-heal|p1a: Florges|51\/360|[from] item: Leftovers
|upkeep
|turn|4
|choice|move protect|move waterfall
|
|move|p1a: Florges|Protect|p1a: Florges
|-singleturn|p1a: Florges|Protect
|move|p2a: Gyarados|Waterfall|p1a: Florges
|-activate|p1a: Florges|move: Protect
|
|-heal|p1a: Florges|73\/360|[from] item: Leftovers
|upkeep
|turn|5
|choice|switch 4|move waterfall
|
|switch|p1a: Forretress|Forretress, M|110\/354
|move|p2a: Gyarados|Waterfall|p1a: Forretress
|-damage|p1a: Forretress|0 fnt
|faint|p1a: Forretress
|-ability|p2a: Gyarados|Moxie|boost
|-boost|p2a: Gyarados|atk|1
|
|upkeep
|choice|switch 6|
|
|switch|p1a: Machamp|Machamp, M|384\/384
|turn|6
|choice|move knockoff|move bounce
|
|move|p2a: Gyarados|Bounce|p1a: Machamp|[still]
|-prepare|p2a: Gyarados|Bounce|p1a: Machamp
|move|p1a: Machamp|Knock Off|p2a: Gyarados
|-damage|p2a: Gyarados|0 fnt
|-enditem|p2a: Gyarados|Lum Berry|[from] move: Knock Off|[of] p1a: Machamp
|faint|p2a: Gyarados
|
|upkeep
|choice||switch 3
|
|switch|p2a: Crobat|Crobat, M|311\/311
|-damage|p2a: Crobat|234\/311|[from] Stealth Rock
|turn|7
|choice|switch 5|move defog
|
|switch|p1a: Arcanine|Arcanine, M|382\/382
|-ability|p1a: Arcanine|Intimidate|boost
|-unboost|p2a: Crobat|atk|1
|move|p2a: Crobat|Defog|p1a: Arcanine
|-unboost|p1a: Arcanine|evasion|1
|-sideend|p2: Chief Lobo|Stealth Rock|[from] move: Defog|[of] p2a: Crobat
|
|-heal|p2a: Crobat|253\/311|[from] item: Black Sludge
|upkeep
|turn|8
|c|☆Chief Lobo|That just pissed me off why is that a thing
|choice|move willowisp|switch 5
|
|switch|p2a: Arcanine|Arcanine, M|384\/384
|-ability|p2a: Arcanine|Intimidate|boost
|-unboost|p1a: Arcanine|atk|1
|move|p1a: Arcanine|Will-O-Wisp|p2a: Arcanine
|-immune|p2a: Arcanine|[msg]
|
|upkeep
|turn|9
|choice|switch 3|switch 2
|
|switch|p2a: Machamp|Machamp, M|364\/364
|switch|p1a: Feraligatr|Feraligatr, M|312\/312
|
|upkeep
|turn|10
|choice|move dragondance|move knockoff
|
|move|p1a: Feraligatr|Dragon Dance|p1a: Feraligatr
|-boost|p1a: Feraligatr|atk|1
|-boost|p1a: Feraligatr|spe|1
|move|p2a: Machamp|Knock Off|p1a: Feraligatr
|-crit|p1a: Feraligatr
|-damage|p1a: Feraligatr|117\/312
|-enditem|p1a: Feraligatr|Life Orb|[from] move: Knock Off|[of] p2a: Machamp
|
|upkeep
|turn|11
|choice|move waterfall|move crosschop
|
|move|p1a: Feraligatr|Waterfall|p2a: Machamp
|-damage|p2a: Machamp|72\/364
|move|p2a: Machamp|Cross Chop|p1a: Feraligatr
|-crit|p1a: Feraligatr
|-damage|p1a: Feraligatr|0 fnt
|faint|p1a: Feraligatr
|
|upkeep
|choice|switch 2|
|
|switch|p1a: Machamp|Machamp, M|261\/261
|turn|12
|choice|move darkpulse|switch 2
|
|switch|p2a: Arcanine|Arcanine, M|384\/384
|-ability|p2a: Arcanine|Intimidate|boost
|-unboost|p1a: Machamp|atk|1
|move|p1a: Machamp|Dark Pulse|p2a: Arcanine
|-damage|p2a: Arcanine|114\/384
|
|upkeep
|turn|13
|choice|move darkpulse|move willowisp
|
|move|p1a: Machamp|Dark Pulse|p2a: Arcanine
|-damage|p2a: Arcanine|0 fnt
|faint|p2a: Arcanine
|
|upkeep
|choice||switch 6
|
|switch|p2a: Sylveon|Sylveon, F|331\/331
|turn|14
|choice|switch 5|move hypervoice
|
|switch|p1a: Machamp|Machamp, M|384\/384
|move|p2a: Sylveon|Hyper Voice|p1a: Machamp
|-supereffective|p1a: Machamp
|-damage|p1a: Machamp|10\/384
|
|upkeep
|turn|15
|choice|move bulletpunch|move hypervoice
|
|move|p1a: Machamp|Bullet Punch|p2a: Sylveon
|-supereffective|p2a: Sylveon
|-damage|p2a: Sylveon|187\/331
|move|p2a: Sylveon|Hyper Voice|p1a: Machamp
|-supereffective|p1a: Machamp
|-damage|p1a: Machamp|0 fnt
|faint|p1a: Machamp
|
|upkeep
|choice|switch 5|
|
|switch|p1a: Zoroark|Zoroark, M|261\/261
|turn|16
|choice|move sludgebomb|move hypervoice
|
|move|p1a: Zoroark|Sludge Bomb|p2a: Sylveon
|-supereffective|p2a: Sylveon
|-damage|p2a: Sylveon|0 fnt
|faint|p2a: Sylveon
|
|upkeep
|choice||switch 5
|
|switch|p2a: Crobat|Crobat, M|253\/311
|turn|17
|choice|switch 3|move bravebird
|
|switch|p1a: Arcanine|Arcanine, M|382\/382
|-ability|p1a: Arcanine|Intimidate|boost
|-unboost|p2a: Crobat|atk|1
|move|p2a: Crobat|Brave Bird|p1a: Arcanine
|-damage|p1a: Arcanine|291\/382
|-damage|p2a: Crobat|202\/311|[from] item: Rocky Helmet|[of] p1a: Arcanine
|-damage|p2a: Crobat|172\/311|[from] recoil|[of] p1a: Arcanine
|
|-heal|p2a: Crobat|191\/311|[from] item: Black Sludge
|upkeep
|turn|18
|choice|move willowisp|switch 2
|
|switch|p2a: Machamp|Machamp, M|72\/364
|move|p1a: Arcanine|Will-O-Wisp|p2a: Machamp
|-status|p2a: Machamp|brn
|
|-damage|p2a: Machamp|27\/364 brn|[from] brn
|upkeep
|turn|19
|choice|move morningsun|move knockoff
|
|move|p1a: Arcanine|Morning Sun|p1a: Arcanine
|-heal|p1a: Arcanine|382\/382
|move|p2a: Machamp|Knock Off|p1a: Arcanine
|-damage|p1a: Arcanine|226\/382
|-damage|p2a: Machamp|0 fnt|[from] item: Rocky Helmet|[of] p1a: Arcanine
|faint|p2a: Machamp
|
|upkeep
|choice||switch 4
|
|switch|p2a: Heliolisk|Heliolisk, M|265\/265
|turn|20
|choice|switch 4|move voltswitch
|
|switch|p1a: Florges|Florges-White, F|73\/360
|move|p2a: Heliolisk|Volt Switch|p1a: Florges
|-damage|p1a: Florges|0 fnt
|faint|p1a: Florges
|choice||switch 2
|
|switch|p2a: Crobat|Crobat, M|191\/311
|
|-heal|p2a: Crobat|210\/311|[from] item: Black Sludge
|upkeep
|choice|switch 4|
|
|switch|p1a: Arcanine|Arcanine, M|226\/382
|-ability|p1a: Arcanine|Intimidate|boost
|-unboost|p2a: Crobat|atk|1
|turn|21
|choice|move flareblitz|move crosspoison
|
|move|p2a: Crobat|Cross Poison|p1a: Arcanine
|-damage|p1a: Arcanine|175\/382
|-damage|p2a: Crobat|159\/311|[from] item: Rocky Helmet|[of] p1a: Arcanine
|move|p1a: Arcanine|Flare Blitz|p2a: Crobat
|-damage|p2a: Crobat|0 fnt
|-damage|p1a: Arcanine|123\/382|[from] recoil|[of] p2a: Crobat
|faint|p2a: Crobat
|
|upkeep
|choice||switch 2
|
|switch|p2a: Heliolisk|Heliolisk, M|265\/265
|turn|22
|choice|move extremespeed|move hypervoice
|
|move|p1a: Arcanine|Extreme Speed|p2a: Heliolisk
|-damage|p2a: Heliolisk|155\/265
|move|p2a: Heliolisk|Hyper Voice|p1a: Arcanine
|-damage|p1a: Arcanine|0 fnt
|faint|p1a: Arcanine
|
|upkeep
|choice|switch 3|
|
|switch|p1a: Zoroark|Zoroark, M|261\/261
|turn|23
|choice|move darkpulse|move hypervoice
|
|move|p2a: Heliolisk|Hyper Voice|p1a: Zoroark
|-crit|p1a: Zoroark
|-damage|p1a: Zoroark|0 fnt
|faint|p1a: Zoroark
|
|win|Chief Lobo
|player|p1
|player|p2
|raw|pedrocreao's rating: 1153 &rarr; <strong>1132<\/strong><br \/>(-21 for losing)
|raw|Chief Lobo's rating: 1213 &rarr; <strong>1234<\/strong><br \/>(+21 for winning)
|c|☆Chief Lobo|gg
|l|pedrocreao</script>
</div>
<div class="battle-log battle-log-inline"><div class="inner"><div class="battle-options"></div><div class="inner"><div class="chat"><small>pedrocreao joined.</small></div><div class="chat"><small>Chief Lobo joined.</small></div><div class=""><small>Format:</small> <br><strong>UU</strong></div><div class="rated"><strong>Rated battle</strong></div><div class=""><small><em>Sleep Clause Mod:</em> Limit one foe put to sleep</small></div><div class=""><small><em>Species Clause:</em> Limit one of each Pokémon</small></div><div class=""><small><em>OHKO Clause:</em> OHKO moves are banned</small></div><div class=""><small><em>Moody Clause:</em> Moody is banned</small></div><div class=""><small><em>Evasion Moves Clause:</em> Evasion moves are banned</small></div><div class=""><small><em>Endless Battle Clause:</em> Forcing endless battles is banned</small></div><div class=""><small><em>HP Percentage Mod:</em> HP is shown in percentages</small></div><div class=""><small><em>Swagger Clause:</em> Swagger is banned</small></div><div class=""><small><em>Baton Pass Clause:</em> Limit one Baton Passer, can't pass Spe and other stats simultaneously</small></div><div class="chat battle-history"><strong>pedrocreao's team:</strong> <em style="color:#445566;display:block;">Arcanine / Feraligatr / Zoroark / Florges-White / Forretress / Machamp</em></div><div class="chat battle-history"><strong>Chief Lobo's team:</strong> <em style="color:#445566;display:block;">Machamp / Heliolisk / Crobat / Gyarados / Arcanine / Sylveon</em></div><div class="spacer battle-history"><br></div><div class="battle-history">Battle started between pedrocreao and Chief Lobo!<br></div><div class="spacer battle-history"><br></div><div class="battle-history">Go! <strong>Forretress</strong>!<br></div><div class="spacer battle-history"><br></div><div class="battle-history">Chief Lobo sent out <strong>Heliolisk</strong>!<br></div><div class="spacer battle-history"><br></div><h2 class="battle-history">Turn 1</h2><div class="spacer battle-history"><br></div><div class="battle-history">The opposing Heliolisk used <strong>Volt Switch</strong>!<br></div><div class="battle-history"><small>(Forretress lost <abbr title="−244/354">68.9%</abbr> of its health!)</small><br></div><div class="spacer battle-history"><br></div><div class="battle-history">The opposing Heliolisk went back to Chief Lobo!<br></div><div class="battle-history">Chief Lobo sent out <strong>Gyarados</strong>!<br></div><div class="spacer battle-history"><br></div><div class="battle-history">Forretress used <strong>Stealth Rock</strong>!<br></div><div class="battle-history"><small>Pointed stones float in the air around the opposing team!</small><br></div><div class="spacer battle-history"><br></div><h2 class="battle-history">Turn 2</h2><div class="spacer battle-history"><br></div><div class="battle-history">The opposing Gyarados used <strong>Dragon Dance</strong>!<br></div><div class="battle-history"><small>The opposing Gyarados's Attack rose!</small><br></div><div class="battle-history"><small>The opposing Gyarados's Speed rose!</small><br></div><div class="spacer battle-history"><br></div><div class="battle-history">Forretress used <strong>Volt Switch</strong>!<br></div><div class="battle-history"><small>It's super effective!</small><br></div><div class="battle-history"><small>(The opposing Gyarados lost <abbr title="−144/331">43.5%</abbr> of its health!)</small><br></div><div class="spacer battle-history"><br></div><div class="battle-history">Forretress went back to pedrocreao!<br></div><div class="battle-history">Go! Florges (<strong>Florges-White</strong>)!<br></div><div class="spacer battle-history"><br></div><h2 class="battle-history">Turn 3</h2><div class="spacer battle-history"><br></div><div class="battle-history">The opposing Gyarados used <strong>Waterfall</strong>!<br></div><div class="battle-history"><small>(Florges lost <abbr title="−331/360">91.9%</abbr> of its health!)</small><br></div><div class="spacer battle-history"><br></div><div class="battle-history">Florges used <strong>Moonblast</strong>!<br></div><div class="battle-history"><small>(The opposing Gyarados lost <abbr title="−121/331">36.6%</abbr> of its health!)</small><br></div><div class="battle-history"><small>The opposing Gyarados's Special Attack fell!</small><br></div><div class="spacer battle-history"><br></div><div class="battle-history"><small>Florges restored a little HP using its Leftovers!</small><br></div><div class="spacer battle-history"><br></div><h2 class="battle-history">Turn 4</h2><div class="spacer battle-history"><br></div><div class="battle-history">Florges used <strong>Protect</strong>!<br></div><div class="battle-history"><small>Florges protected itself!</small><br></div><div class="spacer battle-history"><br></div><div class="battle-history">The opposing Gyarados used <strong>Waterfall</strong>!<br></div><div class="battle-history"><small>Florges protected itself!</small><br></div><div class="spacer battle-history"><br></div><div class="battle-history"><small>Florges restored a little HP using its Leftovers!</small><br></div><div class="spacer battle-history"><br></div><h2 class="battle-history">Turn 5</h2><div class="spacer battle-history"><br></div><div class="battle-history">Florges, come back!<br></div><div class="battle-history">Go! <strong>Forretress</strong>!<br></div><div class="spacer battle-history"><br></div><div class="battle-history">The opposing Gyarados used <strong>Waterfall</strong>!<br></div><div class="battle-history"><small>(Forretress lost <abbr title="−110/354">31.1%</abbr> of its health!)</small><br></div><div class="spacer battle-history"><br></div><div class="battle-history">Forretress fainted!<br></div><div class="battle-history"><small>[The opposing Gyarados's Moxie]</small><br></div><div class="battle-history"><small>The opposing Gyarados's Attack rose!</small><br></div><div class="spacer battle-history"><br></div><div class="battle-history">Go! <strong>Machamp</strong>!<br></div><div class="spacer battle-history"><br></div><h2 class="battle-history">Turn 6</h2><div class="spacer battle-history"><br></div><div class="battle-history">The opposing Gyarados used <strong>Bounce</strong>!<br></div><div class="battle-history">The opposing Gyarados sprang up!<br></div><div class="spacer battle-history"><br></div><div class="battle-history">Machamp used <strong>Knock Off</strong>!<br></div><div class="battle-history"><small>(The opposing Gyarados lost <abbr title="−66/331">19.9%</abbr> of its health!)</small><br></div><div class="battle-history"><small>Machamp knocked off the opposing Gyarados's Lum Berry!</small><br></div><div class="spacer battle-history"><br></div><div class="battle-history">The opposing Gyarados fainted!<br></div><div class="spacer battle-history"><br></div><div class="battle-history">Chief Lobo sent out <strong>Crobat</strong>!<br></div><div class="battle-history"><small>Pointed stones dug into the opposing Crobat!</small><br></div><div class="spacer battle-history"><br></div><h2 class="battle-history">Turn 7</h2><div class="spacer battle-history"><br></div><div class="battle-history">Machamp, come back!<br></div><div class="battle-history">Go! <strong>Arcanine</strong>!<br></div><div class="battle-history"><small>[Arcanine's Intimidate]</small><br></div><div class="battle-history"><small>The opposing Crobat's Attack fell!</small><br></div><div class="spacer battle-history"><br></div><div class="battle-history">The opposing Crobat used <strong>Defog</strong>!<br></div><div class="battle-history"><small>Arcanine's evasiveness fell!</small><br></div><div class="battle-history"><small>The pointed stones disappeared from around the opposing team!</small><br></div><div class="spacer battle-history"><br></div><div class="battle-history"><small>The opposing Crobat restored a little HP using its Black Sludge!</small><br></div><div class="spacer battle-history"><br></div><h2 class="battle-history">Turn 8</h2><div class="chat chatmessage-chieflobo"><strong style="color:hsl(344,44%,52.10009420502018%)"><small>☆</small><span class="username" data-name="Chief Lobo">Chief Lobo</span>:</strong> <em>That just pissed me off why is that a thing</em></div><div class="spacer battle-history"><br></div><div class="battle-history">Chief Lobo withdrew Crobat!<br></div><div class="battle-history">Chief Lobo sent out <strong>Arcanine</strong>!<br></div><div class="battle-history"><small>[The opposing Arcanine's Intimidate]</small><br></div><div class="battle-history"><small>Arcanine's Attack fell!</small><br></div><div class="spacer battle-history"><br></div><div class="battle-history">Arcanine used <strong>Will-O-Wisp</strong>!<br></div><div class="battle-history"><small>It doesn't affect the opposing Arcanine...</small><br></div><div class="spacer battle-history"><br></div><h2 class="battle-history">Turn 9</h2><div class="spacer battle-history"><br></div><div class="battle-history">Chief Lobo withdrew Arcanine!<br></div><div class="battle-history">Chief Lobo sent out <strong>Machamp</strong>!<br></div><div class="spacer battle-history"><br></div><div class="battle-history">Arcanine, come back!<br></div><div class="battle-history">Go! <strong>Feraligatr</strong>!<br></div><div class="spacer battle-history"><br></div><h2 class="battle-history">Turn 10</h2><div class="spacer battle-history"><br></div><div class="battle-history">Feraligatr used <strong>Dragon Dance</strong>!<br></div><div class="battle-history"><small>Feraligatr's Attack rose!</small><br></div><div class="battle-history"><small>Feraligatr's Speed rose!</small><br></div><div class="spacer battle-history"><br></div><div class="battle-history">The opposing Machamp used <strong>Knock Off</strong>!<br></div><div class="battle-history"><small>A critical hit!</small><br></div><div class="battle-history"><small>(Feraligatr lost <abbr title="−195/312">62.5%</abbr> of its health!)</small><br></div><div class="battle-history"><small>The opposing Machamp knocked off Feraligatr's Life Orb!</small><br></div><div class="spacer battle-history"><br></div><h2 class="battle-history">Turn 11</h2><div class="spacer battle-history"><br></div><div class="battle-history">Feraligatr used <strong>Waterfall</strong>!<br></div><div class="battle-history"><small>(The opposing Machamp lost <abbr title="−292/364">80.2%</abbr> of its health!)</small><br></div><div class="spacer battle-history"><br></div><div class="battle-history">The opposing Machamp used <strong>Cross Chop</strong>!<br></div><div class="battle-history"><small>A critical hit!</small><br></div><div class="battle-history"><small>(Feraligatr lost <abbr title="−117/312">37.5%</abbr> of its health!)</small><br></div><div class="spacer battle-history"><br></div><div class="battle-history">Feraligatr fainted!<br></div><div class="spacer battle-history"><br></div><div class="battle-history">Go! <strong>Machamp</strong>!<br></div><div class="spacer battle-history"><br></div><h2 class="battle-history">Turn 12</h2><div class="spacer battle-history"><br></div><div class="battle-history">Chief Lobo withdrew Machamp!<br></div><div class="battle-history">Chief Lobo sent out <strong>Arcanine</strong>!<br></div><div class="battle-history"><small>[The opposing Arcanine's Intimidate]</small><br></div><div class="battle-history"><small>Machamp's Attack fell!</small><br></div><div class="spacer battle-history"><br></div><div class="battle-history">Machamp used <strong>Dark Pulse</strong>!<br></div><div class="battle-history"><small>(The opposing Arcanine lost <abbr title="−270/384">70.3%</abbr> of its health!)</small><br></div><div class="spacer battle-history"><br></div><h2 class="battle-history">Turn 13</h2><div class="spacer battle-history"><br></div><div class="battle-history">Machamp used <strong>Dark Pulse</strong>!<br></div><div class="battle-history"><small>(The opposing Arcanine lost <abbr title="−114/384">29.7%</abbr> of its health!)</small><br></div><div class="spacer battle-history"><br></div><div class="battle-history">The opposing Arcanine fainted!<br></div><div class="spacer battle-history"><br></div><div class="battle-history">Chief Lobo sent out <strong>Sylveon</strong>!<br></div><div class="spacer battle-history"><br></div><h2 class="battle-history">Turn 14</h2><div class="spacer battle-history"><br></div><div class="battle-history">Machamp, come back!<br></div><div class="battle-history">Go! <strong>Machamp</strong>!<br></div><div class="spacer battle-history"><br></div><div class="battle-history">The opposing Sylveon used <strong>Hyper Voice</strong>!<br></div><div class="battle-history"><small>It's super effective!</small><br></div><div class="battle-history"><small>(Machamp lost <abbr title="−374/384">97.4%</abbr> of its health!)</small><br></div><div class="spacer battle-history"><br></div><h2 class="battle-history">Turn 15</h2><div class="spacer battle-history"><br></div><div class="battle-history">Machamp used <strong>Bullet Punch</strong>!<br></div><div class="battle-history"><small>It's super effective!</small><br></div><div class="battle-history"><small>(The opposing Sylveon lost <abbr title="−144/331">43.5%</abbr> of its health!)</small><br></div><div class="spacer battle-history"><br></div><div class="battle-history">The opposing Sylveon used <strong>Hyper Voice</strong>!<br></div><div class="battle-history"><small>It's super effective!</small><br></div><div class="battle-history"><small>(Machamp lost <abbr title="−10/384">2.6%</abbr> of its health!)</small><br></div><div class="spacer battle-history"><br></div><div class="battle-history">Machamp fainted!<br></div><div class="spacer battle-history"><br></div><div class="battle-history">Go! <strong>Zoroark</strong>!<br></div><div class="spacer battle-history"><br></div><h2 class="battle-history">Turn 16</h2><div class="spacer battle-history"><br></div><div class="battle-history">Zoroark used <strong>Sludge Bomb</strong>!<br></div><div class="battle-history"><small>It's super effective!</small><br></div><div class="battle-history"><small>(The opposing Sylveon lost <abbr title="−187/331">56.5%</abbr> of its health!)</small><br></div><div class="spacer battle-history"><br></div><div class="battle-history">The opposing Sylveon fainted!<br></div><div class="spacer battle-history"><br></div><div class="battle-history">Chief Lobo sent out <strong>Crobat</strong>!<br></div><div class="spacer battle-history"><br></div><h2 class="battle-history">Turn 17</h2><div class="spacer battle-history"><br></div><div class="battle-history">Zoroark, come back!<br></div><div class="battle-history">Go! <strong>Arcanine</strong>!<br></div><div class="battle-history"><small>[Arcanine's Intimidate]</small><br></div><div class="battle-history"><small>The opposing Crobat's Attack fell!</small><br></div><div class="spacer battle-history"><br></div><div class="battle-history">The opposing Crobat used <strong>Brave Bird</strong>!<br></div><div class="battle-history"><small>(Arcanine lost <abbr title="−91/382">23.8%</abbr> of its health!)</small><br></div><div class="battle-history"><small>The opposing Crobat was hurt by the Rocky Helmet!</small><br></div><div class="battle-history"><small>The opposing Crobat is damaged by the recoil!</small><br></div><div class="spacer battle-history"><br></div><div class="battle-history"><small>The opposing Crobat restored a little HP using its Black Sludge!</small><br></div><div class="spacer battle-history"><br></div><h2 class="battle-history">Turn 18</h2><div class="spacer battle-history"><br></div><div class="battle-history">Chief Lobo withdrew Crobat!<br></div><div class="battle-history">Chief Lobo sent out <strong>Machamp</strong>!<br></div><div class="spacer battle-history"><br></div><div class="battle-history">Arcanine used <strong>Will-O-Wisp</strong>!<br></div><div class="battle-history"><small>The opposing Machamp was burned!</small><br></div><div class="spacer battle-history"><br></div><div class="battle-history"><small>The opposing Machamp was hurt by its burn!</small><br></div><div class="spacer battle-history"><br></div><h2 class="battle-history">Turn 19</h2><div class="spacer battle-history"><br></div><div class="battle-history">Arcanine used <strong>Morning Sun</strong>!<br></div><div class="battle-history"><small>Arcanine restored its HP.</small><br></div><div class="spacer battle-history"><br></div><div class="battle-history">The opposing Machamp used <strong>Knock Off</strong>!<br></div><div class="battle-history"><small>(Arcanine lost <abbr title="−156/382">40.8%</abbr> of its health!)</small><br></div><div class="battle-history"><small>The opposing Machamp was hurt by the Rocky Helmet!</small><br></div><div class="spacer battle-history"><br></div><div class="battle-history">The opposing Machamp fainted!<br></div><div class="spacer battle-history"><br></div><div class="battle-history">Chief Lobo sent out <strong>Heliolisk</strong>!<br></div><div class="spacer battle-history"><br></div><h2 class="battle-history">Turn 20</h2><div class="spacer battle-history"><br></div><div class="battle-history">Arcanine, come back!<br></div><div class="battle-history">Go! Florges (<strong>Florges-White</strong>)!<br></div><div class="spacer battle-history"><br></div><div class="battle-history">The opposing Heliolisk used <strong>Volt Switch</strong>!<br></div><div class="battle-history"><small>(Florges lost <abbr title="−73/360">20.3%</abbr> of its health!)</small><br></div><div class="spacer battle-history"><br></div><div class="battle-history">Florges fainted!<br></div><div class="spacer battle-history"><br></div><div class="battle-history">The opposing Heliolisk went back to Chief Lobo!<br></div><div class="battle-history">Chief Lobo sent out <strong>Crobat</strong>!<br></div><div class="spacer battle-history"><br></div><div class="battle-history"><small>The opposing Crobat restored a little HP using its Black Sludge!</small><br></div><div class="spacer battle-history"><br></div><div class="battle-history">Go! <strong>Arcanine</strong>!<br></div><div class="battle-history"><small>[Arcanine's Intimidate]</small><br></div><div class="battle-history"><small>The opposing Crobat's Attack fell!</small><br></div><div class="spacer battle-history"><br></div><h2 class="battle-history">Turn 21</h2><div class="spacer battle-history"><br></div><div class="battle-history">The opposing Crobat used <strong>Cross Poison</strong>!<br></div><div class="battle-history"><small>(Arcanine lost <abbr title="−51/382">13.4%</abbr> of its health!)</small><br></div><div class="battle-history"><small>The opposing Crobat was hurt by the Rocky Helmet!</small><br></div><div class="spacer battle-history"><br></div><div class="battle-history">Arcanine used <strong>Flare Blitz</strong>!<br></div><div class="battle-history"><small>(The opposing Crobat lost <abbr title="−159/311">51.1%</abbr> of its health!)</small><br></div><div class="battle-history"><small>Arcanine is damaged by the recoil!</small><br></div><div class="spacer battle-history"><br></div><div class="battle-history">The opposing Crobat fainted!<br></div><div class="spacer battle-history"><br></div><div class="battle-history">Chief Lobo sent out <strong>Heliolisk</strong>!<br></div><div class="spacer battle-history"><br></div><h2 class="battle-history">Turn 22</h2><div class="spacer battle-history"><br></div><div class="battle-history">Arcanine used <strong>Extreme Speed</strong>!<br></div><div class="battle-history"><small>(The opposing Heliolisk lost <abbr title="−110/265">41.5%</abbr> of its health!)</small><br></div><div class="spacer battle-history"><br></div><div class="battle-history">The opposing Heliolisk used <strong>Hyper Voice</strong>!<br></div><div class="battle-history"><small>(Arcanine lost <abbr title="−123/382">32.2%</abbr> of its health!)</small><br></div><div class="spacer battle-history"><br></div><div class="battle-history">Arcanine fainted!<br></div><div class="spacer battle-history"><br></div><div class="battle-history">Go! <strong>Zoroark</strong>!<br></div><div class="spacer battle-history"><br></div><h2 class="battle-history">Turn 23</h2><div class="spacer battle-history"><br></div><div class="battle-history">The opposing Heliolisk used <strong>Hyper Voice</strong>!<br></div><div class="battle-history"><small>A critical hit!</small><br></div><div class="battle-history"><small>(Zoroark lost <abbr title="−261/261">100%</abbr> of its health!)</small><br></div><div class="spacer battle-history"><br></div><div class="battle-history">Zoroark fainted!<br></div><div class="spacer battle-history"><br></div><div class="battle-history"><strong>Chief Lobo</strong> won the battle!<br></div><div class="chat">pedrocreao's rating: 1153 → <strong>1132</strong><br>(-21 for losing)</div><div class="chat">Chief Lobo's rating: 1213 → <strong>1234</strong><br>(+21 for winning)</div><div class="chat chatmessage-chieflobo"><strong style="color:hsl(344,44%,52.10009420502018%)"><small>☆</small><span class="username" data-name="Chief Lobo">Chief Lobo</span>:</strong> <em>gg</em></div><div class="chat"><small>pedrocreao left.</small></div></div><div class="inner-preempt"></div></div></div>
</div>
<script>
let daily = Math.floor(Date.now()/1000/60/60/24);document.write('<script src="https://play.pokemonshowdown.com/js/replay-embed.js?version'+daily+'"></'+'script>');
</script>
