<!DOCTYPE html>
<meta charset="utf-8" />
<!-- version 1 -->
<title>UU replay: Keshoninator vs. Parnstar</title>
<style>
html,body {font-family:Verdana, sans-serif;font-size:10pt;margin:0;padding:0;}body{padding:12px 0;} .battle-log {font-family:Verdana, sans-serif;font-size:10pt;} .battle-log-inline {border:1px solid #AAAAAA;background:#EEF2F5;color:black;max-width:640px;margin:0 auto 80px;padding-bottom:5px;} .battle-log .inner {padding:4px 8px 0px 8px;} .battle-log .inner-preempt {padding:0 8px 4px 8px;} .battle-log .inner-after {margin-top:0.5em;} .battle-log h2 {margin:0.5em -8px;padding:4px 8px;border:1px solid #AAAAAA;background:#E0E7EA;border-left:0;border-right:0;font-family:Verdana, sans-serif;font-size:13pt;} .battle-log .chat {vertical-align:middle;padding:3px 0 3px 0;font-size:8pt;} .battle-log .chat strong {color:#40576A;} .battle-log .chat em {padding:1px 4px 1px 3px;color:#000000;font-style:normal;} .chat.mine {background:rgba(0,0,0,0.05);margin-left:-8px;margin-right:-8px;padding-left:8px;padding-right:8px;} .spoiler {color:#BBBBBB;background:#BBBBBB;padding:0px 3px;} .spoiler:hover, .spoiler:active, .spoiler-shown {color:#000000;background:#E2E2E2;padding:0px 3px;} .spoiler a {color:#BBBBBB;} .spoiler:hover a, .spoiler:active a, .spoiler-shown a {color:#2288CC;} .chat code, .chat .spoiler:hover code, .chat .spoiler:active code, .chat .spoiler-shown code {border:1px solid #C0C0C0;background:#EEEEEE;color:black;padding:0 2px;} .chat .spoiler code {border:1px solid #CCCCCC;background:#CCCCCC;color:#CCCCCC;} .battle-log .rated {padding:3px 4px;} .battle-log .rated strong {color:white;background:#89A;padding:1px 4px;border-radius:4px;} .spacer {margin-top:0.5em;} .message-announce {background:#6688AA;color:white;padding:1px 4px 2px;} .message-announce a, .broadcast-green a, .broadcast-blue a, .broadcast-red a {color:#DDEEFF;} .broadcast-green {background-color:#559955;color:white;padding:2px 4px;} .broadcast-blue {background-color:#6688AA;color:white;padding:2px 4px;} .infobox {border:1px solid #6688AA;padding:2px 4px;} .infobox-limited {max-height:200px;overflow:auto;overflow-x:hidden;} .broadcast-red {background-color:#AA5544;color:white;padding:2px 4px;} .message-learn-canlearn {font-weight:bold;color:#228822;text-decoration:underline;} .message-learn-cannotlearn {font-weight:bold;color:#CC2222;text-decoration:underline;} .message-effect-weak {font-weight:bold;color:#CC2222;} .message-effect-resist {font-weight:bold;color:#6688AA;} .message-effect-immune {font-weight:bold;color:#666666;} .message-learn-list {margin-top:0;margin-bottom:0;} .message-throttle-notice, .message-error {color:#992222;} .message-overflow, .chat small.message-overflow {font-size:0pt;} .message-overflow::before {font-size:9pt;content:'...';} .subtle {color:#3A4A66;}
</style>
<div class="wrapper replay-wrapper" style="max-width:1180px;margin:0 auto">
<input type="hidden" name="replayid" value="uu-573223704" />
<div class="battle"></div><div class="battle-log"></div><div class="replay-controls"></div><div class="replay-controls-2"></div>
<h1 style="font-weight:normal;text-align:center"><strong>UU</strong><br /><a href="http://pokemonshowdown.com/users/keshoninator" class="subtle" target="_blank">Keshoninator</a> vs. <a href="http://pokemonshowdown.com/users/parnstar" class="subtle" target="_blank">Parnstar</a></h1>
<script type="text/plain" class="battle-log-data">|j|Keshoninator
|j|Parnstar
|player|p1|Keshoninator|169
|player|p2|Parnstar|2
|gametype|singles
|gen|6
|tier|UU
|rated
|seed|33891,43476,17834,29688
|rule|Sleep Clause Mod: Limit one foe put to sleep
|rule|Species Clause: Limit one of each Pokémon
|rule|OHKO Clause: OHKO moves are banned
|rule|Moody Clause: Moody is banned
|rule|Evasion Moves Clause: Evasion moves are banned
|rule|Endless Battle Clause: Forcing endless battles is banned
|rule|HP Percentage Mod: HP is shown in percentages
|clearpoke
|poke|p1|Conkeldurr, F|
|poke|p1|Haxorus, M|
|poke|p1|Espeon, F|
|poke|p1|Infernape, M|
|poke|p1|Blastoise, F|item
|poke|p1|Absol, F|item
|poke|p2|Mandibuzz, F|item
|poke|p2|Tentacruel, M|item
|poke|p2|Whimsicott, F|item
|poke|p2|Entei, shiny|item
|poke|p2|Machamp, M|item
|poke|p2|Porygon-Z|item
|rule|Swagger Clause: Swagger is banned
|rule|Baton Pass Clause: Limit one Baton Passer, can't pass Spe and other stats simultaneously
|teampreview
|inactive|Battle timer is ON: inactive players will automatically lose when time's up. (requested by Parnstar)
|choice|team 6, team 2, team 3, team 4, team 5, team 1|team 5, team 2, team 3, team 4, team 1, team 6
|
|start
|switch|p1a: Absol|Absol, F|271\/271
|switch|p2a: Machamp|Machamp, M|350\/350
|-ability|p1a: Absol|Pressure
|turn|1
|choice|move nightslash|move dynamicpunch
|
|move|p1a: Absol|Night Slash|p2a: Machamp
|-resisted|p2a: Machamp
|-damage|p2a: Machamp|286\/350
|move|p2a: Machamp|Dynamic Punch|p1a: Absol
|-supereffective|p1a: Absol
|-damage|p1a: Absol|0 fnt
|faint|p1a: Absol
|
|upkeep
|choice|switch 3|
|
|switch|p1a: Espeon|Espeon, F|271\/271
|turn|2
|choice|move psybeam|move knockoff
|
|move|p1a: Espeon|Psybeam|p2a: Machamp
|-supereffective|p2a: Machamp
|-damage|p2a: Machamp|166\/350
|move|p2a: Machamp|Knock Off|p1a: Espeon
|-supereffective|p1a: Espeon
|-damage|p1a: Espeon|37\/271
|
|upkeep
|turn|3
|choice|move protect|switch 3
|
|switch|p2a: Whimsicott|Whimsicott, F|261\/261
|move|p1a: Espeon|Protect|p1a: Espeon
|-fail|p1a: Espeon
|
|upkeep
|turn|4
|choice|switch 4|move naturepower
|
|switch|p1a: Infernape|Infernape, M|293\/293
|move|p2a: Whimsicott|Nature Power|p1a: Infernape
|move|p2a: Whimsicott|Tri Attack|p1a: Infernape|[from]Nature Power
|-damage|p1a: Infernape|205\/293
|
|upkeep
|turn|5
|choice|move flamethrower|switch 3
|
|switch|p2a: Machamp|Machamp, M|166\/350
|move|p1a: Infernape|Flamethrower|p2a: Machamp
|-damage|p2a: Machamp|99\/350
|
|upkeep
|turn|6
|choice|switch 5|move dynamicpunch
|
|switch|p1a: Blastoise|Blastoise, F|299\/299
|move|p2a: Machamp|Dynamic Punch|p1a: Blastoise
|-damage|p1a: Blastoise|118\/299
|-start|p1a: Blastoise|confusion
|
|upkeep
|turn|7
|choice|move hydropump|move dynamicpunch
|
|-activate|p1a: Blastoise|confusion
|move|p1a: Blastoise|Hydro Pump|p2a: Machamp
|-damage|p2a: Machamp|26\/350
|move|p2a: Machamp|Dynamic Punch|p1a: Blastoise
|-damage|p1a: Blastoise|0 fnt
|faint|p1a: Blastoise
|
|upkeep
|choice|switch 6|
|
|switch|p1a: Conkeldurr|Conkeldurr, F|351\/351
|turn|8
|choice|move firepunch|move dynamicpunch
|
|move|p2a: Machamp|Dynamic Punch|p1a: Conkeldurr
|-damage|p1a: Conkeldurr|171\/351
|-start|p1a: Conkeldurr|confusion
|-activate|p1a: Conkeldurr|confusion
|-damage|p1a: Conkeldurr|124\/351|[from] confusion
|
|upkeep
|turn|9
|choice|move bulkup|move dynamicpunch
|
|move|p2a: Machamp|Dynamic Punch|p1a: Conkeldurr
|-damage|p1a: Conkeldurr|0 fnt
|faint|p1a: Conkeldurr
|
|upkeep
|choice|switch 2|
|
|switch|p1a: Haxorus|Haxorus, M|293\/293
|turn|10
|choice|move aerialace|switch 3
|
|switch|p2a: Whimsicott|Whimsicott, F|261\/261
|move|p1a: Haxorus|Aerial Ace|p2a: Whimsicott
|-supereffective|p2a: Whimsicott
|-damage|p2a: Whimsicott|157\/261
|
|upkeep
|turn|11
|choice|move dualchop|move moonblast
|
|move|p2a: Whimsicott|Moonblast|p1a: Haxorus
|-supereffective|p1a: Haxorus
|-damage|p1a: Haxorus|0 fnt
|faint|p1a: Haxorus
|
|upkeep
|choice|switch 4|
|
|switch|p1a: Espeon|Espeon, F|37\/271
|turn|12
|choice|move protect|move gigadrain
|
|move|p1a: Espeon|Protect|p1a: Espeon
|-singleturn|p1a: Espeon|Protect
|move|p2a: Whimsicott|Giga Drain|p1a: Espeon
|-activate|p1a: Espeon|move: Protect
|
|upkeep
|turn|13
|choice|move protect|move gigadrain
|
|move|p1a: Espeon|Protect|p1a: Espeon
|-fail|p1a: Espeon
|move|p2a: Whimsicott|Giga Drain|p1a: Espeon
|-damage|p1a: Espeon|0 fnt
|-heal|p2a: Whimsicott|176\/261|[from] drain|[of] p1a: Espeon
|faint|p1a: Espeon
|
|upkeep
|choice|switch 5|
|
|switch|p1a: Infernape|Infernape, M|205\/293
|turn|14
|choice|move focusblast|switch 5
|
|switch|p2a: Mandibuzz|Mandibuzz, F|403\/403
|move|p1a: Infernape|Focus Blast|p2a: Mandibuzz
|-damage|p2a: Mandibuzz|249\/403
|
|-heal|p2a: Mandibuzz|274\/403|[from] item: Leftovers
|upkeep
|turn|15
|choice|move blazekick|move airslash
|
|move|p1a: Infernape|Blaze Kick|p2a: Mandibuzz
|-damage|p2a: Mandibuzz|177\/403
|-ability|p2a: Mandibuzz|Weak Armor|boost
|-unboost|p2a: Mandibuzz|def|1
|-boost|p2a: Mandibuzz|spe|1
|move|p2a: Mandibuzz|Air Slash|p1a: Infernape
|-supereffective|p1a: Infernape
|-damage|p1a: Infernape|5\/293
|
|-heal|p2a: Mandibuzz|202\/403|[from] item: Leftovers
|upkeep
|turn|16
|choice|move flamethrower|move roost
|
|move|p2a: Mandibuzz|Roost|p2a: Mandibuzz
|-heal|p2a: Mandibuzz|403\/403
|move|p1a: Infernape|Flamethrower|p2a: Mandibuzz
|-damage|p2a: Mandibuzz|223\/403
|
|-heal|p2a: Mandibuzz|248\/403|[from] item: Leftovers
|upkeep
|turn|17
|choice|move firepunch|move darkpulse
|
|move|p2a: Mandibuzz|Dark Pulse|p1a: Infernape
|-resisted|p1a: Infernape
|-damage|p1a: Infernape|0 fnt
|faint|p1a: Infernape
|
|win|Parnstar
|raw|Keshoninator's rating: 1000 &rarr; <strong>1000<\/strong><br \/>(+0 for losing)
|raw|Parnstar's rating: 1293 &rarr; <strong>1301<\/strong><br \/>(+8 for winning)</script>
</div>
<div class="battle-log battle-log-inline"><div class="inner"><div class="battle-options"></div><div class="inner"><div class="chat"><small>Keshoninator joined.</small></div><div class="chat"><small>Parnstar joined.</small></div><div class=""><small>Format:</small> <br><strong>UU</strong></div><div class="rated"><strong>Rated battle</strong></div><div class=""><small><em>Sleep Clause Mod:</em> Limit one foe put to sleep</small></div><div class=""><small><em>Species Clause:</em> Limit one of each Pokémon</small></div><div class=""><small><em>OHKO Clause:</em> OHKO moves are banned</small></div><div class=""><small><em>Moody Clause:</em> Moody is banned</small></div><div class=""><small><em>Evasion Moves Clause:</em> Evasion moves are banned</small></div><div class=""><small><em>Endless Battle Clause:</em> Forcing endless battles is banned</small></div><div class=""><small><em>HP Percentage Mod:</em> HP is shown in percentages</small></div><div class=""><small><em>Swagger Clause:</em> Swagger is banned</small></div><div class=""><small><em>Baton Pass Clause:</em> Limit one Baton Passer, can't pass Spe and other stats simultaneously</small></div><div class="chat battle-history"><strong>Keshoninator's team:</strong> <em style="color:#445566;display:block;">Conkeldurr / Haxorus / Espeon / Infernape / Blastoise / Absol</em></div><div class="chat battle-history"><strong>Parnstar's team:</strong> <em style="color:#445566;display:block;">Mandibuzz / Tentacruel / Whimsicott / Entei / Machamp / Porygon-Z</em></div><div class="chat message-error">Battle timer is ON: inactive players will automatically lose when time's up. (requested by Parnstar)</div><div class="spacer battle-history"><br></div><div class="battle-history">Battle started between Keshoninator and Parnstar!<br></div><div class="spacer battle-history"><br></div><div class="battle-history">Go! <strong>Absol</strong>!<br></div><div class="spacer battle-history"><br></div><div class="battle-history">Parnstar sent out <strong>Machamp</strong>!<br></div><div class="battle-history"><small>[Absol's Pressure]</small><br><small>Absol is exerting its pressure!</small><br></div><div class="spacer battle-history"><br></div><h2 class="battle-history">Turn 1</h2><div class="spacer battle-history"><br></div><div class="battle-history">Absol used <strong>Night Slash</strong>!<br></div><div class="battle-history"><small>It's not very effective...</small><br></div><div class="battle-history"><small>(The opposing Machamp lost <abbr title="−64/350">18.3%</abbr> of its health!)</small><br></div><div class="spacer battle-history"><br></div><div class="battle-history">The opposing Machamp used <strong>Dynamic Punch</strong>!<br></div><div class="battle-history"><small>It's super effective!</small><br></div><div class="battle-history"><small>(Absol lost <abbr title="−271/271">100%</abbr> of its health!)</small><br></div><div class="spacer battle-history"><br></div><div class="battle-history">Absol fainted!<br></div><div class="spacer battle-history"><br></div><div class="battle-history">Go! <strong>Espeon</strong>!<br></div><div class="spacer battle-history"><br></div><h2 class="battle-history">Turn 2</h2><div class="spacer battle-history"><br></div><div class="battle-history">Espeon used <strong>Psybeam</strong>!<br></div><div class="battle-history"><small>It's super effective!</small><br></div><div class="battle-history"><small>(The opposing Machamp lost <abbr title="−120/350">34.3%</abbr> of its health!)</small><br></div><div class="spacer battle-history"><br></div><div class="battle-history">The opposing Machamp used <strong>Knock Off</strong>!<br></div><div class="battle-history"><small>It's super effective!</small><br></div><div class="battle-history"><small>(Espeon lost <abbr title="−234/271">86.3%</abbr> of its health!)</small><br></div><div class="spacer battle-history"><br></div><h2 class="battle-history">Turn 3</h2><div class="spacer battle-history"><br></div><div class="battle-history">Parnstar withdrew Machamp!<br></div><div class="battle-history">Parnstar sent out <strong>Whimsicott</strong>!<br></div><div class="spacer battle-history"><br></div><div class="battle-history">Espeon used <strong>Protect</strong>!<br></div><div class="battle-history"><small>But it failed!</small><br></div><div class="spacer battle-history"><br></div><h2 class="battle-history">Turn 4</h2><div class="spacer battle-history"><br></div><div class="battle-history">Espeon, come back!<br></div><div class="battle-history">Go! <strong>Infernape</strong>!<br></div><div class="spacer battle-history"><br></div><div class="battle-history">The opposing Whimsicott used <strong>Nature Power</strong>!<br></div><div class="spacer battle-history"><br></div><div class="battle-history">Nature Power turned into Tri Attack!<br></div><div class="battle-history"><small>(Infernape lost <abbr title="−88/293">30.0%</abbr> of its health!)</small><br></div><div class="spacer battle-history"><br></div><h2 class="battle-history">Turn 5</h2><div class="spacer battle-history"><br></div><div class="battle-history">Parnstar withdrew Whimsicott!<br></div><div class="battle-history">Parnstar sent out <strong>Machamp</strong>!<br></div><div class="spacer battle-history"><br></div><div class="battle-history">Infernape used <strong>Flamethrower</strong>!<br></div><div class="battle-history"><small>(The opposing Machamp lost <abbr title="−67/350">19.1%</abbr> of its health!)</small><br></div><div class="spacer battle-history"><br></div><h2 class="battle-history">Turn 6</h2><div class="spacer battle-history"><br></div><div class="battle-history">Infernape, come back!<br></div><div class="battle-history">Go! <strong>Blastoise</strong>!<br></div><div class="spacer battle-history"><br></div><div class="battle-history">The opposing Machamp used <strong>Dynamic Punch</strong>!<br></div><div class="battle-history"><small>(Blastoise lost <abbr title="−181/299">60.5%</abbr> of its health!)</small><br></div><div class="battle-history"><small>Blastoise became confused!</small><br></div><div class="spacer battle-history"><br></div><h2 class="battle-history">Turn 7</h2><div class="spacer battle-history"><br></div><div class="battle-history"><small>Blastoise is confused!</small><br></div><div class="battle-history">Blastoise used <strong>Hydro Pump</strong>!<br></div><div class="battle-history"><small>(The opposing Machamp lost <abbr title="−73/350">20.9%</abbr> of its health!)</small><br></div><div class="spacer battle-history"><br></div><div class="battle-history">The opposing Machamp used <strong>Dynamic Punch</strong>!<br></div><div class="battle-history"><small>(Blastoise lost <abbr title="−118/299">39.5%</abbr> of its health!)</small><br></div><div class="spacer battle-history"><br></div><div class="battle-history">Blastoise fainted!<br></div><div class="spacer battle-history"><br></div><div class="battle-history">Go! <strong>Conkeldurr</strong>!<br></div><div class="spacer battle-history"><br></div><h2 class="battle-history">Turn 8</h2><div class="spacer battle-history"><br></div><div class="battle-history">The opposing Machamp used <strong>Dynamic Punch</strong>!<br></div><div class="battle-history"><small>(Conkeldurr lost <abbr title="−180/351">51.3%</abbr> of its health!)</small><br></div><div class="battle-history"><small>Conkeldurr became confused!</small><br></div><div class="spacer battle-history"><br></div><div class="battle-history"><small>Conkeldurr is confused!</small><br></div><div class="battle-history">It hurt itself in its confusion!<br></div><div class="spacer battle-history"><br></div><h2 class="battle-history">Turn 9</h2><div class="spacer battle-history"><br></div><div class="battle-history">The opposing Machamp used <strong>Dynamic Punch</strong>!<br></div><div class="battle-history"><small>(Conkeldurr lost <abbr title="−124/351">35.3%</abbr> of its health!)</small><br></div><div class="spacer battle-history"><br></div><div class="battle-history">Conkeldurr fainted!<br></div><div class="spacer battle-history"><br></div><div class="battle-history">Go! <strong>Haxorus</strong>!<br></div><div class="spacer battle-history"><br></div><h2 class="battle-history">Turn 10</h2><div class="spacer battle-history"><br></div><div class="battle-history">Parnstar withdrew Machamp!<br></div><div class="battle-history">Parnstar sent out <strong>Whimsicott</strong>!<br></div><div class="spacer battle-history"><br></div><div class="battle-history">Haxorus used <strong>Aerial Ace</strong>!<br></div><div class="battle-history"><small>It's super effective!</small><br></div><div class="battle-history"><small>(The opposing Whimsicott lost <abbr title="−104/261">39.8%</abbr> of its health!)</small><br></div><div class="spacer battle-history"><br></div><h2 class="battle-history">Turn 11</h2><div class="spacer battle-history"><br></div><div class="battle-history">The opposing Whimsicott used <strong>Moonblast</strong>!<br></div><div class="battle-history"><small>It's super effective!</small><br></div><div class="battle-history"><small>(Haxorus lost <abbr title="−293/293">100%</abbr> of its health!)</small><br></div><div class="spacer battle-history"><br></div><div class="battle-history">Haxorus fainted!<br></div><div class="spacer battle-history"><br></div><div class="battle-history">Go! <strong>Espeon</strong>!<br></div><div class="spacer battle-history"><br></div><h2 class="battle-history">Turn 12</h2><div class="spacer battle-history"><br></div><div class="battle-history">Espeon used <strong>Protect</strong>!<br></div><div class="battle-history"><small>Espeon protected itself!</small><br></div><div class="spacer battle-history"><br></div><div class="battle-history">The opposing Whimsicott used <strong>Giga Drain</strong>!<br></div><div class="battle-history"><small>Espeon protected itself!</small><br></div><div class="spacer battle-history"><br></div><h2 class="battle-history">Turn 13</h2><div class="spacer battle-history"><br></div><div class="battle-history">Espeon used <strong>Protect</strong>!<br></div><div class="battle-history"><small>But it failed!</small><br></div><div class="spacer battle-history"><br></div><div class="battle-history">The opposing Whimsicott used <strong>Giga Drain</strong>!<br></div><div class="battle-history"><small>(Espeon lost <abbr title="−37/271">13.7%</abbr> of its health!)</small><br></div><div class="battle-history"><small>Espeon had its energy drained!</small><br></div><div class="spacer battle-history"><br></div><div class="battle-history">Espeon fainted!<br></div><div class="spacer battle-history"><br></div><div class="battle-history">Go! <strong>Infernape</strong>!<br></div><div class="spacer battle-history"><br></div><h2 class="battle-history">Turn 14</h2><div class="spacer battle-history"><br></div><div class="battle-history">Parnstar withdrew Whimsicott!<br></div><div class="battle-history">Parnstar sent out <strong>Mandibuzz</strong>!<br></div><div class="spacer battle-history"><br></div><div class="battle-history">Infernape used <strong>Focus Blast</strong>!<br></div><div class="battle-history"><small>(The opposing Mandibuzz lost <abbr title="−154/403">38.2%</abbr> of its health!)</small><br></div><div class="spacer battle-history"><br></div><div class="battle-history"><small>The opposing Mandibuzz restored a little HP using its Leftovers!</small><br></div><div class="spacer battle-history"><br></div><h2 class="battle-history">Turn 15</h2><div class="spacer battle-history"><br></div><div class="battle-history">Infernape used <strong>Blaze Kick</strong>!<br></div><div class="battle-history"><small>(The opposing Mandibuzz lost <abbr title="−97/403">24.1%</abbr> of its health!)</small><br></div><div class="battle-history"><small>[The opposing Mandibuzz's Weak Armor]</small><br></div><div class="battle-history"><small>The opposing Mandibuzz's Defense fell!</small><br></div><div class="battle-history"><small>The opposing Mandibuzz's Speed rose!</small><br></div><div class="spacer battle-history"><br></div><div class="battle-history">The opposing Mandibuzz used <strong>Air Slash</strong>!<br></div><div class="battle-history"><small>It's super effective!</small><br></div><div class="battle-history"><small>(Infernape lost <abbr title="−200/293">68.3%</abbr> of its health!)</small><br></div><div class="spacer battle-history"><br></div><div class="battle-history"><small>The opposing Mandibuzz restored a little HP using its Leftovers!</small><br></div><div class="spacer battle-history"><br></div><h2 class="battle-history">Turn 16</h2><div class="spacer battle-history"><br></div><div class="battle-history">The opposing Mandibuzz used <strong>Roost</strong>!<br></div><div class="battle-history"><small>The opposing Mandibuzz restored its HP.</small><br></div><div class="spacer battle-history"><br></div><div class="battle-history">Infernape used <strong>Flamethrower</strong>!<br></div><div class="battle-history"><small>(The opposing Mandibuzz lost <abbr title="−180/403">44.7%</abbr> of its health!)</small><br></div><div class="spacer battle-history"><br></div><div class="battle-history"><small>The opposing Mandibuzz restored a little HP using its Leftovers!</small><br></div><div class="spacer battle-history"><br></div><h2 class="battle-history">Turn 17</h2><div class="spacer battle-history"><br></div><div class="battle-history">The opposing Mandibuzz used <strong>Dark Pulse</strong>!<br></div><div class="battle-history"><small>It's not very effective...</small><br></div><div class="battle-history"><small>(Infernape lost <abbr title="−5/293">1.7%</abbr> of its health!)</small><br></div><div class="spacer battle-history"><br></div><div class="battle-history">Infernape fainted!<br></div><div class="spacer battle-history"><br></div><div class="battle-history"><strong>Parnstar</strong> won the battle!<br></div><div class="chat">Keshoninator's rating: 1000 → <strong>1000</strong><br>(+0 for losing)</div><div class="chat">Parnstar's rating: 1293 → <strong>1301</strong><br>(+8 for winning)</div></div><div class="inner-preempt"></div></div></div>
</div>
<script>
let daily = Math.floor(Date.now()/1000/60/60/24);document.write('<script src="https://play.pokemonshowdown.com/js/replay-embed.js?version'+daily+'"></'+'script>');
</script>
