<!DOCTYPE html>
<meta charset="utf-8" />
<!-- version 1 -->
<title>UU replay: Meru vs. Vinc2612</title>
<style>
html,body {font-family:Verdana, sans-serif;font-size:10pt;margin:0;padding:0;}body{padding:12px 0;} .battle-log {font-family:Verdana, sans-serif;font-size:10pt;} .battle-log-inline {border:1px solid #AAAAAA;background:#EEF2F5;color:black;max-width:640px;margin:0 auto 80px;padding-bottom:5px;} .battle-log .inner {padding:4px 8px 0px 8px;} .battle-log .inner-preempt {padding:0 8px 4px 8px;} .battle-log .inner-after {margin-top:0.5em;} .battle-log h2 {margin:0.5em -8px;padding:4px 8px;border:1px solid #AAAAAA;background:#E0E7EA;border-left:0;border-right:0;font-family:Verdana, sans-serif;font-size:13pt;} .battle-log .chat {vertical-align:middle;padding:3px 0 3px 0;font-size:8pt;} .battle-log .chat strong {color:#40576A;} .battle-log .chat em {padding:1px 4px 1px 3px;color:#000000;font-style:normal;} .chat.mine {background:rgba(0,0,0,0.05);margin-left:-8px;margin-right:-8px;padding-left:8px;padding-right:8px;} .spoiler {color:#BBBBBB;background:#BBBBBB;padding:0px 3px;} .spoiler:hover, .spoiler:active, .spoiler-shown {color:#000000;background:#E2E2E2;padding:0px 3px;} .spoiler a {color:#BBBBBB;} .spoiler:hover a, .spoiler:active a, .spoiler-shown a {color:#2288CC;} .chat code, .chat .spoiler:hover code, .chat .spoiler:active code, .chat .spoiler-shown code {border:1px solid #C0C0C0;background:#EEEEEE;color:black;padding:0 2px;} .chat .spoiler code {border:1px solid #CCCCCC;background:#CCCCCC;color:#CCCCCC;} .battle-log .rated {padding:3px 4px;} .battle-log .rated strong {color:white;background:#89A;padding:1px 4px;border-radius:4px;} .spacer {margin-top:0.5em;} .message-announce {background:#6688AA;color:white;padding:1px 4px 2px;} .message-announce a, .broadcast-green a, .broadcast-blue a, .broadcast-red a {color:#DDEEFF;} .broadcast-green {background-color:#559955;color:white;padding:2px 4px;} .broadcast-blue {background-color:#6688AA;color:white;padding:2px 4px;} .infobox {border:1px solid #6688AA;padding:2px 4px;} .infobox-limited {max-height:200px;overflow:auto;overflow-x:hidden;} .broadcast-red {background-color:#AA5544;color:white;padding:2px 4px;} .message-learn-canlearn {font-weight:bold;color:#228822;text-decoration:underline;} .message-learn-cannotlearn {font-weight:bold;color:#CC2222;text-decoration:underline;} .message-effect-weak {font-weight:bold;color:#CC2222;} .message-effect-resist {font-weight:bold;color:#6688AA;} .message-effect-immune {font-weight:bold;color:#666666;} .message-learn-list {margin-top:0;margin-bottom:0;} .message-throttle-notice, .message-error {color:#992222;} .message-overflow, .chat small.message-overflow {font-size:0pt;} .message-overflow::before {font-size:9pt;content:'...';} .subtle {color:#3A4A66;}
</style>
<div class="wrapper replay-wrapper" style="max-width:1180px;margin:0 auto">
<input type="hidden" name="replayid" value="uu-579673781" />
<div class="battle"></div><div class="battle-log"></div><div class="replay-controls"></div><div class="replay-controls-2"></div>
<h1 style="font-weight:normal;text-align:center"><strong>UU</strong><br /><a href="http://pokemonshowdown.com/users/meru" class="subtle" target="_blank">Meru</a> vs. <a href="http://pokemonshowdown.com/users/vinc2612" class="subtle" target="_blank">Vinc2612</a></h1>
<script type="text/plain" class="battle-log-data">|j|Meru
|j|Vinc2612
|player|p1|Meru|174
|teamsize|p1|6
|player|p2|Vinc2612|#vinc2612
|teamsize|p2|6
|gametype|singles
|gen|6
|tier|UU
|seed|28710,54181,42318,53096
|rule|Sleep Clause Mod: Limit one foe put to sleep
|rule|Species Clause: Limit one of each Pokémon
|rule|OHKO Clause: OHKO moves are banned
|rule|Moody Clause: Moody is banned
|rule|Evasion Moves Clause: Evasion moves are banned
|rule|Endless Battle Clause: Forcing endless battles is banned
|rule|HP Percentage Mod: HP is shown in percentages
|clearpoke
|poke|p1|Suicune, shiny|item
|poke|p1|Sylveon, M|item
|poke|p1|Swampert, F|item
|poke|p1|Crobat, F|item
|poke|p1|Hydreigon, F|item
|poke|p1|Forretress, F|item
|poke|p2|Hydreigon, F|item
|poke|p2|Sylveon, M|item
|poke|p2|Forretress, M|item
|poke|p2|Celebi|item
|poke|p2|Swampert, F|item
|poke|p2|Entei, shiny|item
|rule|Swagger Clause: Swagger is banned
|rule|Baton Pass Clause: Limit one Baton Passer, can't pass Spe and other stats simultaneously
|teampreview
|c|☆Vinc2612|hf
|j|Shiba
|j|Eo
|choice|team 1, team 2, team 3, team 4, team 5, team 6|team 1, team 2, team 3, team 4, team 5, team 6
|
|start
|switch|p1a: Suicune|Suicune, shiny|403\/403
|switch|p2a: Hydreigon|Hydreigon, F|325\/325
|-ability|p1a: Suicune|Pressure
|turn|1
|choice|move scald|move uturn
|
|move|p2a: Hydreigon|U-turn|p1a: Suicune
|-damage|p1a: Suicune|365\/403
|choice||switch 4
|
|switch|p2a: Celebi|Celebi|341\/341
|move|p1a: Suicune|Scald|p2a: Celebi
|-resisted|p2a: Celebi
|-damage|p2a: Celebi|296\/341
|
|-heal|p2a: Celebi|317\/341|[from] item: Leftovers
|-heal|p1a: Suicune|390\/403|[from] item: Leftovers
|upkeep
|turn|2
|j|Sacri !!_!!
|choice|switch 4|switch 2
|
|switch|p2a: Sylveon|Sylveon, M|394\/394
|switch|p1a: Crobat|Crobat, F|315\/315
|
|upkeep
|turn|3
|j|King♥UU
|choice|move uturn|move protect
|
|move|p2a: Sylveon|Protect|p2a: Sylveon
|-singleturn|p2a: Sylveon|Protect
|move|p1a: Crobat|U-turn|p2a: Sylveon
|-activate|p2a: Sylveon|move: Protect
|
|upkeep
|turn|4
|choice|move bravebird|move hypervoice
|
|move|p1a: Crobat|Brave Bird|p2a: Sylveon
|-damage|p2a: Sylveon|220\/394
|-damage|p1a: Crobat|258\/315|[from] Recoil|[of] p2a: Sylveon
|move|p2a: Sylveon|Hyper Voice|p1a: Crobat
|-resisted|p1a: Crobat
|-damage|p1a: Crobat|174\/315
|
|-heal|p2a: Sylveon|244\/394|[from] item: Leftovers
|upkeep
|turn|5
|choice|move taunt|move wish
|
|move|p1a: Crobat|Taunt|p2a: Sylveon
|-start|p2a: Sylveon|move: Taunt
|cant|p2a: Sylveon|move: Taunt|Wish
|
|-heal|p2a: Sylveon|268\/394|[from] item: Leftovers
|upkeep
|turn|6
|j|Amaroq
|choice|move roost|move hypervoice
|
|move|p1a: Crobat|Roost|p1a: Crobat
|-heal|p1a: Crobat|315\/315
|move|p2a: Sylveon|Hyper Voice|p1a: Crobat
|-resisted|p1a: Crobat
|-damage|p1a: Crobat|219\/315
|
|-heal|p2a: Sylveon|292\/394|[from] item: Leftovers
|upkeep
|turn|7
|choice|move uturn|switch 6
|
|switch|p2a: Entei|Entei, shiny|371\/371
|-ability|p2a: Entei|Pressure
|move|p1a: Crobat|U-turn|p2a: Entei
|-resisted|p2a: Entei
|-damage|p2a: Entei|337\/371
|j|Accelgor
|c| Accelgor|meru n_n
|c|☆Vinc2612|you mean vinc n_n
|choice|switch 3|
|
|switch|p1a: Swampert|Swampert, F|359\/359
|
|upkeep
|turn|8
|c|+Sacri !!_!!|vinc is :goat:
|j|Bouff
|c|+Amaroq|goooo Meru
|choice|move stealthrock mega|switch 2
|
|switch|p2a: Celebi|Celebi|317\/341
|detailschange|p1a: Swampert|Swampert-Mega, F
|-mega|p1a: Swampert|Swampert|Swampertite
|move|p1a: Swampert|Stealth Rock|p2a: Celebi
|-sidestart|p2: Vinc2612|move: Stealth Rock
|
|-heal|p2a: Celebi|338\/341|[from] item: Leftovers
|upkeep
|turn|9
|j|Moltracer
|choice|switch 6|switch 6
|
|switch|p2a: Sylveon|Sylveon, M|292\/394
|-damage|p2a: Sylveon|243\/394|[from] stealthrock
|switch|p1a: Forretress|Forretress, F|353\/353
|
|-heal|p2a: Sylveon|267\/394|[from] item: Leftovers
|upkeep
|turn|10
|choice|switch 4|move wish
|
|switch|p1a: Suicune|Suicune, shiny|390\/403
|-ability|p1a: Suicune|Pressure
|move|p2a: Sylveon|Wish|p2a: Sylveon
|
|-heal|p1a: Suicune|403\/403|[from] item: Leftovers
|-heal|p2a: Sylveon|291\/394|[from] item: Leftovers
|upkeep
|turn|11
|choice|move calmmind|switch 6
|
|switch|p2a: Celebi|Celebi|338\/341
|-damage|p2a: Celebi|296\/341|[from] stealthrock
|move|p1a: Suicune|Calm Mind|p1a: Suicune
|-boost|p1a: Suicune|spa|1
|-boost|p1a: Suicune|spd|1
|
|-heal|p2a: Celebi|341\/341|[from] move: Wish|[wisher] Sylveon
|upkeep
|turn|12
|j|YABO
|choice|move roar|move psychic
|
|move|p2a: Celebi|Psychic|p1a: Suicune
|-damage|p1a: Suicune|327\/403
|move|p1a: Suicune|Roar|p2a: Celebi
|drag|p2a: Sylveon|Sylveon, M|291\/394
|-damage|p2a: Sylveon|242\/394|[from] stealthrock
|
|-heal|p1a: Suicune|352\/403|[from] item: Leftovers
|-heal|p2a: Sylveon|266\/394|[from] item: Leftovers
|upkeep
|turn|13
|choice|move scald|switch 6
|
|switch|p2a: Celebi|Celebi|341\/341
|-damage|p2a: Celebi|299\/341|[from] stealthrock
|move|p1a: Suicune|Scald|p2a: Celebi
|-resisted|p2a: Celebi
|-damage|p2a: Celebi|232\/341
|-status|p2a: Celebi|brn
|
|-heal|p2a: Celebi|253\/341 brn|[from] item: Leftovers
|-heal|p1a: Suicune|377\/403|[from] item: Leftovers
|-damage|p2a: Celebi|211\/341 brn|[from] brn
|upkeep
|turn|14
|j|little sebastian
|j|Aquadext
|c|+Shiba|YABO ur my hero
|c|+YABO|thanks
|l|Moltracer
|choice|switch 5|move gigadrain
|
|switch|p1a: Hydreigon|Hydreigon, F|325\/325
|move|p2a: Celebi|Giga Drain|p1a: Hydreigon
|-resisted|p1a: Hydreigon
|-damage|p1a: Hydreigon|264\/325
|-heal|p2a: Celebi|242\/341 brn|[from] drain|[of] p1a: Hydreigon
|
|-heal|p2a: Celebi|263\/341 brn|[from] item: Leftovers
|-damage|p2a: Celebi|221\/341 brn|[from] brn
|upkeep
|turn|15
|c|+Bouff|yabo youre a pretty good guy
|j|hsa
|c|+YABO|:]
|choice|switch 4|switch 6
|
|-curestatus|p2a: Celebi|brn|[from] ability: Natural Cure
|switch|p2a: Sylveon|Sylveon, M|266\/394
|-damage|p2a: Sylveon|217\/394|[from] stealthrock
|switch|p1a: Forretress|Forretress, F|353\/353
|
|-heal|p2a: Sylveon|241\/394|[from] item: Leftovers
|upkeep
|turn|16
|choice|move spikes|move wish
|
|move|p2a: Sylveon|Wish|p2a: Sylveon
|move|p1a: Forretress|Spikes|p2a: Sylveon
|-sidestart|p2: Vinc2612|Spikes
|
|-heal|p2a: Sylveon|265\/394|[from] item: Leftovers
|upkeep
|turn|17
|choice|switch 5|switch 2
|
|switch|p2a: Entei|Entei, shiny|337\/371
|-damage|p2a: Entei|291\/371|[from] spikes
|-damage|p2a: Entei|199\/371|[from] stealthrock
|-ability|p2a: Entei|Pressure
|switch|p1a: Suicune|Suicune, shiny|377\/403
|-ability|p1a: Suicune|Pressure
|
|-heal|p2a: Entei|371\/371|[from] move: Wish|[wisher] Sylveon
|-heal|p1a: Suicune|402\/403|[from] item: Leftovers
|upkeep
|turn|18
|choice|move scald|move sacredfire
|
|move|p2a: Entei|Sacred Fire|p1a: Suicune
|-resisted|p1a: Suicune
|-crit|p1a: Suicune
|-damage|p1a: Suicune|270\/403
|move|p1a: Suicune|Scald|p2a: Entei
|-supereffective|p2a: Entei
|-damage|p2a: Entei|171\/371
|
|-heal|p1a: Suicune|295\/403|[from] item: Leftovers
|upkeep
|turn|19
|c| Accelgor|yabo's the reason i think of creative stuff while building
|c| Accelgor|straight facts
|choice|move scald|switch 6
|
|switch|p2a: Celebi|Celebi|221\/341
|-damage|p2a: Celebi|179\/341|[from] stealthrock
|-damage|p2a: Celebi|137\/341|[from] spikes
|move|p1a: Suicune|Scald|p2a: Celebi
|-resisted|p2a: Celebi
|-damage|p2a: Celebi|91\/341
|-status|p2a: Celebi|brn
|
|-heal|p2a: Celebi|112\/341 brn|[from] item: Leftovers
|-heal|p1a: Suicune|320\/403|[from] item: Leftovers
|-damage|p2a: Celebi|70\/341 brn|[from] brn
|upkeep
|turn|20
|c|+Amaroq|YABO's fat
|c|+Amaroq|but his teams are fire
|j|ict
|c|+YABO|thanks accel
|c|+YABO|kinda thanks ama
|c|☆Meru|ok
|c|☆Meru|cool
|choice|switch 4|move gigadrain
|
|switch|p1a: Hydreigon|Hydreigon, F|264\/325
|move|p2a: Celebi|Giga Drain|p1a: Hydreigon
|-resisted|p1a: Hydreigon
|-damage|p1a: Hydreigon|198\/325
|-heal|p2a: Celebi|103\/341 brn|[from] drain|[of] p1a: Hydreigon
|
|-heal|p2a: Celebi|124\/341 brn|[from] item: Leftovers
|-damage|p2a: Celebi|82\/341 brn|[from] brn
|upkeep
|turn|21
|choice|switch 2|switch 3
|
|-curestatus|p2a: Celebi|brn|[from] ability: Natural Cure
|switch|p2a: Forretress|Forretress, M|354\/354
|-damage|p2a: Forretress|310\/354|[from] stealthrock
|-damage|p2a: Forretress|266\/354|[from] spikes
|switch|p1a: Sylveon|Sylveon, M|393\/393
|
|-heal|p2a: Forretress|288\/354|[from] item: Leftovers
|upkeep
|turn|22
|choice|switch 6|move rapidspin
|
|switch|p1a: Swampert|Swampert-Mega, F|359\/359
|move|p2a: Forretress|Rapid Spin|p1a: Swampert
|-damage|p1a: Swampert|348\/359
|-sideend|p2: Vinc2612|spikes|[from] move: Rapid Spin|[of] p2a: Forretress
|-sideend|p2: Vinc2612|stealthrock|[from] move: Rapid Spin|[of] p2a: Forretress
|
|-heal|p2a: Forretress|310\/354|[from] item: Leftovers
|upkeep
|turn|23
|choice|move raindance|move toxic
|
|move|p1a: Swampert|Rain Dance|p1a: Swampert
|-weather|RainDance
|move|p2a: Forretress|Toxic|p1a: Swampert
|-status|p1a: Swampert|tox
|
|-weather|RainDance|[upkeep]
|-heal|p2a: Forretress|332\/354|[from] item: Leftovers
|-damage|p1a: Swampert|326\/359 tox|[from] psn
|upkeep
|turn|24
|j|papai noel
|choice|move waterfall|move rapidspin
|
|move|p1a: Swampert|Waterfall|p2a: Forretress
|-damage|p2a: Forretress|169\/354
|move|p2a: Forretress|Rapid Spin|p1a: Swampert
|-crit|p1a: Swampert
|-damage|p1a: Swampert|311\/359 tox
|
|-weather|RainDance|[upkeep]
|-heal|p2a: Forretress|191\/354|[from] item: Leftovers
|-damage|p1a: Swampert|267\/359 tox|[from] psn
|upkeep
|turn|25
|choice|move stealthrock|switch 4
|
|switch|p2a: Hydreigon|Hydreigon, F|325\/325
|move|p1a: Swampert|Stealth Rock|p2a: Hydreigon
|-sidestart|p2: Vinc2612|move: Stealth Rock
|
|-weather|RainDance|[upkeep]
|-damage|p1a: Swampert|201\/359 tox|[from] psn
|upkeep
|turn|26
|choice|switch 4|move uturn
|
|switch|p1a: Suicune|Suicune, shiny|320\/403
|-ability|p1a: Suicune|Pressure
|move|p2a: Hydreigon|U-turn|p1a: Suicune
|-damage|p1a: Suicune|287\/403
|choice||switch 3
|
|switch|p2a: Celebi|Celebi|82\/341
|-damage|p2a: Celebi|40\/341|[from] stealthrock
|
|-weather|RainDance|[upkeep]
|-heal|p2a: Celebi|61\/341|[from] item: Leftovers
|-heal|p1a: Suicune|312\/403|[from] item: Leftovers
|upkeep
|turn|27
|j|eagleheart
|j|roided out manlet
|l|papai noel
|l|eagleheart
|choice|switch 2|move gigadrain
|
|switch|p1a: Hydreigon|Hydreigon, F|198\/325
|move|p2a: Celebi|Giga Drain|p1a: Hydreigon
|-resisted|p1a: Hydreigon
|-damage|p1a: Hydreigon|138\/325
|-heal|p2a: Celebi|91\/341|[from] drain|[of] p1a: Hydreigon
|
|-weather|none
|-heal|p2a: Celebi|112\/341|[from] item: Leftovers
|upkeep
|turn|28
|choice|move roost|switch 2
|
|switch|p2a: Sylveon|Sylveon, M|265\/394
|-damage|p2a: Sylveon|216\/394|[from] stealthrock
|move|p1a: Hydreigon|Roost|p1a: Hydreigon
|-heal|p1a: Hydreigon|301\/325
|
|-heal|p2a: Sylveon|240\/394|[from] item: Leftovers
|upkeep
|turn|29
|choice|move flashcannon|move wish
|
|move|p1a: Hydreigon|Flash Cannon|p2a: Sylveon
|-supereffective|p2a: Sylveon
|-damage|p2a: Sylveon|50\/394
|-damage|p1a: Hydreigon|269\/325|[from] item: Life Orb
|move|p2a: Sylveon|Wish|p2a: Sylveon
|
|-heal|p2a: Sylveon|74\/394|[from] item: Leftovers
|upkeep
|turn|30
|choice|switch 3|move protect
|
|switch|p1a: Crobat|Crobat, F|219\/315
|move|p2a: Sylveon|Protect|p2a: Sylveon
|-fail|p2a: Sylveon
|
|-heal|p2a: Sylveon|271\/394|[from] move: Wish|[wisher] Sylveon
|-heal|p2a: Sylveon|295\/394|[from] item: Leftovers
|upkeep
|turn|31
|j|papai noel
|choice|move bravebird|move wish
|
|move|p1a: Crobat|Brave Bird|p2a: Sylveon
|-damage|p2a: Sylveon|102\/394
|-damage|p1a: Crobat|155\/315|[from] Recoil|[of] p2a: Sylveon
|move|p2a: Sylveon|Wish|p2a: Sylveon
|
|-heal|p2a: Sylveon|126\/394|[from] item: Leftovers
|upkeep
|turn|32
|choice|move roost|move protect
|
|move|p2a: Sylveon|Protect|p2a: Sylveon
|-singleturn|p2a: Sylveon|Protect
|move|p1a: Crobat|Roost|p1a: Crobat
|-heal|p1a: Crobat|313\/315
|
|-heal|p2a: Sylveon|323\/394|[from] move: Wish|[wisher] Sylveon
|-heal|p2a: Sylveon|347\/394|[from] item: Leftovers
|upkeep
|turn|33
|choice|move bravebird|move wish
|
|move|p1a: Crobat|Brave Bird|p2a: Sylveon
|-damage|p2a: Sylveon|148\/394
|-damage|p1a: Crobat|247\/315|[from] Recoil|[of] p2a: Sylveon
|move|p2a: Sylveon|Wish|p2a: Sylveon
|
|-heal|p2a: Sylveon|172\/394|[from] item: Leftovers
|upkeep
|turn|34
|choice|move bravebird|move protect
|
|move|p2a: Sylveon|Protect|p2a: Sylveon
|-singleturn|p2a: Sylveon|Protect
|move|p1a: Crobat|Brave Bird|p2a: Sylveon
|-activate|p2a: Sylveon|move: Protect
|
|-heal|p2a: Sylveon|369\/394|[from] move: Wish|[wisher] Sylveon
|-heal|p2a: Sylveon|393\/394|[from] item: Leftovers
|upkeep
|turn|35
|choice|move taunt|switch 3
|
|switch|p2a: Hydreigon|Hydreigon, F|325\/325
|-damage|p2a: Hydreigon|285\/325|[from] stealthrock
|move|p1a: Crobat|Taunt|p2a: Hydreigon
|-start|p2a: Hydreigon|move: Taunt
|
|upkeep
|turn|36
|choice|switch 6|move uturn
|
|switch|p1a: Sylveon|Sylveon, M|393\/393
|move|p2a: Hydreigon|U-turn|p1a: Sylveon
|-resisted|p1a: Sylveon
|-damage|p1a: Sylveon|369\/393
|choice||switch 4
|
|switch|p2a: Forretress|Forretress, M|191\/354
|-damage|p2a: Forretress|147\/354|[from] stealthrock
|
|-heal|p1a: Sylveon|393\/393|[from] item: Leftovers
|-heal|p2a: Forretress|169\/354|[from] item: Leftovers
|upkeep
|turn|37
|choice|move hypervoice|move rapidspin
|
|move|p1a: Sylveon|Hyper Voice|p2a: Forretress
|-resisted|p2a: Forretress
|-damage|p2a: Forretress|85\/354
|move|p2a: Forretress|Rapid Spin|p1a: Sylveon
|-damage|p1a: Sylveon|382\/393
|-sideend|p2: Vinc2612|stealthrock|[from] move: Rapid Spin|[of] p2a: Forretress
|
|-heal|p1a: Sylveon|393\/393|[from] item: Leftovers
|-heal|p2a: Forretress|107\/354|[from] item: Leftovers
|upkeep
|turn|38
|choice|move hypervoice|move stealthrock
|
|move|p1a: Sylveon|Hyper Voice|p2a: Forretress
|-resisted|p2a: Forretress
|-crit|p2a: Forretress
|-damage|p2a: Forretress|0 fnt
|faint|p2a: Forretress
|
|upkeep
|c|+King♥UU|only way.
|choice||switch 6
|
|switch|p2a: Entei|Entei, shiny|171\/371
|-ability|p2a: Entei|Pressure
|turn|39
|c|☆Meru|ok
|c|☆Meru|this gonna get
|c|☆Meru|way easier
|choice|move protect|move sacredfire
|
|move|p1a: Sylveon|Protect|p1a: Sylveon
|-singleturn|p1a: Sylveon|Protect
|move|p2a: Entei|Sacred Fire|p1a: Sylveon
|-activate|p1a: Sylveon|move: Protect
|
|upkeep
|turn|40
|choice|switch 2|move sacredfire
|
|switch|p1a: Suicune|Suicune, shiny|312\/403
|-ability|p1a: Suicune|Pressure
|move|p2a: Entei|Sacred Fire|p1a: Suicune
|-resisted|p1a: Suicune
|-damage|p1a: Suicune|220\/403
|
|-heal|p1a: Suicune|245\/403|[from] item: Leftovers
|upkeep
|turn|41
|choice|move scald|switch 2
|
|switch|p2a: Celebi|Celebi|112\/341
|move|p1a: Suicune|Scald|p2a: Celebi
|-resisted|p2a: Celebi
|-damage|p2a: Celebi|70\/341
|
|-heal|p2a: Celebi|91\/341|[from] item: Leftovers
|-heal|p1a: Suicune|270\/403|[from] item: Leftovers
|upkeep
|turn|42
|choice|switch 5|switch 4
|
|switch|p2a: Hydreigon|Hydreigon, F|285\/325
|switch|p1a: Forretress|Forretress, F|353\/353
|
|upkeep
|turn|43
|choice|move spikes|move fireblast
|
|move|p2a: Hydreigon|Fire Blast|p1a: Forretress
|-supereffective|p1a: Forretress
|-damage|p1a: Forretress|0 fnt
|faint|p1a: Forretress
|
|upkeep
|c|☆Meru|omfg
|choice|switch 4|
|
|switch|p1a: Swampert|Swampert-Mega, F|201\/359 tox
|turn|44
|c|+Bouff|,
|choice|move stealthrock|switch 4
|
|switch|p2a: Celebi|Celebi|91\/341
|move|p1a: Swampert|Stealth Rock|p2a: Celebi
|-sidestart|p2: Vinc2612|move: Stealth Rock
|
|-heal|p2a: Celebi|112\/341|[from] item: Leftovers
|-damage|p1a: Swampert|179\/359 tox|[from] psn
|upkeep
|turn|45
|choice|switch 3|move gigadrain
|
|switch|p1a: Hydreigon|Hydreigon, F|269\/325
|move|p2a: Celebi|Giga Drain|p1a: Hydreigon
|-resisted|p1a: Hydreigon
|-damage|p1a: Hydreigon|208\/325
|-heal|p2a: Celebi|143\/341|[from] drain|[of] p1a: Hydreigon
|
|-heal|p2a: Celebi|164\/341|[from] item: Leftovers
|upkeep
|turn|46
|c| roided out manlet|nice traps
|c|☆Meru|forgot it runs that
|c|☆Meru|fsr
|choice|move darkpulse|switch 3
|
|switch|p2a: Sylveon|Sylveon, M|393\/394
|-damage|p2a: Sylveon|344\/394|[from] stealthrock
|move|p1a: Hydreigon|Dark Pulse|p2a: Sylveon
|-resisted|p2a: Sylveon
|-damage|p2a: Sylveon|274\/394
|-damage|p1a: Hydreigon|176\/325|[from] item: Life Orb
|
|-heal|p2a: Sylveon|298\/394|[from] item: Leftovers
|upkeep
|turn|47
|choice|switch 6|move hypervoice
|
|switch|p1a: Crobat|Crobat, F|247\/315
|move|p2a: Sylveon|Hyper Voice|p1a: Crobat
|-resisted|p1a: Crobat
|-damage|p1a: Crobat|150\/315
|
|-heal|p2a: Sylveon|322\/394|[from] item: Leftovers
|upkeep
|turn|48
|j|Sam
|choice|move roost|move wish
|
|move|p1a: Crobat|Roost|p1a: Crobat
|-heal|p1a: Crobat|308\/315
|move|p2a: Sylveon|Wish|p2a: Sylveon
|
|-heal|p2a: Sylveon|346\/394|[from] item: Leftovers
|upkeep
|turn|49
|choice|move taunt|switch 5
|
|switch|p2a: Swampert|Swampert, F|361\/361
|-damage|p2a: Swampert|339\/361|[from] stealthrock
|move|p1a: Crobat|Taunt|p2a: Swampert
|-start|p2a: Swampert|move: Taunt
|
|-heal|p2a: Swampert|361\/361|[from] move: Wish|[wisher] Sylveon
|upkeep
|turn|50
|choice|move uturn|move icepunch mega
|
|detailschange|p2a: Swampert|Swampert-Mega, F
|-mega|p2a: Swampert|Swampert|Swampertite
|move|p1a: Crobat|U-turn|p2a: Swampert
|-damage|p2a: Swampert|304\/361
|choice|switch 5|
|
|switch|p1a: Suicune|Suicune, shiny|270\/403
|-ability|p1a: Suicune|Pressure
|move|p2a: Swampert|Ice Punch|p1a: Suicune
|-resisted|p1a: Suicune
|-damage|p1a: Suicune|231\/403
|
|-heal|p1a: Suicune|256\/403|[from] item: Leftovers
|upkeep
|turn|51
|choice|move scald|switch 3
|
|switch|p2a: Celebi|Celebi|164\/341
|-damage|p2a: Celebi|122\/341|[from] stealthrock
|move|p1a: Suicune|Scald|p2a: Celebi
|-resisted|p2a: Celebi
|-damage|p2a: Celebi|80\/341
|
|-heal|p2a: Celebi|101\/341|[from] item: Leftovers
|-heal|p1a: Suicune|281\/403|[from] item: Leftovers
|upkeep
|turn|52
|j|rutriu
|l|rutriu
|choice|switch 6|switch 5
|
|switch|p2a: Sylveon|Sylveon, M|346\/394
|-damage|p2a: Sylveon|297\/394|[from] stealthrock
|switch|p1a: Hydreigon|Hydreigon, F|176\/325
|
|-heal|p2a: Sylveon|321\/394|[from] item: Leftovers
|upkeep
|turn|53
|choice|switch 5|move wish
|
|switch|p1a: Crobat|Crobat, F|308\/315
|move|p2a: Sylveon|Wish|p2a: Sylveon
|
|-heal|p2a: Sylveon|345\/394|[from] item: Leftovers
|upkeep
|turn|54
|choice|move uturn|switch 3
|
|switch|p2a: Swampert|Swampert-Mega, F|304\/361
|-damage|p2a: Swampert|282\/361|[from] stealthrock
|move|p1a: Crobat|U-turn|p2a: Swampert
|-crit|p2a: Swampert
|-damage|p2a: Swampert|190\/361
|choice|switch 6|
|
|switch|p1a: Suicune|Suicune, shiny|281\/403
|-ability|p1a: Suicune|Pressure
|
|-heal|p2a: Swampert|361\/361|[from] move: Wish|[wisher] Sylveon
|-heal|p1a: Suicune|306\/403|[from] item: Leftovers
|upkeep
|turn|55
|choice|move scald|switch 3
|
|switch|p2a: Sylveon|Sylveon, M|345\/394
|-damage|p2a: Sylveon|296\/394|[from] stealthrock
|move|p1a: Suicune|Scald|p2a: Sylveon
|-damage|p2a: Sylveon|223\/394
|
|-heal|p1a: Suicune|331\/403|[from] item: Leftovers
|-heal|p2a: Sylveon|247\/394|[from] item: Leftovers
|upkeep
|turn|56
|choice|move calmmind|move hypervoice
|
|move|p1a: Suicune|Calm Mind|p1a: Suicune
|-boost|p1a: Suicune|spa|1
|-boost|p1a: Suicune|spd|1
|move|p2a: Sylveon|Hyper Voice|p1a: Suicune
|-damage|p1a: Suicune|241\/403
|
|-heal|p1a: Suicune|266\/403|[from] item: Leftovers
|-heal|p2a: Sylveon|271\/394|[from] item: Leftovers
|upkeep
|turn|57
|choice|move scald|move hypervoice
|
|move|p1a: Suicune|Scald|p2a: Sylveon
|-damage|p2a: Sylveon|169\/394
|-status|p2a: Sylveon|brn
|move|p2a: Sylveon|Hyper Voice|p1a: Suicune
|-damage|p1a: Suicune|179\/403
|
|-heal|p1a: Suicune|204\/403|[from] item: Leftovers
|-heal|p2a: Sylveon|193\/394 brn|[from] item: Leftovers
|-damage|p2a: Sylveon|144\/394 brn|[from] brn
|upkeep
|turn|58
|choice|move scald|move hypervoice
|
|move|p1a: Suicune|Scald|p2a: Sylveon
|-damage|p2a: Sylveon|50\/394 brn
|move|p2a: Sylveon|Hyper Voice|p1a: Suicune
|-damage|p1a: Suicune|110\/403
|
|-heal|p1a: Suicune|135\/403|[from] item: Leftovers
|-heal|p2a: Sylveon|74\/394 brn|[from] item: Leftovers
|-damage|p2a: Sylveon|25\/394 brn|[from] brn
|upkeep
|turn|59
|choice|move scald|move wish
|
|move|p1a: Suicune|Scald|p2a: Sylveon
|-damage|p2a: Sylveon|0 fnt
|faint|p2a: Sylveon
|
|-heal|p1a: Suicune|160\/403|[from] item: Leftovers
|upkeep
|choice||switch 5
|
|switch|p2a: Celebi|Celebi|101\/341
|-damage|p2a: Celebi|59\/341|[from] stealthrock
|turn|60
|choice|switch 5|move gigadrain
|
|switch|p1a: Hydreigon|Hydreigon, F|176\/325
|move|p2a: Celebi|Giga Drain|p1a: Hydreigon
|-resisted|p1a: Hydreigon
|-damage|p1a: Hydreigon|118\/325
|-heal|p2a: Celebi|88\/341|[from] drain|[of] p1a: Hydreigon
|
|-heal|p2a: Celebi|109\/341|[from] item: Leftovers
|upkeep
|turn|61
|choice|move roost|switch 4
|
|switch|p2a: Hydreigon|Hydreigon, F|285\/325
|-damage|p2a: Hydreigon|245\/325|[from] stealthrock
|move|p1a: Hydreigon|Roost|p1a: Hydreigon
|-heal|p1a: Hydreigon|281\/325
|
|upkeep
|turn|62
|choice|switch 3|move uturn
|
|switch|p1a: Swampert|Swampert-Mega, F|179\/359 tox
|move|p2a: Hydreigon|U-turn|p1a: Swampert
|-crit|p1a: Swampert
|-damage|p1a: Swampert|104\/359 tox
|j|Pak
|choice||switch 4
|
|switch|p2a: Celebi|Celebi|109\/341
|-damage|p2a: Celebi|67\/341|[from] stealthrock
|
|-heal|p2a: Celebi|88\/341|[from] item: Leftovers
|-damage|p1a: Swampert|82\/359 tox|[from] psn
|upkeep
|turn|63
|j|Pearl ❤
|choice|switch 3|move gigadrain
|
|switch|p1a: Hydreigon|Hydreigon, F|281\/325
|move|p2a: Celebi|Giga Drain|p1a: Hydreigon
|-resisted|p1a: Hydreigon
|-damage|p1a: Hydreigon|217\/325
|-heal|p2a: Celebi|120\/341|[from] drain|[of] p1a: Hydreigon
|
|-heal|p2a: Celebi|141\/341|[from] item: Leftovers
|upkeep
|turn|64
|l|Pak
|choice|move dracometeor|switch 2
|
|switch|p2a: Entei|Entei, shiny|171\/371
|-damage|p2a: Entei|79\/371|[from] stealthrock
|-ability|p2a: Entei|Pressure
|move|p1a: Hydreigon|Draco Meteor|p2a: Entei
|-damage|p2a: Entei|0 fnt
|-unboost|p1a: Hydreigon|spa|2
|-damage|p1a: Hydreigon|185\/325|[from] item: Life Orb
|faint|p2a: Entei
|
|upkeep
|choice||switch 4
|
|switch|p2a: Hydreigon|Hydreigon, F|245\/325
|-damage|p2a: Hydreigon|205\/325|[from] stealthrock
|turn|65
|choice|switch 2|move uturn
|
|switch|p1a: Sylveon|Sylveon, M|393\/393
|move|p2a: Hydreigon|U-turn|p1a: Sylveon
|-resisted|p1a: Sylveon
|-damage|p1a: Sylveon|369\/393
|choice||switch 3
|
|switch|p2a: Swampert|Swampert-Mega, F|361\/361
|-damage|p2a: Swampert|339\/361|[from] stealthrock
|
|-heal|p1a: Sylveon|393\/393|[from] item: Leftovers
|upkeep
|turn|66
|l|roided out manlet
|choice|move hypervoice|move waterfall
|
|move|p2a: Swampert|Waterfall|p1a: Sylveon
|-damage|p1a: Sylveon|221\/393
|move|p1a: Sylveon|Hyper Voice|p2a: Swampert
|-damage|p2a: Swampert|192\/361
|
|-heal|p1a: Sylveon|245\/393|[from] item: Leftovers
|upkeep
|turn|67
|choice|move wish|move waterfall
|
|move|p2a: Swampert|Waterfall|p1a: Sylveon
|-damage|p1a: Sylveon|82\/393
|move|p1a: Sylveon|Wish|p1a: Sylveon
|
|-heal|p1a: Sylveon|106\/393|[from] item: Leftovers
|upkeep
|turn|68
|choice|switch 5|move earthquake
|
|switch|p1a: Suicune|Suicune, shiny|160\/403
|-ability|p1a: Suicune|Pressure
|move|p2a: Swampert|Earthquake|p1a: Suicune
|-damage|p1a: Suicune|25\/403
|
|-heal|p1a: Suicune|221\/403|[from] move: Wish|[wisher] Sylveon
|-heal|p1a: Suicune|246\/403|[from] item: Leftovers
|upkeep
|turn|69
|j|Natural Talent
|choice|move scald|switch 2
|
|switch|p2a: Celebi|Celebi|141\/341
|-damage|p2a: Celebi|99\/341|[from] stealthrock
|move|p1a: Suicune|Scald|p2a: Celebi
|-resisted|p2a: Celebi
|-damage|p2a: Celebi|54\/341
|-status|p2a: Celebi|brn
|
|-heal|p2a: Celebi|75\/341 brn|[from] item: Leftovers
|-heal|p1a: Suicune|271\/403|[from] item: Leftovers
|-damage|p2a: Celebi|33\/341 brn|[from] brn
|upkeep
|turn|70
|c|+King♥UU|can you relax
|c|+King♥UU|with these celebi scald burns
|choice|switch 2|move psychic
|
|switch|p1a: Hydreigon|Hydreigon, F|185\/325
|move|p2a: Celebi|Psychic|p1a: Hydreigon
|-immune|p1a: Hydreigon|[msg]
|
|-heal|p2a: Celebi|54\/341 brn|[from] item: Leftovers
|-damage|p2a: Celebi|12\/341 brn|[from] brn
|upkeep
|turn|71
|c|☆Meru|im something like 1 for 4
|c|☆Meru|why is this bi not gleam
|choice|move roost|move gigadrain
|
|move|p2a: Celebi|Giga Drain|p1a: Hydreigon
|-resisted|p1a: Hydreigon
|-damage|p1a: Hydreigon|122\/325
|-heal|p2a: Celebi|44\/341 brn|[from] drain|[of] p1a: Hydreigon
|move|p1a: Hydreigon|Roost|p1a: Hydreigon
|-heal|p1a: Hydreigon|285\/325
|
|-heal|p2a: Celebi|65\/341 brn|[from] item: Leftovers
|-damage|p2a: Celebi|23\/341 brn|[from] brn
|upkeep
|turn|72
|l|Natural Talent
|c|☆Vinc2612|real question is why would scald be hotter than sacred fire
|c|☆Vinc2612|:(
|choice|move flashcannon|move gigadrain
|
|move|p2a: Celebi|Giga Drain|p1a: Hydreigon
|-resisted|p1a: Hydreigon
|-damage|p1a: Hydreigon|225\/325
|-heal|p2a: Celebi|53\/341 brn|[from] drain|[of] p1a: Hydreigon
|move|p1a: Hydreigon|Flash Cannon|p2a: Celebi
|-damage|p2a: Celebi|0 fnt
|-damage|p1a: Hydreigon|193\/325|[from] item: Life Orb
|faint|p2a: Celebi
|
|upkeep
|choice||switch 3
|
|switch|p2a: Hydreigon|Hydreigon, F|205\/325
|-damage|p2a: Hydreigon|165\/325|[from] stealthrock
|turn|73
|j|roided out manlet
|c| Accelgor|fahrenheit readings are too low :[
|l|Sam
|c| papai noel|lol kinguu what a salty motherfucker
|choice|move darkpulse|move darkpulse
|
|move|p2a: Hydreigon|Dark Pulse|p1a: Hydreigon
|-resisted|p1a: Hydreigon
|-damage|p1a: Hydreigon|118\/325
|cant|p1a: Hydreigon|flinch
|
|upkeep
|turn|74
|c| papai noel|implying that burn mattered
|c| papai noel|xDDD
|c|+Eo|he's trolling ignore him
|choice|move dracometeor|move darkpulse
|
|move|p2a: Hydreigon|Dark Pulse|p1a: Hydreigon
|-resisted|p1a: Hydreigon
|-damage|p1a: Hydreigon|40\/325
|move|p1a: Hydreigon|Draco Meteor|p2a: Hydreigon
|-supereffective|p2a: Hydreigon
|-damage|p2a: Hydreigon|0 fnt
|-unboost|p1a: Hydreigon|spa|2
|-damage|p1a: Hydreigon|8\/325|[from] item: Life Orb
|faint|p2a: Hydreigon
|
|upkeep
|choice||switch 2
|
|switch|p2a: Swampert|Swampert-Mega, F|192\/361
|-damage|p2a: Swampert|170\/361|[from] stealthrock
|turn|75
|c|☆Vinc2612|gg
|choice|move dracometeor|move raindance
|
|move|p1a: Hydreigon|Draco Meteor|p2a: Swampert
|-damage|p2a: Swampert|26\/361
|-unboost|p1a: Hydreigon|spa|2
|-damage|p1a: Hydreigon|0 fnt|[from] item: Life Orb
|faint|p1a: Hydreigon
|move|p2a: Swampert|Rain Dance|p2a: Swampert
|-weather|RainDance
|
|-weather|RainDance|[upkeep]
|upkeep
|choice|switch 3|
|
|switch|p1a: Swampert|Swampert-Mega, F|82\/359 tox
|turn|76
|c|☆Meru|im prob faster
|c|☆Meru|bop
|c|+King♥UU|CLUTCH
|choice|move waterfall|move waterfall
|
|move|p1a: Swampert|Waterfall|p2a: Swampert
|-damage|p2a: Swampert|0 fnt
|faint|p2a: Swampert
|
|win|Meru
|c|+King♥UU|aw
|l|Eo</script>
</div>
<div class="battle-log battle-log-inline"><div class="inner"><div class="battle-options"></div><div class="inner"><div class="chat"><small>Meru joined.</small></div><div class="chat"><small>Vinc2612 joined.</small></div><div class=""><small>Format:</small> <br><strong>UU</strong></div><div class=""><small><em>Sleep Clause Mod:</em> Limit one foe put to sleep</small></div><div class=""><small><em>Species Clause:</em> Limit one of each Pokémon</small></div><div class=""><small><em>OHKO Clause:</em> OHKO moves are banned</small></div><div class=""><small><em>Moody Clause:</em> Moody is banned</small></div><div class=""><small><em>Evasion Moves Clause:</em> Evasion moves are banned</small></div><div class=""><small><em>Endless Battle Clause:</em> Forcing endless battles is banned</small></div><div class=""><small><em>HP Percentage Mod:</em> HP is shown in percentages</small></div><div class=""><small><em>Swagger Clause:</em> Swagger is banned</small></div><div class=""><small><em>Baton Pass Clause:</em> Limit one Baton Passer, can't pass Spe and other stats simultaneously</small></div><div class="chat battle-history"><strong>Meru's team:</strong> <em style="color:#445566;display:block;">Suicune / Sylveon / Swampert / Crobat / Hydreigon / Forretress</em></div><div class="chat battle-history"><strong>Vinc2612's team:</strong> <em style="color:#445566;display:block;">Hydreigon / Sylveon / Forretress / Celebi / Swampert / Entei</em></div><div class="chat chatmessage-vinc2612"><strong style="color:hsl(215,56%,48.394637876072544%)"><small>☆</small><span class="username" data-name="Vinc2612">Vinc2612</span>:</strong> <em>hf</em></div><div class="chat"><small>Shiba joined.</small></div><div class="chat"><small>Eo joined.</small></div><div class="spacer battle-history"><br></div><div class="battle-history">Battle started between Meru and Vinc2612!<br></div><div class="spacer battle-history"><br></div><div class="battle-history">Go! <strong>Suicune</strong>!<br></div><div class="spacer battle-history"><br></div><div class="battle-history">Vinc2612 sent out <strong>Hydreigon</strong>!<br></div><div class="battle-history"><small>[Suicune's Pressure]</small><br><small>Suicune is exerting its pressure!</small><br></div><div class="spacer battle-history"><br></div><h2 class="battle-history">Turn 1</h2><div class="spacer battle-history"><br></div><div class="battle-history">The opposing Hydreigon used <strong>U-turn</strong>!<br></div><div class="battle-history"><small>(Suicune lost <abbr title="−38/403">9.4%</abbr> of its health!)</small><br></div><div class="spacer battle-history"><br></div><div class="battle-history">The opposing Hydreigon went back to Vinc2612!<br></div><div class="battle-history">Vinc2612 sent out <strong>Celebi</strong>!<br></div><div class="spacer battle-history"><br></div><div class="battle-history">Suicune used <strong>Scald</strong>!<br></div><div class="battle-history"><small>It's not very effective...</small><br></div><div class="battle-history"><small>(The opposing Celebi lost <abbr title="−45/341">13.2%</abbr> of its health!)</small><br></div><div class="spacer battle-history"><br></div><div class="battle-history"><small>The opposing Celebi restored a little HP using its Leftovers!</small><br></div><div class="battle-history"><small>Suicune restored a little HP using its Leftovers!</small><br></div><div class="spacer battle-history"><br></div><h2 class="battle-history">Turn 2</h2><div class="chat"><small>Sacri !!_!! joined.</small></div><div class="spacer battle-history"><br></div><div class="battle-history">Vinc2612 withdrew Celebi!<br></div><div class="battle-history">Vinc2612 sent out <strong>Sylveon</strong>!<br></div><div class="spacer battle-history"><br></div><div class="battle-history">Suicune, come back!<br></div><div class="battle-history">Go! <strong>Crobat</strong>!<br></div><div class="spacer battle-history"><br></div><h2 class="battle-history">Turn 3</h2><div class="chat"><small>King♥UU joined.</small></div><div class="spacer battle-history"><br></div><div class="battle-history">The opposing Sylveon used <strong>Protect</strong>!<br></div><div class="battle-history"><small>The opposing Sylveon protected itself!</small><br></div><div class="spacer battle-history"><br></div><div class="battle-history">Crobat used <strong>U-turn</strong>!<br></div><div class="battle-history"><small>The opposing Sylveon protected itself!</small><br></div><div class="spacer battle-history"><br></div><h2 class="battle-history">Turn 4</h2><div class="spacer battle-history"><br></div><div class="battle-history">Crobat used <strong>Brave Bird</strong>!<br></div><div class="battle-history"><small>(The opposing Sylveon lost <abbr title="−174/394">44.2%</abbr> of its health!)</small><br></div><div class="battle-history"><small>Crobat is damaged by the recoil!</small><br></div><div class="spacer battle-history"><br></div><div class="battle-history">The opposing Sylveon used <strong>Hyper Voice</strong>!<br></div><div class="battle-history"><small>It's not very effective...</small><br></div><div class="battle-history"><small>(Crobat lost <abbr title="−84/315">26.7%</abbr> of its health!)</small><br></div><div class="spacer battle-history"><br></div><div class="battle-history"><small>The opposing Sylveon restored a little HP using its Leftovers!</small><br></div><div class="spacer battle-history"><br></div><h2 class="battle-history">Turn 5</h2><div class="spacer battle-history"><br></div><div class="battle-history">Crobat used <strong>Taunt</strong>!<br></div><div class="battle-history"><small>The opposing Sylveon fell for the taunt!</small><br></div><div class="spacer battle-history"><br></div><div class="battle-history">The opposing Sylveon can't use Wish after the taunt!<br></div><div class="spacer battle-history"><br></div><div class="battle-history"><small>The opposing Sylveon restored a little HP using its Leftovers!</small><br></div><div class="spacer battle-history"><br></div><h2 class="battle-history">Turn 6</h2><div class="chat"><small>Amaroq joined.</small></div><div class="spacer battle-history"><br></div><div class="battle-history">Crobat used <strong>Roost</strong>!<br></div><div class="battle-history"><small>Crobat restored its HP.</small><br></div><div class="spacer battle-history"><br></div><div class="battle-history">The opposing Sylveon used <strong>Hyper Voice</strong>!<br></div><div class="battle-history"><small>It's not very effective...</small><br></div><div class="battle-history"><small>(Crobat lost <abbr title="−96/315">30.5%</abbr> of its health!)</small><br></div><div class="spacer battle-history"><br></div><div class="battle-history"><small>The opposing Sylveon restored a little HP using its Leftovers!</small><br></div><div class="spacer battle-history"><br></div><h2 class="battle-history">Turn 7</h2><div class="spacer battle-history"><br></div><div class="battle-history">Vinc2612 withdrew Sylveon!<br></div><div class="battle-history">Vinc2612 sent out <strong>Entei</strong>!<br></div><div class="battle-history"><small>[The opposing Entei's Pressure]</small><br><small>The opposing Entei is exerting its pressure!</small><br></div><div class="spacer battle-history"><br></div><div class="battle-history">Crobat used <strong>U-turn</strong>!<br></div><div class="battle-history"><small>It's not very effective...</small><br></div><div class="battle-history"><small>(The opposing Entei lost <abbr title="−34/371">9.2%</abbr> of its health!)</small><br></div><div class="chat"><small>Accelgor joined.</small></div><div class="chat chatmessage-accelgor"><strong style="color:hsl(220,52%,54.04920181066666%)"><small> </small><span class="username" data-name="Accelgor">Accelgor</span>:</strong> <em>meru n_n</em></div><div class="chat chatmessage-vinc2612"><strong style="color:hsl(215,56%,48.394637876072544%)"><small>☆</small><span class="username" data-name="Vinc2612">Vinc2612</span>:</strong> <em>you mean vinc n_n</em></div><div class="spacer battle-history"><br></div><div class="battle-history">Crobat went back to Meru!<br></div><div class="battle-history">Go! <strong>Swampert</strong>!<br></div><div class="spacer battle-history"><br></div><h2 class="battle-history">Turn 8</h2><div class="chat chatmessage-sacri"><strong style="color:hsl(344,60%,48.0115088290176%)"><small>+</small><span class="username" data-name="Sacri !!_!!">Sacri !!_!!</span>:</strong> <em>vinc is :goat:</em></div><div class="chat"><small>Bouff joined.</small></div><div class="chat chatmessage-amaroq"><strong style="color:hsl(4,60%,46.329922793177595%)"><small>+</small><span class="username" data-name="Amaroq">Amaroq</span>:</strong> <em>goooo Meru</em></div><div class="spacer battle-history"><br></div><div class="battle-history">Vinc2612 withdrew Entei!<br></div><div class="battle-history">Vinc2612 sent out <strong>Celebi</strong>!<br></div><div class="spacer battle-history"><br></div><div class="battle-history"><small>Swampert's Swampertite is reacting to Meru's Mega Bracelet!</small><br>Swampert has Mega Evolved into Mega Swampert!<br></div><div class="spacer battle-history"><br></div><div class="battle-history">Swampert used <strong>Stealth Rock</strong>!<br></div><div class="battle-history"><small>Pointed stones float in the air around the opposing team!</small><br></div><div class="spacer battle-history"><br></div><div class="battle-history"><small>The opposing Celebi restored a little HP using its Leftovers!</small><br></div><div class="spacer battle-history"><br></div><h2 class="battle-history">Turn 9</h2><div class="chat"><small>Moltracer joined.</small></div><div class="spacer battle-history"><br></div><div class="battle-history">Vinc2612 withdrew Celebi!<br></div><div class="battle-history">Vinc2612 sent out <strong>Sylveon</strong>!<br></div><div class="battle-history"><small>Pointed stones dug into the opposing Sylveon!</small><br></div><div class="spacer battle-history"><br></div><div class="battle-history">Swampert, come back!<br></div><div class="battle-history">Go! <strong>Forretress</strong>!<br></div><div class="spacer battle-history"><br></div><div class="battle-history"><small>The opposing Sylveon restored a little HP using its Leftovers!</small><br></div><div class="spacer battle-history"><br></div><h2 class="battle-history">Turn 10</h2><div class="spacer battle-history"><br></div><div class="battle-history">Forretress, come back!<br></div><div class="battle-history">Go! <strong>Suicune</strong>!<br></div><div class="battle-history"><small>[Suicune's Pressure]</small><br><small>Suicune is exerting its pressure!</small><br></div><div class="spacer battle-history"><br></div><div class="battle-history">The opposing Sylveon used <strong>Wish</strong>!<br></div><div class="spacer battle-history"><br></div><div class="battle-history"><small>Suicune restored a little HP using its Leftovers!</small><br></div><div class="battle-history"><small>The opposing Sylveon restored a little HP using its Leftovers!</small><br></div><div class="spacer battle-history"><br></div><h2 class="battle-history">Turn 11</h2><div class="spacer battle-history"><br></div><div class="battle-history">Vinc2612 withdrew Sylveon!<br></div><div class="battle-history">Vinc2612 sent out <strong>Celebi</strong>!<br></div><div class="battle-history"><small>Pointed stones dug into the opposing Celebi!</small><br></div><div class="spacer battle-history"><br></div><div class="battle-history">Suicune used <strong>Calm Mind</strong>!<br></div><div class="battle-history"><small>Suicune's Special Attack rose!</small><br></div><div class="battle-history"><small>Suicune's Special Defense rose!</small><br></div><div class="spacer battle-history"><br></div><div class="battle-history"><small>Sylveon's wish came true!</small><br></div><div class="spacer battle-history"><br></div><h2 class="battle-history">Turn 12</h2><div class="chat"><small>YABO joined.</small></div><div class="spacer battle-history"><br></div><div class="battle-history">The opposing Celebi used <strong>Psychic</strong>!<br></div><div class="battle-history"><small>(Suicune lost <abbr title="−76/403">18.9%</abbr> of its health!)</small><br></div><div class="spacer battle-history"><br></div><div class="battle-history">Suicune used <strong>Roar</strong>!<br></div><div class="spacer battle-history"><br></div><div class="battle-history"><strong>Sylveon</strong> was dragged out!<br></div><div class="battle-history"><small>Pointed stones dug into the opposing Sylveon!</small><br></div><div class="spacer battle-history"><br></div><div class="battle-history"><small>Suicune restored a little HP using its Leftovers!</small><br></div><div class="battle-history"><small>The opposing Sylveon restored a little HP using its Leftovers!</small><br></div><div class="spacer battle-history"><br></div><h2 class="battle-history">Turn 13</h2><div class="spacer battle-history"><br></div><div class="battle-history">Vinc2612 withdrew Sylveon!<br></div><div class="battle-history">Vinc2612 sent out <strong>Celebi</strong>!<br></div><div class="battle-history"><small>Pointed stones dug into the opposing Celebi!</small><br></div><div class="spacer battle-history"><br></div><div class="battle-history">Suicune used <strong>Scald</strong>!<br></div><div class="battle-history"><small>It's not very effective...</small><br></div><div class="battle-history"><small>(The opposing Celebi lost <abbr title="−67/341">19.6%</abbr> of its health!)</small><br></div><div class="battle-history"><small>The opposing Celebi was burned!</small><br></div><div class="spacer battle-history"><br></div><div class="battle-history"><small>The opposing Celebi restored a little HP using its Leftovers!</small><br></div><div class="battle-history"><small>Suicune restored a little HP using its Leftovers!</small><br></div><div class="battle-history"><small>The opposing Celebi was hurt by its burn!</small><br></div><div class="spacer battle-history"><br></div><h2 class="battle-history">Turn 14</h2><div class="chat"><small>little sebastian joined.</small></div><div class="chat"><small>Aquadext joined.</small></div><div class="chat chatmessage-shiba"><strong style="color:hsl(239,52%,63.286318346843174%)"><small>+</small><span class="username" data-name="Shiba">Shiba</span>:</strong> <em>YABO ur my hero</em></div><div class="chat chatmessage-yabo"><strong style="color:hsl(70,62%,31%)"><small>+</small><span class="username" data-name="YABO">YABO</span>:</strong> <em>thanks</em></div><div class="chat"><small>Moltracer left.</small></div><div class="spacer battle-history"><br></div><div class="battle-history">Suicune, come back!<br></div><div class="battle-history">Go! <strong>Hydreigon</strong>!<br></div><div class="spacer battle-history"><br></div><div class="battle-history">The opposing Celebi used <strong>Giga Drain</strong>!<br></div><div class="battle-history"><small>It's not very effective...</small><br></div><div class="battle-history"><small>(Hydreigon lost <abbr title="−61/325">18.8%</abbr> of its health!)</small><br></div><div class="battle-history"><small>Hydreigon had its energy drained!</small><br></div><div class="spacer battle-history"><br></div><div class="battle-history"><small>The opposing Celebi restored a little HP using its Leftovers!</small><br></div><div class="battle-history"><small>The opposing Celebi was hurt by its burn!</small><br></div><div class="spacer battle-history"><br></div><h2 class="battle-history">Turn 15</h2><div class="chat chatmessage-bouff"><strong style="color:hsl(351,64%,44%)"><small>+</small><span class="username" data-name="Bouff">Bouff</span>:</strong> <em>yabo youre a pretty good guy</em></div><div class="chat"><small>hsa joined.</small></div><div class="chat chatmessage-yabo"><strong style="color:hsl(70,62%,31%)"><small>+</small><span class="username" data-name="YABO">YABO</span>:</strong> <em>:]</em></div><div class="spacer battle-history"><br></div><div class="battle-history"><small>(The opposing Celebi is cured by its Natural Cure!)</small><br></div><div class="battle-history">Vinc2612 withdrew Celebi!<br></div><div class="battle-history">Vinc2612 sent out <strong>Sylveon</strong>!<br></div><div class="battle-history"><small>Pointed stones dug into the opposing Sylveon!</small><br></div><div class="spacer battle-history"><br></div><div class="battle-history">Hydreigon, come back!<br></div><div class="battle-history">Go! <strong>Forretress</strong>!<br></div><div class="spacer battle-history"><br></div><div class="battle-history"><small>The opposing Sylveon restored a little HP using its Leftovers!</small><br></div><div class="spacer battle-history"><br></div><h2 class="battle-history">Turn 16</h2><div class="spacer battle-history"><br></div><div class="battle-history">The opposing Sylveon used <strong>Wish</strong>!<br></div><div class="spacer battle-history"><br></div><div class="battle-history">Forretress used <strong>Spikes</strong>!<br></div><div class="battle-history"><small>Spikes were scattered on the ground all around the opposing team!</small><br></div><div class="spacer battle-history"><br></div><div class="battle-history"><small>The opposing Sylveon restored a little HP using its Leftovers!</small><br></div><div class="spacer battle-history"><br></div><h2 class="battle-history">Turn 17</h2><div class="spacer battle-history"><br></div><div class="battle-history">Vinc2612 withdrew Sylveon!<br></div><div class="battle-history">Vinc2612 sent out <strong>Entei</strong>!<br></div><div class="battle-history"><small>The opposing Entei is hurt by the spikes!</small><br></div><div class="battle-history"><small>Pointed stones dug into the opposing Entei!</small><br></div><div class="battle-history"><small>[The opposing Entei's Pressure]</small><br><small>The opposing Entei is exerting its pressure!</small><br></div><div class="spacer battle-history"><br></div><div class="battle-history">Forretress, come back!<br></div><div class="battle-history">Go! <strong>Suicune</strong>!<br></div><div class="battle-history"><small>[Suicune's Pressure]</small><br><small>Suicune is exerting its pressure!</small><br></div><div class="spacer battle-history"><br></div><div class="battle-history"><small>Sylveon's wish came true!</small><br></div><div class="battle-history"><small>Suicune restored a little HP using its Leftovers!</small><br></div><div class="spacer battle-history"><br></div><h2 class="battle-history">Turn 18</h2><div class="spacer battle-history"><br></div><div class="battle-history">The opposing Entei used <strong>Sacred Fire</strong>!<br></div><div class="battle-history"><small>It's not very effective...</small><br></div><div class="battle-history"><small>A critical hit!</small><br></div><div class="battle-history"><small>(Suicune lost <abbr title="−132/403">32.8%</abbr> of its health!)</small><br></div><div class="spacer battle-history"><br></div><div class="battle-history">Suicune used <strong>Scald</strong>!<br></div><div class="battle-history"><small>It's super effective!</small><br></div><div class="battle-history"><small>(The opposing Entei lost <abbr title="−200/371">53.9%</abbr> of its health!)</small><br></div><div class="spacer battle-history"><br></div><div class="battle-history"><small>Suicune restored a little HP using its Leftovers!</small><br></div><div class="spacer battle-history"><br></div><h2 class="battle-history">Turn 19</h2><div class="chat chatmessage-accelgor"><strong style="color:hsl(220,52%,54.04920181066666%)"><small> </small><span class="username" data-name="Accelgor">Accelgor</span>:</strong> <em>yabo's the reason i think of creative stuff while building</em></div><div class="chat chatmessage-accelgor"><strong style="color:hsl(220,52%,54.04920181066666%)"><small> </small><span class="username" data-name="Accelgor">Accelgor</span>:</strong> <em>straight facts</em></div><div class="spacer battle-history"><br></div><div class="battle-history">Vinc2612 withdrew Entei!<br></div><div class="battle-history">Vinc2612 sent out <strong>Celebi</strong>!<br></div><div class="battle-history"><small>Pointed stones dug into the opposing Celebi!</small><br></div><div class="battle-history"><small>The opposing Celebi is hurt by the spikes!</small><br></div><div class="spacer battle-history"><br></div><div class="battle-history">Suicune used <strong>Scald</strong>!<br></div><div class="battle-history"><small>It's not very effective...</small><br></div><div class="battle-history"><small>(The opposing Celebi lost <abbr title="−46/341">13.5%</abbr> of its health!)</small><br></div><div class="battle-history"><small>The opposing Celebi was burned!</small><br></div><div class="spacer battle-history"><br></div><div class="battle-history"><small>The opposing Celebi restored a little HP using its Leftovers!</small><br></div><div class="battle-history"><small>Suicune restored a little HP using its Leftovers!</small><br></div><div class="battle-history"><small>The opposing Celebi was hurt by its burn!</small><br></div><div class="spacer battle-history"><br></div><h2 class="battle-history">Turn 20</h2><div class="chat chatmessage-amaroq"><strong style="color:hsl(4,60%,46.329922793177595%)"><small>+</small><span class="username" data-name="Amaroq">Amaroq</span>:</strong> <em>YABO's fat</em></div><div class="chat chatmessage-amaroq"><strong style="color:hsl(4,60%,46.329922793177595%)"><small>+</small><span class="username" data-name="Amaroq">Amaroq</span>:</strong> <em>but his teams are fire</em></div><div class="chat"><small>ict joined.</small></div><div class="chat chatmessage-yabo"><strong style="color:hsl(70,62%,31%)"><small>+</small><span class="username" data-name="YABO">YABO</span>:</strong> <em>thanks accel</em></div><div class="chat chatmessage-yabo"><strong style="color:hsl(70,62%,31%)"><small>+</small><span class="username" data-name="YABO">YABO</span>:</strong> <em>kinda thanks ama</em></div><div class="chat chatmessage-meru"><strong style="color:hsl(175,64%,42.17522184961365%)"><small>☆</small><span class="username" data-name="Meru">Meru</span>:</strong> <em>ok</em></div><div class="chat chatmessage-meru"><strong style="color:hsl(175,64%,42.17522184961365%)"><small>☆</small><span class="username" data-name="Meru">Meru</span>:</strong> <em>cool</em></div><div class="spacer battle-history"><br></div><div class="battle-history">Suicune, come back!<br></div><div class="battle-history">Go! <strong>Hydreigon</strong>!<br></div><div class="spacer battle-history"><br></div><div class="battle-history">The opposing Celebi used <strong>Giga Drain</strong>!<br></div><div class="battle-history"><small>It's not very effective...</small><br></div><div class="battle-history"><small>(Hydreigon lost <abbr title="−66/325">20.3%</abbr> of its health!)</small><br></div><div class="battle-history"><small>Hydreigon had its energy drained!</small><br></div><div class="spacer battle-history"><br></div><div class="battle-history"><small>The opposing Celebi restored a little HP using its Leftovers!</small><br></div><div class="battle-history"><small>The opposing Celebi was hurt by its burn!</small><br></div><div class="spacer battle-history"><br></div><h2 class="battle-history">Turn 21</h2><div class="spacer battle-history"><br></div><div class="battle-history"><small>(The opposing Celebi is cured by its Natural Cure!)</small><br></div><div class="battle-history">Vinc2612 withdrew Celebi!<br></div><div class="battle-history">Vinc2612 sent out <strong>Forretress</strong>!<br></div><div class="battle-history"><small>Pointed stones dug into the opposing Forretress!</small><br></div><div class="battle-history"><small>The opposing Forretress is hurt by the spikes!</small><br></div><div class="spacer battle-history"><br></div><div class="battle-history">Hydreigon, come back!<br></div><div class="battle-history">Go! <strong>Sylveon</strong>!<br></div><div class="spacer battle-history"><br></div><div class="battle-history"><small>The opposing Forretress restored a little HP using its Leftovers!</small><br></div><div class="spacer battle-history"><br></div><h2 class="battle-history">Turn 22</h2><div class="spacer battle-history"><br></div><div class="battle-history">Sylveon, come back!<br></div><div class="battle-history">Go! Swampert (<strong>Swampert-Mega</strong>)!<br></div><div class="spacer battle-history"><br></div><div class="battle-history">The opposing Forretress used <strong>Rapid Spin</strong>!<br></div><div class="battle-history"><small>(Swampert lost <abbr title="−11/359">3.1%</abbr> of its health!)</small><br></div><div class="battle-history"><small>The spikes disappeared from the ground around the opposing team!</small><br></div><div class="battle-history"><small>The pointed stones disappeared from around the opposing team!</small><br></div><div class="spacer battle-history"><br></div><div class="battle-history"><small>The opposing Forretress restored a little HP using its Leftovers!</small><br></div><div class="spacer battle-history"><br></div><h2 class="battle-history">Turn 23</h2><div class="spacer battle-history"><br></div><div class="battle-history">Swampert used <strong>Rain Dance</strong>!<br></div><div class="battle-history"><small>It started to rain!</small><br></div><div class="spacer battle-history"><br></div><div class="battle-history">The opposing Forretress used <strong>Toxic</strong>!<br></div><div class="battle-history"><small>Swampert was badly poisoned!</small><br></div><div class="spacer battle-history"><br></div><div class="battle-history"><small>(Rain continues to fall!)</small><br></div><div class="battle-history"><small>The opposing Forretress restored a little HP using its Leftovers!</small><br></div><div class="battle-history"><small>Swampert was hurt by poison!</small><br></div><div class="spacer battle-history"><br></div><h2 class="battle-history">Turn 24</h2><div class="chat"><small>papai noel joined.</small></div><div class="spacer battle-history"><br></div><div class="battle-history">Swampert used <strong>Waterfall</strong>!<br></div><div class="battle-history"><small>(The opposing Forretress lost <abbr title="−163/354">46.0%</abbr> of its health!)</small><br></div><div class="spacer battle-history"><br></div><div class="battle-history">The opposing Forretress used <strong>Rapid Spin</strong>!<br></div><div class="battle-history"><small>A critical hit!</small><br></div><div class="battle-history"><small>(Swampert lost <abbr title="−15/359">4.2%</abbr> of its health!)</small><br></div><div class="spacer battle-history"><br></div><div class="battle-history"><small>(Rain continues to fall!)</small><br></div><div class="battle-history"><small>The opposing Forretress restored a little HP using its Leftovers!</small><br></div><div class="battle-history"><small>Swampert was hurt by poison!</small><br></div><div class="spacer battle-history"><br></div><h2 class="battle-history">Turn 25</h2><div class="spacer battle-history"><br></div><div class="battle-history">Vinc2612 withdrew Forretress!<br></div><div class="battle-history">Vinc2612 sent out <strong>Hydreigon</strong>!<br></div><div class="spacer battle-history"><br></div><div class="battle-history">Swampert used <strong>Stealth Rock</strong>!<br></div><div class="battle-history"><small>Pointed stones float in the air around the opposing team!</small><br></div><div class="spacer battle-history"><br></div><div class="battle-history"><small>(Rain continues to fall!)</small><br></div><div class="battle-history"><small>Swampert was hurt by poison!</small><br></div><div class="spacer battle-history"><br></div><h2 class="battle-history">Turn 26</h2><div class="spacer battle-history"><br></div><div class="battle-history">Swampert, come back!<br></div><div class="battle-history">Go! <strong>Suicune</strong>!<br></div><div class="battle-history"><small>[Suicune's Pressure]</small><br><small>Suicune is exerting its pressure!</small><br></div><div class="spacer battle-history"><br></div><div class="battle-history">The opposing Hydreigon used <strong>U-turn</strong>!<br></div><div class="battle-history"><small>(Suicune lost <abbr title="−33/403">8.2%</abbr> of its health!)</small><br></div><div class="spacer battle-history"><br></div><div class="battle-history">The opposing Hydreigon went back to Vinc2612!<br></div><div class="battle-history">Vinc2612 sent out <strong>Celebi</strong>!<br></div><div class="battle-history"><small>Pointed stones dug into the opposing Celebi!</small><br></div><div class="spacer battle-history"><br></div><div class="battle-history"><small>(Rain continues to fall!)</small><br></div><div class="battle-history"><small>The opposing Celebi restored a little HP using its Leftovers!</small><br></div><div class="battle-history"><small>Suicune restored a little HP using its Leftovers!</small><br></div><div class="spacer battle-history"><br></div><h2 class="battle-history">Turn 27</h2><div class="chat"><small>eagleheart joined.</small></div><div class="chat"><small>roided out manlet joined.</small></div><div class="chat"><small>papai noel left.</small></div><div class="chat"><small>eagleheart left.</small></div><div class="spacer battle-history"><br></div><div class="battle-history">Suicune, come back!<br></div><div class="battle-history">Go! <strong>Hydreigon</strong>!<br></div><div class="spacer battle-history"><br></div><div class="battle-history">The opposing Celebi used <strong>Giga Drain</strong>!<br></div><div class="battle-history"><small>It's not very effective...</small><br></div><div class="battle-history"><small>(Hydreigon lost <abbr title="−60/325">18.5%</abbr> of its health!)</small><br></div><div class="battle-history"><small>Hydreigon had its energy drained!</small><br></div><div class="spacer battle-history"><br></div><div class="battle-history"><small>The rain stopped.</small><br></div><div class="battle-history"><small>The opposing Celebi restored a little HP using its Leftovers!</small><br></div><div class="spacer battle-history"><br></div><h2 class="battle-history">Turn 28</h2><div class="spacer battle-history"><br></div><div class="battle-history">Vinc2612 withdrew Celebi!<br></div><div class="battle-history">Vinc2612 sent out <strong>Sylveon</strong>!<br></div><div class="battle-history"><small>Pointed stones dug into the opposing Sylveon!</small><br></div><div class="spacer battle-history"><br></div><div class="battle-history">Hydreigon used <strong>Roost</strong>!<br></div><div class="battle-history"><small>Hydreigon restored its HP.</small><br></div><div class="spacer battle-history"><br></div><div class="battle-history"><small>The opposing Sylveon restored a little HP using its Leftovers!</small><br></div><div class="spacer battle-history"><br></div><h2 class="battle-history">Turn 29</h2><div class="spacer battle-history"><br></div><div class="battle-history">Hydreigon used <strong>Flash Cannon</strong>!<br></div><div class="battle-history"><small>It's super effective!</small><br></div><div class="battle-history"><small>(The opposing Sylveon lost <abbr title="−190/394">48.2%</abbr> of its health!)</small><br></div><div class="battle-history"><small>Hydreigon lost some of its HP!</small><br></div><div class="spacer battle-history"><br></div><div class="battle-history">The opposing Sylveon used <strong>Wish</strong>!<br></div><div class="spacer battle-history"><br></div><div class="battle-history"><small>The opposing Sylveon restored a little HP using its Leftovers!</small><br></div><div class="spacer battle-history"><br></div><h2 class="battle-history">Turn 30</h2><div class="spacer battle-history"><br></div><div class="battle-history">Hydreigon, come back!<br></div><div class="battle-history">Go! <strong>Crobat</strong>!<br></div><div class="spacer battle-history"><br></div><div class="battle-history">The opposing Sylveon used <strong>Protect</strong>!<br></div><div class="battle-history"><small>But it failed!</small><br></div><div class="spacer battle-history"><br></div><div class="battle-history"><small>Sylveon's wish came true!</small><br></div><div class="battle-history"><small>The opposing Sylveon restored a little HP using its Leftovers!</small><br></div><div class="spacer battle-history"><br></div><h2 class="battle-history">Turn 31</h2><div class="chat"><small>papai noel joined.</small></div><div class="spacer battle-history"><br></div><div class="battle-history">Crobat used <strong>Brave Bird</strong>!<br></div><div class="battle-history"><small>(The opposing Sylveon lost <abbr title="−193/394">49.0%</abbr> of its health!)</small><br></div><div class="battle-history"><small>Crobat is damaged by the recoil!</small><br></div><div class="spacer battle-history"><br></div><div class="battle-history">The opposing Sylveon used <strong>Wish</strong>!<br></div><div class="spacer battle-history"><br></div><div class="battle-history"><small>The opposing Sylveon restored a little HP using its Leftovers!</small><br></div><div class="spacer battle-history"><br></div><h2 class="battle-history">Turn 32</h2><div class="spacer battle-history"><br></div><div class="battle-history">The opposing Sylveon used <strong>Protect</strong>!<br></div><div class="battle-history"><small>The opposing Sylveon protected itself!</small><br></div><div class="spacer battle-history"><br></div><div class="battle-history">Crobat used <strong>Roost</strong>!<br></div><div class="battle-history"><small>Crobat restored its HP.</small><br></div><div class="spacer battle-history"><br></div><div class="battle-history"><small>Sylveon's wish came true!</small><br></div><div class="battle-history"><small>The opposing Sylveon restored a little HP using its Leftovers!</small><br></div><div class="spacer battle-history"><br></div><h2 class="battle-history">Turn 33</h2><div class="spacer battle-history"><br></div><div class="battle-history">Crobat used <strong>Brave Bird</strong>!<br></div><div class="battle-history"><small>(The opposing Sylveon lost <abbr title="−199/394">50.5%</abbr> of its health!)</small><br></div><div class="battle-history"><small>Crobat is damaged by the recoil!</small><br></div><div class="spacer battle-history"><br></div><div class="battle-history">The opposing Sylveon used <strong>Wish</strong>!<br></div><div class="spacer battle-history"><br></div><div class="battle-history"><small>The opposing Sylveon restored a little HP using its Leftovers!</small><br></div><div class="spacer battle-history"><br></div><h2 class="battle-history">Turn 34</h2><div class="spacer battle-history"><br></div><div class="battle-history">The opposing Sylveon used <strong>Protect</strong>!<br></div><div class="battle-history"><small>The opposing Sylveon protected itself!</small><br></div><div class="spacer battle-history"><br></div><div class="battle-history">Crobat used <strong>Brave Bird</strong>!<br></div><div class="battle-history"><small>The opposing Sylveon protected itself!</small><br></div><div class="spacer battle-history"><br></div><div class="battle-history"><small>Sylveon's wish came true!</small><br></div><div class="battle-history"><small>The opposing Sylveon restored a little HP using its Leftovers!</small><br></div><div class="spacer battle-history"><br></div><h2 class="battle-history">Turn 35</h2><div class="spacer battle-history"><br></div><div class="battle-history">Vinc2612 withdrew Sylveon!<br></div><div class="battle-history">Vinc2612 sent out <strong>Hydreigon</strong>!<br></div><div class="battle-history"><small>Pointed stones dug into the opposing Hydreigon!</small><br></div><div class="spacer battle-history"><br></div><div class="battle-history">Crobat used <strong>Taunt</strong>!<br></div><div class="battle-history"><small>The opposing Hydreigon fell for the taunt!</small><br></div><div class="spacer battle-history"><br></div><h2 class="battle-history">Turn 36</h2><div class="spacer battle-history"><br></div><div class="battle-history">Crobat, come back!<br></div><div class="battle-history">Go! <strong>Sylveon</strong>!<br></div><div class="spacer battle-history"><br></div><div class="battle-history">The opposing Hydreigon used <strong>U-turn</strong>!<br></div><div class="battle-history"><small>It's not very effective...</small><br></div><div class="battle-history"><small>(Sylveon lost <abbr title="−24/393">6.1%</abbr> of its health!)</small><br></div><div class="spacer battle-history"><br></div><div class="battle-history">The opposing Hydreigon went back to Vinc2612!<br></div><div class="battle-history">Vinc2612 sent out <strong>Forretress</strong>!<br></div><div class="battle-history"><small>Pointed stones dug into the opposing Forretress!</small><br></div><div class="spacer battle-history"><br></div><div class="battle-history"><small>Sylveon restored a little HP using its Leftovers!</small><br></div><div class="battle-history"><small>The opposing Forretress restored a little HP using its Leftovers!</small><br></div><div class="spacer battle-history"><br></div><h2 class="battle-history">Turn 37</h2><div class="spacer battle-history"><br></div><div class="battle-history">Sylveon used <strong>Hyper Voice</strong>!<br></div><div class="battle-history"><small>It's not very effective...</small><br></div><div class="battle-history"><small>(The opposing Forretress lost <abbr title="−84/354">23.7%</abbr> of its health!)</small><br></div><div class="spacer battle-history"><br></div><div class="battle-history">The opposing Forretress used <strong>Rapid Spin</strong>!<br></div><div class="battle-history"><small>(Sylveon lost <abbr title="−11/393">2.8%</abbr> of its health!)</small><br></div><div class="battle-history"><small>The pointed stones disappeared from around the opposing team!</small><br></div><div class="spacer battle-history"><br></div><div class="battle-history"><small>Sylveon restored a little HP using its Leftovers!</small><br></div><div class="battle-history"><small>The opposing Forretress restored a little HP using its Leftovers!</small><br></div><div class="spacer battle-history"><br></div><h2 class="battle-history">Turn 38</h2><div class="spacer battle-history"><br></div><div class="battle-history">Sylveon used <strong>Hyper Voice</strong>!<br></div><div class="battle-history"><small>It's not very effective...</small><br></div><div class="battle-history"><small>A critical hit!</small><br></div><div class="battle-history"><small>(The opposing Forretress lost <abbr title="−107/354">30.2%</abbr> of its health!)</small><br></div><div class="spacer battle-history"><br></div><div class="battle-history">The opposing Forretress fainted!<br></div><div class="chat chatmessage-kinguu"><strong style="color:hsl(171,80%,35%)"><small>+</small><span class="username" data-name="King♥UU">King♥UU</span>:</strong> <em>only way.</em></div><div class="spacer battle-history"><br></div><div class="battle-history">Vinc2612 sent out <strong>Entei</strong>!<br></div><div class="battle-history"><small>[The opposing Entei's Pressure]</small><br><small>The opposing Entei is exerting its pressure!</small><br></div><div class="spacer battle-history"><br></div><h2 class="battle-history">Turn 39</h2><div class="chat chatmessage-meru"><strong style="color:hsl(175,64%,42.17522184961365%)"><small>☆</small><span class="username" data-name="Meru">Meru</span>:</strong> <em>ok</em></div><div class="chat chatmessage-meru"><strong style="color:hsl(175,64%,42.17522184961365%)"><small>☆</small><span class="username" data-name="Meru">Meru</span>:</strong> <em>this gonna get</em></div><div class="chat chatmessage-meru"><strong style="color:hsl(175,64%,42.17522184961365%)"><small>☆</small><span class="username" data-name="Meru">Meru</span>:</strong> <em>way easier</em></div><div class="spacer battle-history"><br></div><div class="battle-history">Sylveon used <strong>Protect</strong>!<br></div><div class="battle-history"><small>Sylveon protected itself!</small><br></div><div class="spacer battle-history"><br></div><div class="battle-history">The opposing Entei used <strong>Sacred Fire</strong>!<br></div><div class="battle-history"><small>Sylveon protected itself!</small><br></div><div class="spacer battle-history"><br></div><h2 class="battle-history">Turn 40</h2><div class="spacer battle-history"><br></div><div class="battle-history">Sylveon, come back!<br></div><div class="battle-history">Go! <strong>Suicune</strong>!<br></div><div class="battle-history"><small>[Suicune's Pressure]</small><br><small>Suicune is exerting its pressure!</small><br></div><div class="spacer battle-history"><br></div><div class="battle-history">The opposing Entei used <strong>Sacred Fire</strong>!<br></div><div class="battle-history"><small>It's not very effective...</small><br></div><div class="battle-history"><small>(Suicune lost <abbr title="−92/403">22.8%</abbr> of its health!)</small><br></div><div class="spacer battle-history"><br></div><div class="battle-history"><small>Suicune restored a little HP using its Leftovers!</small><br></div><div class="spacer battle-history"><br></div><h2 class="battle-history">Turn 41</h2><div class="spacer battle-history"><br></div><div class="battle-history">Vinc2612 withdrew Entei!<br></div><div class="battle-history">Vinc2612 sent out <strong>Celebi</strong>!<br></div><div class="spacer battle-history"><br></div><div class="battle-history">Suicune used <strong>Scald</strong>!<br></div><div class="battle-history"><small>It's not very effective...</small><br></div><div class="battle-history"><small>(The opposing Celebi lost <abbr title="−42/341">12.3%</abbr> of its health!)</small><br></div><div class="spacer battle-history"><br></div><div class="battle-history"><small>The opposing Celebi restored a little HP using its Leftovers!</small><br></div><div class="battle-history"><small>Suicune restored a little HP using its Leftovers!</small><br></div><div class="spacer battle-history"><br></div><h2 class="battle-history">Turn 42</h2><div class="spacer battle-history"><br></div><div class="battle-history">Vinc2612 withdrew Celebi!<br></div><div class="battle-history">Vinc2612 sent out <strong>Hydreigon</strong>!<br></div><div class="spacer battle-history"><br></div><div class="battle-history">Suicune, come back!<br></div><div class="battle-history">Go! <strong>Forretress</strong>!<br></div><div class="spacer battle-history"><br></div><h2 class="battle-history">Turn 43</h2><div class="spacer battle-history"><br></div><div class="battle-history">The opposing Hydreigon used <strong>Fire Blast</strong>!<br></div><div class="battle-history"><small>It's super effective!</small><br></div><div class="battle-history"><small>(Forretress lost <abbr title="−353/353">100%</abbr> of its health!)</small><br></div><div class="spacer battle-history"><br></div><div class="battle-history">Forretress fainted!<br></div><div class="chat chatmessage-meru"><strong style="color:hsl(175,64%,42.17522184961365%)"><small>☆</small><span class="username" data-name="Meru">Meru</span>:</strong> <em>omfg</em></div><div class="spacer battle-history"><br></div><div class="battle-history">Go! Swampert (<strong>Swampert-Mega</strong>)!<br></div><div class="spacer battle-history"><br></div><h2 class="battle-history">Turn 44</h2><div class="chat chatmessage-bouff"><strong style="color:hsl(351,64%,44%)"><small>+</small><span class="username" data-name="Bouff">Bouff</span>:</strong> <em>,</em></div><div class="spacer battle-history"><br></div><div class="battle-history">Vinc2612 withdrew Hydreigon!<br></div><div class="battle-history">Vinc2612 sent out <strong>Celebi</strong>!<br></div><div class="spacer battle-history"><br></div><div class="battle-history">Swampert used <strong>Stealth Rock</strong>!<br></div><div class="battle-history"><small>Pointed stones float in the air around the opposing team!</small><br></div><div class="spacer battle-history"><br></div><div class="battle-history"><small>The opposing Celebi restored a little HP using its Leftovers!</small><br></div><div class="battle-history"><small>Swampert was hurt by poison!</small><br></div><div class="spacer battle-history"><br></div><h2 class="battle-history">Turn 45</h2><div class="spacer battle-history"><br></div><div class="battle-history">Swampert, come back!<br></div><div class="battle-history">Go! <strong>Hydreigon</strong>!<br></div><div class="spacer battle-history"><br></div><div class="battle-history">The opposing Celebi used <strong>Giga Drain</strong>!<br></div><div class="battle-history"><small>It's not very effective...</small><br></div><div class="battle-history"><small>(Hydreigon lost <abbr title="−61/325">18.8%</abbr> of its health!)</small><br></div><div class="battle-history"><small>Hydreigon had its energy drained!</small><br></div><div class="spacer battle-history"><br></div><div class="battle-history"><small>The opposing Celebi restored a little HP using its Leftovers!</small><br></div><div class="spacer battle-history"><br></div><h2 class="battle-history">Turn 46</h2><div class="chat chatmessage-roidedoutmanlet"><strong style="color:hsl(19,64%,45.99622458657147%)"><small> </small><span class="username" data-name="roided out manlet">roided out manlet</span>:</strong> <em>nice traps</em></div><div class="chat chatmessage-meru"><strong style="color:hsl(175,64%,42.17522184961365%)"><small>☆</small><span class="username" data-name="Meru">Meru</span>:</strong> <em>forgot it runs that</em></div><div class="chat chatmessage-meru"><strong style="color:hsl(175,64%,42.17522184961365%)"><small>☆</small><span class="username" data-name="Meru">Meru</span>:</strong> <em>fsr</em></div><div class="spacer battle-history"><br></div><div class="battle-history">Vinc2612 withdrew Celebi!<br></div><div class="battle-history">Vinc2612 sent out <strong>Sylveon</strong>!<br></div><div class="battle-history"><small>Pointed stones dug into the opposing Sylveon!</small><br></div><div class="spacer battle-history"><br></div><div class="battle-history">Hydreigon used <strong>Dark Pulse</strong>!<br></div><div class="battle-history"><small>It's not very effective...</small><br></div><div class="battle-history"><small>(The opposing Sylveon lost <abbr title="−70/394">17.8%</abbr> of its health!)</small><br></div><div class="battle-history"><small>Hydreigon lost some of its HP!</small><br></div><div class="spacer battle-history"><br></div><div class="battle-history"><small>The opposing Sylveon restored a little HP using its Leftovers!</small><br></div><div class="spacer battle-history"><br></div><h2 class="battle-history">Turn 47</h2><div class="spacer battle-history"><br></div><div class="battle-history">Hydreigon, come back!<br></div><div class="battle-history">Go! <strong>Crobat</strong>!<br></div><div class="spacer battle-history"><br></div><div class="battle-history">The opposing Sylveon used <strong>Hyper Voice</strong>!<br></div><div class="battle-history"><small>It's not very effective...</small><br></div><div class="battle-history"><small>(Crobat lost <abbr title="−97/315">30.8%</abbr> of its health!)</small><br></div><div class="spacer battle-history"><br></div><div class="battle-history"><small>The opposing Sylveon restored a little HP using its Leftovers!</small><br></div><div class="spacer battle-history"><br></div><h2 class="battle-history">Turn 48</h2><div class="chat"><small>Sam joined.</small></div><div class="spacer battle-history"><br></div><div class="battle-history">Crobat used <strong>Roost</strong>!<br></div><div class="battle-history"><small>Crobat restored its HP.</small><br></div><div class="spacer battle-history"><br></div><div class="battle-history">The opposing Sylveon used <strong>Wish</strong>!<br></div><div class="spacer battle-history"><br></div><div class="battle-history"><small>The opposing Sylveon restored a little HP using its Leftovers!</small><br></div><div class="spacer battle-history"><br></div><h2 class="battle-history">Turn 49</h2><div class="spacer battle-history"><br></div><div class="battle-history">Vinc2612 withdrew Sylveon!<br></div><div class="battle-history">Vinc2612 sent out <strong>Swampert</strong>!<br></div><div class="battle-history"><small>Pointed stones dug into the opposing Swampert!</small><br></div><div class="spacer battle-history"><br></div><div class="battle-history">Crobat used <strong>Taunt</strong>!<br></div><div class="battle-history"><small>The opposing Swampert fell for the taunt!</small><br></div><div class="spacer battle-history"><br></div><div class="battle-history"><small>Sylveon's wish came true!</small><br></div><div class="spacer battle-history"><br></div><h2 class="battle-history">Turn 50</h2><div class="spacer battle-history"><br></div><div class="battle-history"><small>The opposing Swampert's Swampertite is reacting to Vinc2612's Mega Bracelet!</small><br>The opposing Swampert has Mega Evolved into Mega Swampert!<br></div><div class="spacer battle-history"><br></div><div class="battle-history">Crobat used <strong>U-turn</strong>!<br></div><div class="battle-history"><small>(The opposing Swampert lost <abbr title="−57/361">15.8%</abbr> of its health!)</small><br></div><div class="spacer battle-history"><br></div><div class="battle-history">Crobat went back to Meru!<br></div><div class="battle-history">Go! <strong>Suicune</strong>!<br></div><div class="battle-history"><small>[Suicune's Pressure]</small><br><small>Suicune is exerting its pressure!</small><br></div><div class="spacer battle-history"><br></div><div class="battle-history">The opposing Swampert used <strong>Ice Punch</strong>!<br></div><div class="battle-history"><small>It's not very effective...</small><br></div><div class="battle-history"><small>(Suicune lost <abbr title="−39/403">9.7%</abbr> of its health!)</small><br></div><div class="spacer battle-history"><br></div><div class="battle-history"><small>Suicune restored a little HP using its Leftovers!</small><br></div><div class="spacer battle-history"><br></div><h2 class="battle-history">Turn 51</h2><div class="spacer battle-history"><br></div><div class="battle-history">Vinc2612 withdrew Swampert!<br></div><div class="battle-history">Vinc2612 sent out <strong>Celebi</strong>!<br></div><div class="battle-history"><small>Pointed stones dug into the opposing Celebi!</small><br></div><div class="spacer battle-history"><br></div><div class="battle-history">Suicune used <strong>Scald</strong>!<br></div><div class="battle-history"><small>It's not very effective...</small><br></div><div class="battle-history"><small>(The opposing Celebi lost <abbr title="−42/341">12.3%</abbr> of its health!)</small><br></div><div class="spacer battle-history"><br></div><div class="battle-history"><small>The opposing Celebi restored a little HP using its Leftovers!</small><br></div><div class="battle-history"><small>Suicune restored a little HP using its Leftovers!</small><br></div><div class="spacer battle-history"><br></div><h2 class="battle-history">Turn 52</h2><div class="chat"><small>rutriu joined.</small></div><div class="chat"><small>rutriu left.</small></div><div class="spacer battle-history"><br></div><div class="battle-history">Vinc2612 withdrew Celebi!<br></div><div class="battle-history">Vinc2612 sent out <strong>Sylveon</strong>!<br></div><div class="battle-history"><small>Pointed stones dug into the opposing Sylveon!</small><br></div><div class="spacer battle-history"><br></div><div class="battle-history">Suicune, come back!<br></div><div class="battle-history">Go! <strong>Hydreigon</strong>!<br></div><div class="spacer battle-history"><br></div><div class="battle-history"><small>The opposing Sylveon restored a little HP using its Leftovers!</small><br></div><div class="spacer battle-history"><br></div><h2 class="battle-history">Turn 53</h2><div class="spacer battle-history"><br></div><div class="battle-history">Hydreigon, come back!<br></div><div class="battle-history">Go! <strong>Crobat</strong>!<br></div><div class="spacer battle-history"><br></div><div class="battle-history">The opposing Sylveon used <strong>Wish</strong>!<br></div><div class="spacer battle-history"><br></div><div class="battle-history"><small>The opposing Sylveon restored a little HP using its Leftovers!</small><br></div><div class="spacer battle-history"><br></div><h2 class="battle-history">Turn 54</h2><div class="spacer battle-history"><br></div><div class="battle-history">Vinc2612 withdrew Sylveon!<br></div><div class="battle-history">Vinc2612 sent out Swampert (<strong>Swampert-Mega</strong>)!<br></div><div class="battle-history"><small>Pointed stones dug into the opposing Swampert!</small><br></div><div class="spacer battle-history"><br></div><div class="battle-history">Crobat used <strong>U-turn</strong>!<br></div><div class="battle-history"><small>A critical hit!</small><br></div><div class="battle-history"><small>(The opposing Swampert lost <abbr title="−92/361">25.5%</abbr> of its health!)</small><br></div><div class="spacer battle-history"><br></div><div class="battle-history">Crobat went back to Meru!<br></div><div class="battle-history">Go! <strong>Suicune</strong>!<br></div><div class="battle-history"><small>[Suicune's Pressure]</small><br><small>Suicune is exerting its pressure!</small><br></div><div class="spacer battle-history"><br></div><div class="battle-history"><small>Sylveon's wish came true!</small><br></div><div class="battle-history"><small>Suicune restored a little HP using its Leftovers!</small><br></div><div class="spacer battle-history"><br></div><h2 class="battle-history">Turn 55</h2><div class="spacer battle-history"><br></div><div class="battle-history">Vinc2612 withdrew Swampert!<br></div><div class="battle-history">Vinc2612 sent out <strong>Sylveon</strong>!<br></div><div class="battle-history"><small>Pointed stones dug into the opposing Sylveon!</small><br></div><div class="spacer battle-history"><br></div><div class="battle-history">Suicune used <strong>Scald</strong>!<br></div><div class="battle-history"><small>(The opposing Sylveon lost <abbr title="−73/394">18.5%</abbr> of its health!)</small><br></div><div class="spacer battle-history"><br></div><div class="battle-history"><small>Suicune restored a little HP using its Leftovers!</small><br></div><div class="battle-history"><small>The opposing Sylveon restored a little HP using its Leftovers!</small><br></div><div class="spacer battle-history"><br></div><h2 class="battle-history">Turn 56</h2><div class="spacer battle-history"><br></div><div class="battle-history">Suicune used <strong>Calm Mind</strong>!<br></div><div class="battle-history"><small>Suicune's Special Attack rose!</small><br></div><div class="battle-history"><small>Suicune's Special Defense rose!</small><br></div><div class="spacer battle-history"><br></div><div class="battle-history">The opposing Sylveon used <strong>Hyper Voice</strong>!<br></div><div class="battle-history"><small>(Suicune lost <abbr title="−90/403">22.3%</abbr> of its health!)</small><br></div><div class="spacer battle-history"><br></div><div class="battle-history"><small>Suicune restored a little HP using its Leftovers!</small><br></div><div class="battle-history"><small>The opposing Sylveon restored a little HP using its Leftovers!</small><br></div><div class="spacer battle-history"><br></div><h2 class="battle-history">Turn 57</h2><div class="spacer battle-history"><br></div><div class="battle-history">Suicune used <strong>Scald</strong>!<br></div><div class="battle-history"><small>(The opposing Sylveon lost <abbr title="−102/394">25.9%</abbr> of its health!)</small><br></div><div class="battle-history"><small>The opposing Sylveon was burned!</small><br></div><div class="spacer battle-history"><br></div><div class="battle-history">The opposing Sylveon used <strong>Hyper Voice</strong>!<br></div><div class="battle-history"><small>(Suicune lost <abbr title="−87/403">21.6%</abbr> of its health!)</small><br></div><div class="spacer battle-history"><br></div><div class="battle-history"><small>Suicune restored a little HP using its Leftovers!</small><br></div><div class="battle-history"><small>The opposing Sylveon restored a little HP using its Leftovers!</small><br></div><div class="battle-history"><small>The opposing Sylveon was hurt by its burn!</small><br></div><div class="spacer battle-history"><br></div><h2 class="battle-history">Turn 58</h2><div class="spacer battle-history"><br></div><div class="battle-history">Suicune used <strong>Scald</strong>!<br></div><div class="battle-history"><small>(The opposing Sylveon lost <abbr title="−94/394">23.9%</abbr> of its health!)</small><br></div><div class="spacer battle-history"><br></div><div class="battle-history">The opposing Sylveon used <strong>Hyper Voice</strong>!<br></div><div class="battle-history"><small>(Suicune lost <abbr title="−94/403">23.3%</abbr> of its health!)</small><br></div><div class="spacer battle-history"><br></div><div class="battle-history"><small>Suicune restored a little HP using its Leftovers!</small><br></div><div class="battle-history"><small>The opposing Sylveon restored a little HP using its Leftovers!</small><br></div><div class="battle-history"><small>The opposing Sylveon was hurt by its burn!</small><br></div><div class="spacer battle-history"><br></div><h2 class="battle-history">Turn 59</h2><div class="spacer battle-history"><br></div><div class="battle-history">Suicune used <strong>Scald</strong>!<br></div><div class="battle-history"><small>(The opposing Sylveon lost <abbr title="−25/394">6.3%</abbr> of its health!)</small><br></div><div class="spacer battle-history"><br></div><div class="battle-history">The opposing Sylveon fainted!<br></div><div class="spacer battle-history"><br></div><div class="battle-history"><small>Suicune restored a little HP using its Leftovers!</small><br></div><div class="spacer battle-history"><br></div><div class="battle-history">Vinc2612 sent out <strong>Celebi</strong>!<br></div><div class="battle-history"><small>Pointed stones dug into the opposing Celebi!</small><br></div><div class="spacer battle-history"><br></div><h2 class="battle-history">Turn 60</h2><div class="spacer battle-history"><br></div><div class="battle-history">Suicune, come back!<br></div><div class="battle-history">Go! <strong>Hydreigon</strong>!<br></div><div class="spacer battle-history"><br></div><div class="battle-history">The opposing Celebi used <strong>Giga Drain</strong>!<br></div><div class="battle-history"><small>It's not very effective...</small><br></div><div class="battle-history"><small>(Hydreigon lost <abbr title="−58/325">17.8%</abbr> of its health!)</small><br></div><div class="battle-history"><small>Hydreigon had its energy drained!</small><br></div><div class="spacer battle-history"><br></div><div class="battle-history"><small>The opposing Celebi restored a little HP using its Leftovers!</small><br></div><div class="spacer battle-history"><br></div><h2 class="battle-history">Turn 61</h2><div class="spacer battle-history"><br></div><div class="battle-history">Vinc2612 withdrew Celebi!<br></div><div class="battle-history">Vinc2612 sent out <strong>Hydreigon</strong>!<br></div><div class="battle-history"><small>Pointed stones dug into the opposing Hydreigon!</small><br></div><div class="spacer battle-history"><br></div><div class="battle-history">Hydreigon used <strong>Roost</strong>!<br></div><div class="battle-history"><small>Hydreigon restored its HP.</small><br></div><div class="spacer battle-history"><br></div><h2 class="battle-history">Turn 62</h2><div class="spacer battle-history"><br></div><div class="battle-history">Hydreigon, come back!<br></div><div class="battle-history">Go! Swampert (<strong>Swampert-Mega</strong>)!<br></div><div class="spacer battle-history"><br></div><div class="battle-history">The opposing Hydreigon used <strong>U-turn</strong>!<br></div><div class="battle-history"><small>A critical hit!</small><br></div><div class="battle-history"><small>(Swampert lost <abbr title="−75/359">20.9%</abbr> of its health!)</small><br></div><div class="chat"><small>Pak joined.</small></div><div class="spacer battle-history"><br></div><div class="battle-history">The opposing Hydreigon went back to Vinc2612!<br></div><div class="battle-history">Vinc2612 sent out <strong>Celebi</strong>!<br></div><div class="battle-history"><small>Pointed stones dug into the opposing Celebi!</small><br></div><div class="spacer battle-history"><br></div><div class="battle-history"><small>The opposing Celebi restored a little HP using its Leftovers!</small><br></div><div class="battle-history"><small>Swampert was hurt by poison!</small><br></div><div class="spacer battle-history"><br></div><h2 class="battle-history">Turn 63</h2><div class="chat"><small>Pearl ❤ joined.</small></div><div class="spacer battle-history"><br></div><div class="battle-history">Swampert, come back!<br></div><div class="battle-history">Go! <strong>Hydreigon</strong>!<br></div><div class="spacer battle-history"><br></div><div class="battle-history">The opposing Celebi used <strong>Giga Drain</strong>!<br></div><div class="battle-history"><small>It's not very effective...</small><br></div><div class="battle-history"><small>(Hydreigon lost <abbr title="−64/325">19.7%</abbr> of its health!)</small><br></div><div class="battle-history"><small>Hydreigon had its energy drained!</small><br></div><div class="spacer battle-history"><br></div><div class="battle-history"><small>The opposing Celebi restored a little HP using its Leftovers!</small><br></div><div class="spacer battle-history"><br></div><h2 class="battle-history">Turn 64</h2><div class="chat"><small>Pak left.</small></div><div class="spacer battle-history"><br></div><div class="battle-history">Vinc2612 withdrew Celebi!<br></div><div class="battle-history">Vinc2612 sent out <strong>Entei</strong>!<br></div><div class="battle-history"><small>Pointed stones dug into the opposing Entei!</small><br></div><div class="battle-history"><small>[The opposing Entei's Pressure]</small><br><small>The opposing Entei is exerting its pressure!</small><br></div><div class="spacer battle-history"><br></div><div class="battle-history">Hydreigon used <strong>Draco Meteor</strong>!<br></div><div class="battle-history"><small>(The opposing Entei lost <abbr title="−79/371">21.3%</abbr> of its health!)</small><br></div><div class="battle-history"><small>Hydreigon's Special Attack fell harshly!</small><br></div><div class="battle-history"><small>Hydreigon lost some of its HP!</small><br></div><div class="spacer battle-history"><br></div><div class="battle-history">The opposing Entei fainted!<br></div><div class="spacer battle-history"><br></div><div class="battle-history">Vinc2612 sent out <strong>Hydreigon</strong>!<br></div><div class="battle-history"><small>Pointed stones dug into the opposing Hydreigon!</small><br></div><div class="spacer battle-history"><br></div><h2 class="battle-history">Turn 65</h2><div class="spacer battle-history"><br></div><div class="battle-history">Hydreigon, come back!<br></div><div class="battle-history">Go! <strong>Sylveon</strong>!<br></div><div class="spacer battle-history"><br></div><div class="battle-history">The opposing Hydreigon used <strong>U-turn</strong>!<br></div><div class="battle-history"><small>It's not very effective...</small><br></div><div class="battle-history"><small>(Sylveon lost <abbr title="−24/393">6.1%</abbr> of its health!)</small><br></div><div class="spacer battle-history"><br></div><div class="battle-history">The opposing Hydreigon went back to Vinc2612!<br></div><div class="battle-history">Vinc2612 sent out Swampert (<strong>Swampert-Mega</strong>)!<br></div><div class="battle-history"><small>Pointed stones dug into the opposing Swampert!</small><br></div><div class="spacer battle-history"><br></div><div class="battle-history"><small>Sylveon restored a little HP using its Leftovers!</small><br></div><div class="spacer battle-history"><br></div><h2 class="battle-history">Turn 66</h2><div class="chat"><small>roided out manlet left.</small></div><div class="spacer battle-history"><br></div><div class="battle-history">The opposing Swampert used <strong>Waterfall</strong>!<br></div><div class="battle-history"><small>(Sylveon lost <abbr title="−172/393">43.8%</abbr> of its health!)</small><br></div><div class="spacer battle-history"><br></div><div class="battle-history">Sylveon used <strong>Hyper Voice</strong>!<br></div><div class="battle-history"><small>(The opposing Swampert lost <abbr title="−147/361">40.7%</abbr> of its health!)</small><br></div><div class="spacer battle-history"><br></div><div class="battle-history"><small>Sylveon restored a little HP using its Leftovers!</small><br></div><div class="spacer battle-history"><br></div><h2 class="battle-history">Turn 67</h2><div class="spacer battle-history"><br></div><div class="battle-history">The opposing Swampert used <strong>Waterfall</strong>!<br></div><div class="battle-history"><small>(Sylveon lost <abbr title="−163/393">41.5%</abbr> of its health!)</small><br></div><div class="spacer battle-history"><br></div><div class="battle-history">Sylveon used <strong>Wish</strong>!<br></div><div class="spacer battle-history"><br></div><div class="battle-history"><small>Sylveon restored a little HP using its Leftovers!</small><br></div><div class="spacer battle-history"><br></div><h2 class="battle-history">Turn 68</h2><div class="spacer battle-history"><br></div><div class="battle-history">Sylveon, come back!<br></div><div class="battle-history">Go! <strong>Suicune</strong>!<br></div><div class="battle-history"><small>[Suicune's Pressure]</small><br><small>Suicune is exerting its pressure!</small><br></div><div class="spacer battle-history"><br></div><div class="battle-history">The opposing Swampert used <strong>Earthquake</strong>!<br></div><div class="battle-history"><small>(Suicune lost <abbr title="−135/403">33.5%</abbr> of its health!)</small><br></div><div class="spacer battle-history"><br></div><div class="battle-history"><small>Sylveon's wish came true!</small><br></div><div class="battle-history"><small>Suicune restored a little HP using its Leftovers!</small><br></div><div class="spacer battle-history"><br></div><h2 class="battle-history">Turn 69</h2><div class="chat"><small>Natural Talent joined.</small></div><div class="spacer battle-history"><br></div><div class="battle-history">Vinc2612 withdrew Swampert!<br></div><div class="battle-history">Vinc2612 sent out <strong>Celebi</strong>!<br></div><div class="battle-history"><small>Pointed stones dug into the opposing Celebi!</small><br></div><div class="spacer battle-history"><br></div><div class="battle-history">Suicune used <strong>Scald</strong>!<br></div><div class="battle-history"><small>It's not very effective...</small><br></div><div class="battle-history"><small>(The opposing Celebi lost <abbr title="−45/341">13.2%</abbr> of its health!)</small><br></div><div class="battle-history"><small>The opposing Celebi was burned!</small><br></div><div class="spacer battle-history"><br></div><div class="battle-history"><small>The opposing Celebi restored a little HP using its Leftovers!</small><br></div><div class="battle-history"><small>Suicune restored a little HP using its Leftovers!</small><br></div><div class="battle-history"><small>The opposing Celebi was hurt by its burn!</small><br></div><div class="spacer battle-history"><br></div><h2 class="battle-history">Turn 70</h2><div class="chat chatmessage-kinguu"><strong style="color:hsl(171,80%,35%)"><small>+</small><span class="username" data-name="King♥UU">King♥UU</span>:</strong> <em>can you relax</em></div><div class="chat chatmessage-kinguu"><strong style="color:hsl(171,80%,35%)"><small>+</small><span class="username" data-name="King♥UU">King♥UU</span>:</strong> <em>with these celebi scald burns</em></div><div class="spacer battle-history"><br></div><div class="battle-history">Suicune, come back!<br></div><div class="battle-history">Go! <strong>Hydreigon</strong>!<br></div><div class="spacer battle-history"><br></div><div class="battle-history">The opposing Celebi used <strong>Psychic</strong>!<br></div><div class="battle-history"><small>It doesn't affect Hydreigon...</small><br></div><div class="spacer battle-history"><br></div><div class="battle-history"><small>The opposing Celebi restored a little HP using its Leftovers!</small><br></div><div class="battle-history"><small>The opposing Celebi was hurt by its burn!</small><br></div><div class="spacer battle-history"><br></div><h2 class="battle-history">Turn 71</h2><div class="chat chatmessage-meru"><strong style="color:hsl(175,64%,42.17522184961365%)"><small>☆</small><span class="username" data-name="Meru">Meru</span>:</strong> <em>im something like 1 for 4</em></div><div class="chat chatmessage-meru"><strong style="color:hsl(175,64%,42.17522184961365%)"><small>☆</small><span class="username" data-name="Meru">Meru</span>:</strong> <em>why is this bi not gleam</em></div><div class="spacer battle-history"><br></div><div class="battle-history">The opposing Celebi used <strong>Giga Drain</strong>!<br></div><div class="battle-history"><small>It's not very effective...</small><br></div><div class="battle-history"><small>(Hydreigon lost <abbr title="−63/325">19.4%</abbr> of its health!)</small><br></div><div class="battle-history"><small>Hydreigon had its energy drained!</small><br></div><div class="spacer battle-history"><br></div><div class="battle-history">Hydreigon used <strong>Roost</strong>!<br></div><div class="battle-history"><small>Hydreigon restored its HP.</small><br></div><div class="spacer battle-history"><br></div><div class="battle-history"><small>The opposing Celebi restored a little HP using its Leftovers!</small><br></div><div class="battle-history"><small>The opposing Celebi was hurt by its burn!</small><br></div><div class="spacer battle-history"><br></div><h2 class="battle-history">Turn 72</h2><div class="chat"><small>Natural Talent left.</small></div><div class="chat chatmessage-vinc2612"><strong style="color:hsl(215,56%,48.394637876072544%)"><small>☆</small><span class="username" data-name="Vinc2612">Vinc2612</span>:</strong> <em>real question is why would scald be hotter than sacred fire</em></div><div class="chat chatmessage-vinc2612"><strong style="color:hsl(215,56%,48.394637876072544%)"><small>☆</small><span class="username" data-name="Vinc2612">Vinc2612</span>:</strong> <em>:(</em></div><div class="spacer battle-history"><br></div><div class="battle-history">The opposing Celebi used <strong>Giga Drain</strong>!<br></div><div class="battle-history"><small>It's not very effective...</small><br></div><div class="battle-history"><small>(Hydreigon lost <abbr title="−60/325">18.5%</abbr> of its health!)</small><br></div><div class="battle-history"><small>Hydreigon had its energy drained!</small><br></div><div class="spacer battle-history"><br></div><div class="battle-history">Hydreigon used <strong>Flash Cannon</strong>!<br></div><div class="battle-history"><small>(The opposing Celebi lost <abbr title="−53/341">15.5%</abbr> of its health!)</small><br></div><div class="battle-history"><small>Hydreigon lost some of its HP!</small><br></div><div class="spacer battle-history"><br></div><div class="battle-history">The opposing Celebi fainted!<br></div><div class="spacer battle-history"><br></div><div class="battle-history">Vinc2612 sent out <strong>Hydreigon</strong>!<br></div><div class="battle-history"><small>Pointed stones dug into the opposing Hydreigon!</small><br></div><div class="spacer battle-history"><br></div><h2 class="battle-history">Turn 73</h2><div class="chat"><small>roided out manlet joined.</small></div><div class="chat chatmessage-accelgor"><strong style="color:hsl(220,52%,54.04920181066666%)"><small> </small><span class="username" data-name="Accelgor">Accelgor</span>:</strong> <em>fahrenheit readings are too low :[</em></div><div class="chat"><small>Sam left.</small></div><div class="chat chatmessage-papainoel"><strong style="color:hsl(107,50%,32%)"><small> </small><span class="username" data-name="papai noel">papai noel</span>:</strong> <em>lol kinguu what a salty motherfucker</em></div><div class="spacer battle-history"><br></div><div class="battle-history">The opposing Hydreigon used <strong>Dark Pulse</strong>!<br></div><div class="battle-history"><small>It's not very effective...</small><br></div><div class="battle-history"><small>(Hydreigon lost <abbr title="−75/325">23.1%</abbr> of its health!)</small><br></div><div class="spacer battle-history"><br></div><div class="battle-history">Hydreigon flinched and couldn't move!<br></div><div class="spacer battle-history"><br></div><h2 class="battle-history">Turn 74</h2><div class="chat chatmessage-papainoel"><strong style="color:hsl(107,50%,32%)"><small> </small><span class="username" data-name="papai noel">papai noel</span>:</strong> <em>implying that burn mattered</em></div><div class="chat chatmessage-papainoel"><strong style="color:hsl(107,50%,32%)"><small> </small><span class="username" data-name="papai noel">papai noel</span>:</strong> <em>xDDD</em></div><div class="chat chatmessage-eo"><strong style="color:hsl(318,87%,46%)"><small>+</small><span class="username" data-name="Eo">Eo</span>:</strong> <em>he's trolling ignore him</em></div><div class="spacer battle-history"><br></div><div class="battle-history">The opposing Hydreigon used <strong>Dark Pulse</strong>!<br></div><div class="battle-history"><small>It's not very effective...</small><br></div><div class="battle-history"><small>(Hydreigon lost <abbr title="−78/325">24%</abbr> of its health!)</small><br></div><div class="spacer battle-history"><br></div><div class="battle-history">Hydreigon used <strong>Draco Meteor</strong>!<br></div><div class="battle-history"><small>It's super effective!</small><br></div><div class="battle-history"><small>(The opposing Hydreigon lost <abbr title="−165/325">50.8%</abbr> of its health!)</small><br></div><div class="battle-history"><small>Hydreigon's Special Attack fell harshly!</small><br></div><div class="battle-history"><small>Hydreigon lost some of its HP!</small><br></div><div class="spacer battle-history"><br></div><div class="battle-history">The opposing Hydreigon fainted!<br></div><div class="spacer battle-history"><br></div><div class="battle-history">Vinc2612 sent out Swampert (<strong>Swampert-Mega</strong>)!<br></div><div class="battle-history"><small>Pointed stones dug into the opposing Swampert!</small><br></div><div class="spacer battle-history"><br></div><h2 class="battle-history">Turn 75</h2><div class="chat chatmessage-vinc2612"><strong style="color:hsl(215,56%,48.394637876072544%)"><small>☆</small><span class="username" data-name="Vinc2612">Vinc2612</span>:</strong> <em>gg</em></div><div class="spacer battle-history"><br></div><div class="battle-history">Hydreigon used <strong>Draco Meteor</strong>!<br></div><div class="battle-history"><small>(The opposing Swampert lost <abbr title="−144/361">39.9%</abbr> of its health!)</small><br></div><div class="battle-history"><small>Hydreigon's Special Attack fell harshly!</small><br></div><div class="battle-history"><small>Hydreigon lost some of its HP!</small><br></div><div class="spacer battle-history"><br></div><div class="battle-history">Hydreigon fainted!<br></div><div class="battle-history">The opposing Swampert used <strong>Rain Dance</strong>!<br></div><div class="battle-history"><small>It started to rain!</small><br></div><div class="spacer battle-history"><br></div><div class="battle-history"><small>(Rain continues to fall!)</small><br></div><div class="spacer battle-history"><br></div><div class="battle-history">Go! Swampert (<strong>Swampert-Mega</strong>)!<br></div><div class="spacer battle-history"><br></div><h2 class="battle-history">Turn 76</h2><div class="chat chatmessage-meru"><strong style="color:hsl(175,64%,42.17522184961365%)"><small>☆</small><span class="username" data-name="Meru">Meru</span>:</strong> <em>im prob faster</em></div><div class="chat chatmessage-meru"><strong style="color:hsl(175,64%,42.17522184961365%)"><small>☆</small><span class="username" data-name="Meru">Meru</span>:</strong> <em>bop</em></div><div class="chat chatmessage-kinguu"><strong style="color:hsl(171,80%,35%)"><small>+</small><span class="username" data-name="King♥UU">King♥UU</span>:</strong> <em>CLUTCH</em></div><div class="spacer battle-history"><br></div><div class="battle-history">Swampert used <strong>Waterfall</strong>!<br></div><div class="battle-history"><small>(The opposing Swampert lost <abbr title="−26/361">7.2%</abbr> of its health!)</small><br></div><div class="spacer battle-history"><br></div><div class="battle-history">The opposing Swampert fainted!<br></div><div class="spacer battle-history"><br></div><div class="battle-history"><strong>Meru</strong> won the battle!<br></div><div class="chat chatmessage-kinguu"><strong style="color:hsl(171,80%,35%)"><small>+</small><span class="username" data-name="King♥UU">King♥UU</span>:</strong> <em>aw</em></div><div class="chat"><small>Eo left.</small></div></div><div class="inner-preempt"></div></div></div>
</div>
<script>
let daily = Math.floor(Date.now()/1000/60/60/24);document.write('<script src="https://play.pokemonshowdown.com/js/replay-embed.js?version'+daily+'"></'+'script>');
</script>
