<!DOCTYPE html>
<meta charset="utf-8" />
<!-- version 1 -->
<title>UU replay: The frozen lopunny vs. poft</title>
<style>
html,body {font-family:Verdana, sans-serif;font-size:10pt;margin:0;padding:0;}body{padding:12px 0;} .battle-log {font-family:Verdana, sans-serif;font-size:10pt;} .battle-log-inline {border:1px solid #AAAAAA;background:#EEF2F5;color:black;max-width:640px;margin:0 auto 80px;padding-bottom:5px;} .battle-log .inner {padding:4px 8px 0px 8px;} .battle-log .inner-preempt {padding:0 8px 4px 8px;} .battle-log .inner-after {margin-top:0.5em;} .battle-log h2 {margin:0.5em -8px;padding:4px 8px;border:1px solid #AAAAAA;background:#E0E7EA;border-left:0;border-right:0;font-family:Verdana, sans-serif;font-size:13pt;} .battle-log .chat {vertical-align:middle;padding:3px 0 3px 0;font-size:8pt;} .battle-log .chat strong {color:#40576A;} .battle-log .chat em {padding:1px 4px 1px 3px;color:#000000;font-style:normal;} .chat.mine {background:rgba(0,0,0,0.05);margin-left:-8px;margin-right:-8px;padding-left:8px;padding-right:8px;} .spoiler {color:#BBBBBB;background:#BBBBBB;padding:0px 3px;} .spoiler:hover, .spoiler:active, .spoiler-shown {color:#000000;background:#E2E2E2;padding:0px 3px;} .spoiler a {color:#BBBBBB;} .spoiler:hover a, .spoiler:active a, .spoiler-shown a {color:#2288CC;} .chat code, .chat .spoiler:hover code, .chat .spoiler:active code, .chat .spoiler-shown code {border:1px solid #C0C0C0;background:#EEEEEE;color:black;padding:0 2px;} .chat .spoiler code {border:1px solid #CCCCCC;background:#CCCCCC;color:#CCCCCC;} .battle-log .rated {padding:3px 4px;} .battle-log .rated strong {color:white;background:#89A;padding:1px 4px;border-radius:4px;} .spacer {margin-top:0.5em;} .message-announce {background:#6688AA;color:white;padding:1px 4px 2px;} .message-announce a, .broadcast-green a, .broadcast-blue a, .broadcast-red a {color:#DDEEFF;} .broadcast-green {background-color:#559955;color:white;padding:2px 4px;} .broadcast-blue {background-color:#6688AA;color:white;padding:2px 4px;} .infobox {border:1px solid #6688AA;padding:2px 4px;} .infobox-limited {max-height:200px;overflow:auto;overflow-x:hidden;} .broadcast-red {background-color:#AA5544;color:white;padding:2px 4px;} .message-learn-canlearn {font-weight:bold;color:#228822;text-decoration:underline;} .message-learn-cannotlearn {font-weight:bold;color:#CC2222;text-decoration:underline;} .message-effect-weak {font-weight:bold;color:#CC2222;} .message-effect-resist {font-weight:bold;color:#6688AA;} .message-effect-immune {font-weight:bold;color:#666666;} .message-learn-list {margin-top:0;margin-bottom:0;} .message-throttle-notice, .message-error {color:#992222;} .message-overflow, .chat small.message-overflow {font-size:0pt;} .message-overflow::before {font-size:9pt;content:'...';} .subtle {color:#3A4A66;}
</style>
<div class="wrapper replay-wrapper" style="max-width:1180px;margin:0 auto">
<input type="hidden" name="replayid" value="uu-566671994" />
<div class="battle"></div><div class="battle-log"></div><div class="replay-controls"></div><div class="replay-controls-2"></div>
<h1 style="font-weight:normal;text-align:center"><strong>UU</strong><br /><a href="http://pokemonshowdown.com/users/thefrozenlopunny" class="subtle" target="_blank">The frozen lopunny</a> vs. <a href="http://pokemonshowdown.com/users/poft" class="subtle" target="_blank">poft</a></h1>
<script type="text/plain" class="battle-log-data">|j|The frozen lopunny
|j|poft
|player|p1|The frozen lopunny|279
|player|p2|poft|266
|gametype|singles
|gen|6
|tier|UU
|rated
|seed|59917,48913,7784,41498
|rule|Sleep Clause Mod: Limit one foe put to sleep
|rule|Species Clause: Limit one of each Pokémon
|rule|OHKO Clause: OHKO moves are banned
|rule|Moody Clause: Moody is banned
|rule|Evasion Moves Clause: Evasion moves are banned
|rule|Endless Battle Clause: Forcing endless battles is banned
|rule|HP Percentage Mod: HP is shown in percentages
|clearpoke
|poke|p1|Mienshao, F, shiny|item
|poke|p1|Whimsicott, M|item
|poke|p1|Vaporeon, F|item
|poke|p1|Forretress, F|item
|poke|p1|Krookodile, M|item
|poke|p1|Chandelure, F|item
|poke|p2|Mamoswine, M|item
|poke|p2|Jolteon, M|item
|poke|p2|Cofagrigus, F|item
|poke|p2|Mantine, F|item
|poke|p2|Beedrill, F|item
|poke|p2|Espeon, M|item
|rule|Swagger Clause: Swagger is banned
|rule|Baton Pass Clause: Limit one Baton Passer, can't pass Spe and other stats simultaneously
|teampreview
|choice|team 1, team 2, team 3, team 4, team 5, team 6|team 3, team 2, team 1, team 4, team 5, team 6
|
|start
|switch|p1a: ThisIsMyHappyFace|Mienshao, F, shiny|271\/271
|switch|p2a: Cofagrigus|Cofagrigus, F|317\/317
|turn|1
|choice|move uturn|move willowisp
|
|move|p1a: ThisIsMyHappyFace|U-turn|p2a: Cofagrigus
|-resisted|p2a: Cofagrigus
|-damage|p2a: Cofagrigus|295\/317
|-activate|p2a: Cofagrigus|ability: Mummy|Regenerator|[of] p1a: ThisIsMyHappyFace
|choice|switch 6|
|
|switch|p1a: Spook|Chandelure, F|261\/261
|move|p2a: Cofagrigus|Will-O-Wisp|p1a: Spook
|-start|p1a: Spook|ability: Flash Fire
|
|-heal|p2a: Cofagrigus|314\/317|[from] item: Leftovers
|upkeep
|turn|2
|choice|move shadowball|move toxic
|
|move|p1a: Spook|Shadow Ball|p2a: Cofagrigus
|-supereffective|p2a: Cofagrigus
|-damage|p2a: Cofagrigus|0 fnt
|faint|p2a: Cofagrigus
|
|upkeep
|choice||switch 3
|
|switch|p2a: Mamoswine|Mamoswine, M|405\/405
|turn|3
|choice|move energyball|move earthquake
|
|move|p1a: Spook|Energy Ball|p2a: Mamoswine
|-supereffective|p2a: Mamoswine
|-damage|p2a: Mamoswine|9\/405
|move|p2a: Mamoswine|Earthquake|p1a: Spook
|-supereffective|p1a: Spook
|-damage|p1a: Spook|0 fnt
|faint|p1a: Spook
|
|upkeep
|choice|switch 6|
|
|switch|p1a: ThisIsMyHappyFace|Mienshao, F, shiny|271\/271
|turn|4
|choice|move knockoff|move iceshard
|
|move|p2a: Mamoswine|Ice Shard|p1a: ThisIsMyHappyFace
|-damage|p1a: ThisIsMyHappyFace|147\/271
|move|p1a: ThisIsMyHappyFace|Knock Off|p2a: Mamoswine
|-damage|p2a: Mamoswine|0 fnt
|-enditem|p2a: Mamoswine|Focus Sash|[from] move: Knock Off|[of] p1a: ThisIsMyHappyFace
|faint|p2a: Mamoswine
|
|upkeep
|choice||switch 2
|
|switch|p2a: Jolteon|Jolteon, M|271\/271
|turn|5
|choice|switch 5|move hiddenpower
|
|switch|p1a: Dingodile|Krookodile, M|331\/331
|move|p2a: Jolteon|Hidden Power|p1a: Dingodile
|-supereffective|p1a: Dingodile
|-damage|p1a: Dingodile|118\/331
|-damage|p2a: Jolteon|244\/271|[from] item: Life Orb
|
|upkeep
|turn|6
|choice|switch 5|move hiddenpower
|
|switch|p1a: ThisIsMyHappyFace|Mienshao, F, shiny|237\/271
|move|p2a: Jolteon|Hidden Power|p1a: ThisIsMyHappyFace
|-damage|p1a: ThisIsMyHappyFace|110\/271
|-damage|p2a: Jolteon|217\/271|[from] item: Life Orb
|
|upkeep
|turn|7
|choice|move highjumpkick|move voltswitch
|
|move|p1a: ThisIsMyHappyFace|High Jump Kick|p2a: Jolteon
|-damage|p2a: Jolteon|0 fnt
|faint|p2a: Jolteon
|
|upkeep
|choice||switch 4
|
|switch|p2a: Mantine|Mantine, F|329\/329
|turn|8
|choice|switch 3|move airslash
|
|switch|p1a: Catfish|Vaporeon, F|464\/464
|move|p2a: Mantine|Air Slash|p1a: Catfish
|-damage|p1a: Catfish|410\/464
|
|-heal|p1a: Catfish|439\/464|[from] item: Leftovers
|upkeep
|turn|9
|choice|switch 4|move toxic
|
|switch|p1a: Metal wallnut|Forretress, F|354\/354
|move|p2a: Mantine|Toxic|p1a: Metal wallnut
|-immune|p1a: Metal wallnut|[msg]
|
|upkeep
|turn|10
|choice|move voltswitch|move scald
|
|move|p2a: Mantine|Scald|p1a: Metal wallnut
|-damage|p1a: Metal wallnut|242\/354
|-status|p1a: Metal wallnut|brn
|move|p1a: Metal wallnut|Volt Switch|p2a: Mantine
|-supereffective|p2a: Mantine
|-crit|p2a: Mantine
|-damage|p2a: Mantine|205\/329
|choice|switch 3|
|
|switch|p1a: ThisIsMyHappyFace|Mienshao, F, shiny|200\/271
|
|-heal|p2a: Mantine|225\/329|[from] item: Leftovers
|upkeep
|turn|11
|choice|move uturn|move scald
|
|move|p1a: ThisIsMyHappyFace|U-turn|p2a: Mantine
|-resisted|p2a: Mantine
|-damage|p2a: Mantine|176\/329
|choice|switch 5|
|
|switch|p1a: Dingodile|Krookodile, M|118\/331
|move|p2a: Mantine|Scald|p1a: Dingodile
|-supereffective|p1a: Dingodile
|-damage|p1a: Dingodile|0 fnt
|faint|p1a: Dingodile
|
|-heal|p2a: Mantine|196\/329|[from] item: Leftovers
|upkeep
|choice|switch 3|
|
|switch|p1a: Metal wallnut|Forretress, F|242\/354 brn
|turn|12
|choice|move voltswitch|move scald
|
|move|p2a: Mantine|Scald|p1a: Metal wallnut
|-damage|p1a: Metal wallnut|134\/354 brn
|move|p1a: Metal wallnut|Volt Switch|p2a: Mantine
|-supereffective|p2a: Mantine
|-damage|p2a: Mantine|104\/329
|choice|switch 5|
|
|switch|p1a: ThisIsMyHappyFace|Mienshao, F, shiny|271\/271
|
|-heal|p2a: Mantine|124\/329|[from] item: Leftovers
|upkeep
|turn|13
|choice|move stoneedge|move scald
|
|move|p1a: ThisIsMyHappyFace|Stone Edge|p2a: Mantine
|-supereffective|p2a: Mantine
|-damage|p2a: Mantine|0 fnt
|faint|p2a: Mantine
|
|upkeep
|choice||switch 6
|
|switch|p2a: Espeon|Espeon, M|271\/271
|turn|14
|choice|switch 5|move psyshock
|
|switch|p1a: Metal wallnut|Forretress, F|134\/354 brn
|move|p2a: Espeon|Psyshock|p1a: Metal wallnut
|-resisted|p1a: Metal wallnut
|-damage|p1a: Metal wallnut|90\/354 brn
|
|-heal|p1a: Metal wallnut|112\/354 brn|[from] item: Leftovers
|-damage|p1a: Metal wallnut|68\/354 brn|[from] brn
|upkeep
|turn|15
|choice|move voltswitch|switch 5
|
|switch|p2a: Beedrill|Beedrill, F|271\/271
|move|p1a: Metal wallnut|Volt Switch|p2a: Beedrill
|-damage|p2a: Beedrill|231\/271
|choice|switch 5|
|
|switch|p1a: ThisIsMyHappyFace|Mienshao, F, shiny|271\/271
|
|upkeep
|turn|16
|choice|move stoneedge|move protect mega
|
|detailschange|p2a: Beedrill|Beedrill-Mega, F
|-mega|p2a: Beedrill|Beedrill|Beedrillite
|move|p2a: Beedrill|Protect|p2a: Beedrill
|-singleturn|p2a: Beedrill|Protect
|move|p1a: ThisIsMyHappyFace|Stone Edge|p2a: Beedrill
|-activate|p2a: Beedrill|move: Protect
|
|upkeep
|turn|17
|choice|move stoneedge|move poisonjab
|
|move|p1a: ThisIsMyHappyFace|Stone Edge|p2a: Beedrill
|-supereffective|p2a: Beedrill
|-damage|p2a: Beedrill|0 fnt
|faint|p2a: Beedrill
|
|upkeep
|choice||switch 5
|
|switch|p2a: Espeon|Espeon, M|271\/271
|turn|18
|choice|switch 5|move psyshock
|
|switch|p1a: Metal wallnut|Forretress, F|68\/354 brn
|move|p2a: Espeon|Psyshock|p1a: Metal wallnut
|-resisted|p1a: Metal wallnut
|-damage|p1a: Metal wallnut|22\/354 brn
|
|-heal|p1a: Metal wallnut|44\/354 brn|[from] item: Leftovers
|-damage|p1a: Metal wallnut|0 fnt|[from] brn
|upkeep
|faint|p1a: Metal wallnut
|choice|switch 5|
|
|switch|p1a: ThisIsMyHappyFace|Mienshao, F, shiny|271\/271
|turn|19
|choice|move knockoff|move psyshock
|
|move|p1a: ThisIsMyHappyFace|Knock Off|p2a: Espeon
|-supereffective|p2a: Espeon
|-damage|p2a: Espeon|0 fnt
|-enditem|p2a: Espeon|Choice Scarf|[from] move: Knock Off|[of] p1a: ThisIsMyHappyFace
|faint|p2a: Espeon
|
|win|The frozen lopunny
|raw|The frozen lopunny's rating: 1343 &rarr; <strong>1355<\/strong><br \/>(+12 for winning)
|raw|poft's rating: 1188 &rarr; <strong>1173<\/strong><br \/>(-15 for losing)
|c|☆The frozen lopunny|gg
|l|poft</script>
</div>
<div class="battle-log battle-log-inline"><div class="inner"><div class="battle-options"></div><div class="inner"><div class="chat"><small>The frozen lopunny joined.</small></div><div class="chat"><small>poft joined.</small></div><div class=""><small>Format:</small> <br><strong>UU</strong></div><div class="rated"><strong>Rated battle</strong></div><div class=""><small><em>Sleep Clause Mod:</em> Limit one foe put to sleep</small></div><div class=""><small><em>Species Clause:</em> Limit one of each Pokémon</small></div><div class=""><small><em>OHKO Clause:</em> OHKO moves are banned</small></div><div class=""><small><em>Moody Clause:</em> Moody is banned</small></div><div class=""><small><em>Evasion Moves Clause:</em> Evasion moves are banned</small></div><div class=""><small><em>Endless Battle Clause:</em> Forcing endless battles is banned</small></div><div class=""><small><em>HP Percentage Mod:</em> HP is shown in percentages</small></div><div class=""><small><em>Swagger Clause:</em> Swagger is banned</small></div><div class=""><small><em>Baton Pass Clause:</em> Limit one Baton Passer, can't pass Spe and other stats simultaneously</small></div><div class="chat battle-history"><strong>The frozen lopunny's team:</strong> <em style="color:#445566;display:block;">Mienshao / Whimsicott / Vaporeon / Forretress / Krookodile / Chandelure</em></div><div class="chat battle-history"><strong>poft's team:</strong> <em style="color:#445566;display:block;">Mamoswine / Jolteon / Cofagrigus / Mantine / Beedrill / Espeon</em></div><div class="spacer battle-history"><br></div><div class="battle-history">Battle started between The frozen lopunny and poft!<br></div><div class="spacer battle-history"><br></div><div class="battle-history">Go! ThisIsMyHappyFace (<strong>Mienshao</strong>)!<br></div><div class="spacer battle-history"><br></div><div class="battle-history">poft sent out <strong>Cofagrigus</strong>!<br></div><div class="spacer battle-history"><br></div><h2 class="battle-history">Turn 1</h2><div class="spacer battle-history"><br></div><div class="battle-history">ThisIsMyHappyFace used <strong>U-turn</strong>!<br></div><div class="battle-history"><small>It's not very effective...</small><br></div><div class="battle-history"><small>(The opposing Cofagrigus lost <abbr title="−22/317">6.9%</abbr> of its health!)</small><br></div><div class="battle-history"><small>[The opposing Cofagrigus's Mummy]</small><br><small>[ThisIsMyHappyFace's Regenerator]</small><br><small>[ThisIsMyHappyFace's Mummy]</small><br><small>ThisIsMyHappyFace's Ability became Mummy!</small><br></div><div class="spacer battle-history"><br></div><div class="battle-history">ThisIsMyHappyFace went back to The frozen lopunny!<br></div><div class="battle-history">Go! Spook (<strong>Chandelure</strong>)!<br></div><div class="spacer battle-history"><br></div><div class="battle-history">The opposing Cofagrigus used <strong>Will-O-Wisp</strong>!<br></div><div class="battle-history"><small>[Spook's Flash Fire]</small><br><small>The power of Spook's Fire-type moves rose!</small><br></div><div class="spacer battle-history"><br></div><div class="battle-history"><small>The opposing Cofagrigus restored a little HP using its Leftovers!</small><br></div><div class="spacer battle-history"><br></div><h2 class="battle-history">Turn 2</h2><div class="spacer battle-history"><br></div><div class="battle-history">Spook used <strong>Shadow Ball</strong>!<br></div><div class="battle-history"><small>It's super effective!</small><br></div><div class="battle-history"><small>(The opposing Cofagrigus lost <abbr title="−314/317">99.1%</abbr> of its health!)</small><br></div><div class="spacer battle-history"><br></div><div class="battle-history">The opposing Cofagrigus fainted!<br></div><div class="spacer battle-history"><br></div><div class="battle-history">poft sent out <strong>Mamoswine</strong>!<br></div><div class="spacer battle-history"><br></div><h2 class="battle-history">Turn 3</h2><div class="spacer battle-history"><br></div><div class="battle-history">Spook used <strong>Energy Ball</strong>!<br></div><div class="battle-history"><small>It's super effective!</small><br></div><div class="battle-history"><small>(The opposing Mamoswine lost <abbr title="−396/405">97.8%</abbr> of its health!)</small><br></div><div class="spacer battle-history"><br></div><div class="battle-history">The opposing Mamoswine used <strong>Earthquake</strong>!<br></div><div class="battle-history"><small>It's super effective!</small><br></div><div class="battle-history"><small>(Spook lost <abbr title="−261/261">100%</abbr> of its health!)</small><br></div><div class="spacer battle-history"><br></div><div class="battle-history">Spook fainted!<br></div><div class="spacer battle-history"><br></div><div class="battle-history">Go! ThisIsMyHappyFace (<strong>Mienshao</strong>)!<br></div><div class="spacer battle-history"><br></div><h2 class="battle-history">Turn 4</h2><div class="spacer battle-history"><br></div><div class="battle-history">The opposing Mamoswine used <strong>Ice Shard</strong>!<br></div><div class="battle-history"><small>(ThisIsMyHappyFace lost <abbr title="−124/271">45.8%</abbr> of its health!)</small><br></div><div class="spacer battle-history"><br></div><div class="battle-history">ThisIsMyHappyFace used <strong>Knock Off</strong>!<br></div><div class="battle-history"><small>(The opposing Mamoswine lost <abbr title="−9/405">2.2%</abbr> of its health!)</small><br></div><div class="battle-history"><small>ThisIsMyHappyFace knocked off the opposing Mamoswine's Focus Sash!</small><br></div><div class="spacer battle-history"><br></div><div class="battle-history">The opposing Mamoswine fainted!<br></div><div class="spacer battle-history"><br></div><div class="battle-history">poft sent out <strong>Jolteon</strong>!<br></div><div class="spacer battle-history"><br></div><h2 class="battle-history">Turn 5</h2><div class="spacer battle-history"><br></div><div class="battle-history">ThisIsMyHappyFace, come back!<br></div><div class="battle-history">Go! Dingodile (<strong>Krookodile</strong>)!<br></div><div class="spacer battle-history"><br></div><div class="battle-history">The opposing Jolteon used <strong>Hidden Power</strong>!<br></div><div class="battle-history"><small>It's super effective!</small><br></div><div class="battle-history"><small>(Dingodile lost <abbr title="−213/331">64.4%</abbr> of its health!)</small><br></div><div class="battle-history"><small>The opposing Jolteon lost some of its HP!</small><br></div><div class="spacer battle-history"><br></div><h2 class="battle-history">Turn 6</h2><div class="spacer battle-history"><br></div><div class="battle-history">Dingodile, come back!<br></div><div class="battle-history">Go! ThisIsMyHappyFace (<strong>Mienshao</strong>)!<br></div><div class="spacer battle-history"><br></div><div class="battle-history">The opposing Jolteon used <strong>Hidden Power</strong>!<br></div><div class="battle-history"><small>(ThisIsMyHappyFace lost <abbr title="−127/271">46.9%</abbr> of its health!)</small><br></div><div class="battle-history"><small>The opposing Jolteon lost some of its HP!</small><br></div><div class="spacer battle-history"><br></div><h2 class="battle-history">Turn 7</h2><div class="spacer battle-history"><br></div><div class="battle-history">ThisIsMyHappyFace used <strong>High Jump Kick</strong>!<br></div><div class="battle-history"><small>(The opposing Jolteon lost <abbr title="−217/271">80.1%</abbr> of its health!)</small><br></div><div class="spacer battle-history"><br></div><div class="battle-history">The opposing Jolteon fainted!<br></div><div class="spacer battle-history"><br></div><div class="battle-history">poft sent out <strong>Mantine</strong>!<br></div><div class="spacer battle-history"><br></div><h2 class="battle-history">Turn 8</h2><div class="spacer battle-history"><br></div><div class="battle-history">ThisIsMyHappyFace, come back!<br></div><div class="battle-history">Go! Catfish (<strong>Vaporeon</strong>)!<br></div><div class="spacer battle-history"><br></div><div class="battle-history">The opposing Mantine used <strong>Air Slash</strong>!<br></div><div class="battle-history"><small>(Catfish lost <abbr title="−54/464">11.6%</abbr> of its health!)</small><br></div><div class="spacer battle-history"><br></div><div class="battle-history"><small>Catfish restored a little HP using its Leftovers!</small><br></div><div class="spacer battle-history"><br></div><h2 class="battle-history">Turn 9</h2><div class="spacer battle-history"><br></div><div class="battle-history">Catfish, come back!<br></div><div class="battle-history">Go! Metal wallnut (<strong>Forretress</strong>)!<br></div><div class="spacer battle-history"><br></div><div class="battle-history">The opposing Mantine used <strong>Toxic</strong>!<br></div><div class="battle-history"><small>It doesn't affect Metal wallnut...</small><br></div><div class="spacer battle-history"><br></div><h2 class="battle-history">Turn 10</h2><div class="spacer battle-history"><br></div><div class="battle-history">The opposing Mantine used <strong>Scald</strong>!<br></div><div class="battle-history"><small>(Metal wallnut lost <abbr title="−112/354">31.6%</abbr> of its health!)</small><br></div><div class="battle-history"><small>Metal wallnut was burned!</small><br></div><div class="spacer battle-history"><br></div><div class="battle-history">Metal wallnut used <strong>Volt Switch</strong>!<br></div><div class="battle-history"><small>It's super effective!</small><br></div><div class="battle-history"><small>A critical hit!</small><br></div><div class="battle-history"><small>(The opposing Mantine lost <abbr title="−124/329">37.7%</abbr> of its health!)</small><br></div><div class="spacer battle-history"><br></div><div class="battle-history">Metal wallnut went back to The frozen lopunny!<br></div><div class="battle-history">Go! ThisIsMyHappyFace (<strong>Mienshao</strong>)!<br></div><div class="spacer battle-history"><br></div><div class="battle-history"><small>The opposing Mantine restored a little HP using its Leftovers!</small><br></div><div class="spacer battle-history"><br></div><h2 class="battle-history">Turn 11</h2><div class="spacer battle-history"><br></div><div class="battle-history">ThisIsMyHappyFace used <strong>U-turn</strong>!<br></div><div class="battle-history"><small>It's not very effective...</small><br></div><div class="battle-history"><small>(The opposing Mantine lost <abbr title="−49/329">14.9%</abbr> of its health!)</small><br></div><div class="spacer battle-history"><br></div><div class="battle-history">ThisIsMyHappyFace went back to The frozen lopunny!<br></div><div class="battle-history">Go! Dingodile (<strong>Krookodile</strong>)!<br></div><div class="spacer battle-history"><br></div><div class="battle-history">The opposing Mantine used <strong>Scald</strong>!<br></div><div class="battle-history"><small>It's super effective!</small><br></div><div class="battle-history"><small>(Dingodile lost <abbr title="−118/331">35.6%</abbr> of its health!)</small><br></div><div class="spacer battle-history"><br></div><div class="battle-history">Dingodile fainted!<br></div><div class="spacer battle-history"><br></div><div class="battle-history"><small>The opposing Mantine restored a little HP using its Leftovers!</small><br></div><div class="spacer battle-history"><br></div><div class="battle-history">Go! Metal wallnut (<strong>Forretress</strong>)!<br></div><div class="spacer battle-history"><br></div><h2 class="battle-history">Turn 12</h2><div class="spacer battle-history"><br></div><div class="battle-history">The opposing Mantine used <strong>Scald</strong>!<br></div><div class="battle-history"><small>(Metal wallnut lost <abbr title="−108/354">30.5%</abbr> of its health!)</small><br></div><div class="spacer battle-history"><br></div><div class="battle-history">Metal wallnut used <strong>Volt Switch</strong>!<br></div><div class="battle-history"><small>It's super effective!</small><br></div><div class="battle-history"><small>(The opposing Mantine lost <abbr title="−92/329">28.0%</abbr> of its health!)</small><br></div><div class="spacer battle-history"><br></div><div class="battle-history">Metal wallnut went back to The frozen lopunny!<br></div><div class="battle-history">Go! ThisIsMyHappyFace (<strong>Mienshao</strong>)!<br></div><div class="spacer battle-history"><br></div><div class="battle-history"><small>The opposing Mantine restored a little HP using its Leftovers!</small><br></div><div class="spacer battle-history"><br></div><h2 class="battle-history">Turn 13</h2><div class="spacer battle-history"><br></div><div class="battle-history">ThisIsMyHappyFace used <strong>Stone Edge</strong>!<br></div><div class="battle-history"><small>It's super effective!</small><br></div><div class="battle-history"><small>(The opposing Mantine lost <abbr title="−124/329">37.7%</abbr> of its health!)</small><br></div><div class="spacer battle-history"><br></div><div class="battle-history">The opposing Mantine fainted!<br></div><div class="spacer battle-history"><br></div><div class="battle-history">poft sent out <strong>Espeon</strong>!<br></div><div class="spacer battle-history"><br></div><h2 class="battle-history">Turn 14</h2><div class="spacer battle-history"><br></div><div class="battle-history">ThisIsMyHappyFace, come back!<br></div><div class="battle-history">Go! Metal wallnut (<strong>Forretress</strong>)!<br></div><div class="spacer battle-history"><br></div><div class="battle-history">The opposing Espeon used <strong>Psyshock</strong>!<br></div><div class="battle-history"><small>It's not very effective...</small><br></div><div class="battle-history"><small>(Metal wallnut lost <abbr title="−44/354">12.4%</abbr> of its health!)</small><br></div><div class="spacer battle-history"><br></div><div class="battle-history"><small>Metal wallnut restored a little HP using its Leftovers!</small><br></div><div class="battle-history"><small>Metal wallnut was hurt by its burn!</small><br></div><div class="spacer battle-history"><br></div><h2 class="battle-history">Turn 15</h2><div class="spacer battle-history"><br></div><div class="battle-history">poft withdrew Espeon!<br></div><div class="battle-history">poft sent out <strong>Beedrill</strong>!<br></div><div class="spacer battle-history"><br></div><div class="battle-history">Metal wallnut used <strong>Volt Switch</strong>!<br></div><div class="battle-history"><small>(The opposing Beedrill lost <abbr title="−40/271">14.8%</abbr> of its health!)</small><br></div><div class="spacer battle-history"><br></div><div class="battle-history">Metal wallnut went back to The frozen lopunny!<br></div><div class="battle-history">Go! ThisIsMyHappyFace (<strong>Mienshao</strong>)!<br></div><div class="spacer battle-history"><br></div><h2 class="battle-history">Turn 16</h2><div class="spacer battle-history"><br></div><div class="battle-history"><small>The opposing Beedrill's Beedrillite is reacting to poft's Mega Bracelet!</small><br>The opposing Beedrill has Mega Evolved into Mega Beedrill!<br></div><div class="spacer battle-history"><br></div><div class="battle-history">The opposing Beedrill used <strong>Protect</strong>!<br></div><div class="battle-history"><small>The opposing Beedrill protected itself!</small><br></div><div class="spacer battle-history"><br></div><div class="battle-history">ThisIsMyHappyFace used <strong>Stone Edge</strong>!<br></div><div class="battle-history"><small>The opposing Beedrill protected itself!</small><br></div><div class="spacer battle-history"><br></div><h2 class="battle-history">Turn 17</h2><div class="spacer battle-history"><br></div><div class="battle-history">ThisIsMyHappyFace used <strong>Stone Edge</strong>!<br></div><div class="battle-history"><small>It's super effective!</small><br></div><div class="battle-history"><small>(The opposing Beedrill lost <abbr title="−231/271">85.2%</abbr> of its health!)</small><br></div><div class="spacer battle-history"><br></div><div class="battle-history">The opposing Beedrill fainted!<br></div><div class="spacer battle-history"><br></div><div class="battle-history">poft sent out <strong>Espeon</strong>!<br></div><div class="spacer battle-history"><br></div><h2 class="battle-history">Turn 18</h2><div class="spacer battle-history"><br></div><div class="battle-history">ThisIsMyHappyFace, come back!<br></div><div class="battle-history">Go! Metal wallnut (<strong>Forretress</strong>)!<br></div><div class="spacer battle-history"><br></div><div class="battle-history">The opposing Espeon used <strong>Psyshock</strong>!<br></div><div class="battle-history"><small>It's not very effective...</small><br></div><div class="battle-history"><small>(Metal wallnut lost <abbr title="−46/354">13.0%</abbr> of its health!)</small><br></div><div class="spacer battle-history"><br></div><div class="battle-history"><small>Metal wallnut restored a little HP using its Leftovers!</small><br></div><div class="battle-history"><small>Metal wallnut was hurt by its burn!</small><br></div><div class="spacer battle-history"><br></div><div class="battle-history">Metal wallnut fainted!<br></div><div class="spacer battle-history"><br></div><div class="battle-history">Go! ThisIsMyHappyFace (<strong>Mienshao</strong>)!<br></div><div class="spacer battle-history"><br></div><h2 class="battle-history">Turn 19</h2><div class="spacer battle-history"><br></div><div class="battle-history">ThisIsMyHappyFace used <strong>Knock Off</strong>!<br></div><div class="battle-history"><small>It's super effective!</small><br></div><div class="battle-history"><small>(The opposing Espeon lost <abbr title="−271/271">100%</abbr> of its health!)</small><br></div><div class="battle-history"><small>ThisIsMyHappyFace knocked off the opposing Espeon's Choice Scarf!</small><br></div><div class="spacer battle-history"><br></div><div class="battle-history">The opposing Espeon fainted!<br></div><div class="spacer battle-history"><br></div><div class="battle-history"><strong>The frozen lopunny</strong> won the battle!<br></div><div class="chat">The frozen lopunny's rating: 1343 → <strong>1355</strong><br>(+12 for winning)</div><div class="chat">poft's rating: 1188 → <strong>1173</strong><br>(-15 for losing)</div><div class="chat chatmessage-thefrozenlopunny"><strong style="color:hsl(18,79%,41.70480063285996%)"><small>☆</small><span class="username" data-name="The frozen lopunny">The frozen lopunny</span>:</strong> <em>gg</em></div><div class="chat"><small>poft left.</small></div></div><div class="inner-preempt"></div></div></div>
</div>
<script>
let daily = Math.floor(Date.now()/1000/60/60/24);document.write('<script src="https://play.pokemonshowdown.com/js/replay-embed.js?version'+daily+'"></'+'script>');
</script>
