<!DOCTYPE html>
<meta charset="utf-8" />
<!-- version 1 -->
<title>UU replay: Luis_Zuniga_SPS vs. Kman343</title>
<style>
html,body {font-family:Verdana, sans-serif;font-size:10pt;margin:0;padding:0;}body{padding:12px 0;} .battle-log {font-family:Verdana, sans-serif;font-size:10pt;} .battle-log-inline {border:1px solid #AAAAAA;background:#EEF2F5;color:black;max-width:640px;margin:0 auto 80px;padding-bottom:5px;} .battle-log .inner {padding:4px 8px 0px 8px;} .battle-log .inner-preempt {padding:0 8px 4px 8px;} .battle-log .inner-after {margin-top:0.5em;} .battle-log h2 {margin:0.5em -8px;padding:4px 8px;border:1px solid #AAAAAA;background:#E0E7EA;border-left:0;border-right:0;font-family:Verdana, sans-serif;font-size:13pt;} .battle-log .chat {vertical-align:middle;padding:3px 0 3px 0;font-size:8pt;} .battle-log .chat strong {color:#40576A;} .battle-log .chat em {padding:1px 4px 1px 3px;color:#000000;font-style:normal;} .chat.mine {background:rgba(0,0,0,0.05);margin-left:-8px;margin-right:-8px;padding-left:8px;padding-right:8px;} .spoiler {color:#BBBBBB;background:#BBBBBB;padding:0px 3px;} .spoiler:hover, .spoiler:active, .spoiler-shown {color:#000000;background:#E2E2E2;padding:0px 3px;} .spoiler a {color:#BBBBBB;} .spoiler:hover a, .spoiler:active a, .spoiler-shown a {color:#2288CC;} .chat code, .chat .spoiler:hover code, .chat .spoiler:active code, .chat .spoiler-shown code {border:1px solid #C0C0C0;background:#EEEEEE;color:black;padding:0 2px;} .chat .spoiler code {border:1px solid #CCCCCC;background:#CCCCCC;color:#CCCCCC;} .battle-log .rated {padding:3px 4px;} .battle-log .rated strong {color:white;background:#89A;padding:1px 4px;border-radius:4px;} .spacer {margin-top:0.5em;} .message-announce {background:#6688AA;color:white;padding:1px 4px 2px;} .message-announce a, .broadcast-green a, .broadcast-blue a, .broadcast-red a {color:#DDEEFF;} .broadcast-green {background-color:#559955;color:white;padding:2px 4px;} .broadcast-blue {background-color:#6688AA;color:white;padding:2px 4px;} .infobox {border:1px solid #6688AA;padding:2px 4px;} .infobox-limited {max-height:200px;overflow:auto;overflow-x:hidden;} .broadcast-red {background-color:#AA5544;color:white;padding:2px 4px;} .message-learn-canlearn {font-weight:bold;color:#228822;text-decoration:underline;} .message-learn-cannotlearn {font-weight:bold;color:#CC2222;text-decoration:underline;} .message-effect-weak {font-weight:bold;color:#CC2222;} .message-effect-resist {font-weight:bold;color:#6688AA;} .message-effect-immune {font-weight:bold;color:#666666;} .message-learn-list {margin-top:0;margin-bottom:0;} .message-throttle-notice, .message-error {color:#992222;} .message-overflow, .chat small.message-overflow {font-size:0pt;} .message-overflow::before {font-size:9pt;content:'...';} .subtle {color:#3A4A66;}
</style>
<div class="wrapper replay-wrapper" style="max-width:1180px;margin:0 auto">
<input type="hidden" name="replayid" value="uu-597529019" />
<div class="battle"></div><div class="battle-log"></div><div class="replay-controls"></div><div class="replay-controls-2"></div>
<h1 style="font-weight:normal;text-align:center"><strong>UU</strong><br /><a href="http://pokemonshowdown.com/users/luiszunigasps" class="subtle" target="_blank">Luis_Zuniga_SPS</a> vs. <a href="http://pokemonshowdown.com/users/kman343" class="subtle" target="_blank">Kman343</a></h1>
<script type="text/plain" class="battle-log-data">|j|Luis_Zuniga_SPS
|j|Kman343
|player|p1|Luis_Zuniga_SPS|123
|teamsize|p1|6
|player|p2|Kman343|52
|teamsize|p2|6
|gametype|singles
|gen|6
|tier|UU
|rated
|seed|9523,11778,29092,40398
|rule|Sleep Clause Mod: Limit one foe put to sleep
|rule|Species Clause: Limit one of each Pokémon
|rule|OHKO Clause: OHKO moves are banned
|rule|Moody Clause: Moody is banned
|rule|Evasion Moves Clause: Evasion moves are banned
|rule|Endless Battle Clause: Forcing endless battles is banned
|rule|HP Percentage Mod: HP is shown in percentages
|clearpoke
|poke|p1|Hippopotas, F|item
|poke|p1|Blissey, F|item
|poke|p1|Empoleon, F|item
|poke|p1|Lucario, M|item
|poke|p1|Cloyster, M|item
|poke|p1|Shuckle, F|item
|poke|p2|Aggron, M|item
|poke|p2|Mamoswine, M|item
|poke|p2|Hydreigon, M, shiny|item
|poke|p2|Crobat, M|item
|poke|p2|Heracross, M|item
|poke|p2|Infernape, M|item
|rule|Swagger Clause: Swagger is banned
|rule|Baton Pass Clause: Limit one Baton Passer, can't pass Spe and other stats simultaneously
|teampreview
|choice|team 1, team 2, team 3, team 4, team 5, team 6|team 2, team 1, team 3, team 4, team 5, team 6
|
|start
|switch|p1a: Hippopotas|Hippopotas, F|340\/340
|switch|p2a: Mammy|Mamoswine, M|361\/361
|-weather|Sandstorm|[from] ability: Sand Stream|[of] p1a: Hippopotas
|turn|1
|inactive|Battle timer is ON: inactive players will automatically lose when time's up. (requested by Luis_Zuniga_SPS)
|choice|move stealthrock|move iciclecrash
|
|move|p2a: Mammy|Icicle Crash|p1a: Hippopotas
|-supereffective|p1a: Hippopotas
|-damage|p1a: Hippopotas|172\/340
|move|p1a: Hippopotas|Stealth Rock|p2a: Mammy
|-sidestart|p2: Kman343|move: Stealth Rock
|
|-weather|Sandstorm|[upkeep]
|upkeep
|turn|2
|choice|move whirlwind|move iciclecrash
|
|move|p2a: Mammy|Icicle Crash|p1a: Hippopotas
|-supereffective|p1a: Hippopotas
|-damage|p1a: Hippopotas|0 fnt
|faint|p1a: Hippopotas
|
|-weather|Sandstorm|[upkeep]
|upkeep
|choice|switch 5|
|
|switch|p1a: Cloyster|Cloyster, M|304\/304
|turn|3
|choice|move shellsmash|move earthquake
|
|move|p2a: Mammy|Earthquake|p1a: Cloyster
|-damage|p1a: Cloyster|219\/304
|move|p1a: Cloyster|Shell Smash|p1a: Cloyster
|-unboost|p1a: Cloyster|def|1
|-unboost|p1a: Cloyster|spd|1
|-boost|p1a: Cloyster|atk|2
|-boost|p1a: Cloyster|spa|2
|-boost|p1a: Cloyster|spe|2
|-enditem|p1a: Cloyster|White Herb
|-clearnegativeboost|p1a: Cloyster|[silent]
|
|-weather|Sandstorm|[upkeep]
|upkeep
|turn|4
|choice|move iciclecrash|move earthquake
|
|move|p1a: Cloyster|Icicle Crash|p2a: Mammy
|-damage|p2a: Mammy|121\/361
|cant|p2a: Mammy|flinch
|
|-weather|Sandstorm|[upkeep]
|upkeep
|turn|5
|choice|move razorshell|move iceshard
|
|move|p2a: Mammy|Ice Shard|p1a: Cloyster
|-resisted|p1a: Cloyster
|-damage|p1a: Cloyster|212\/304
|move|p1a: Cloyster|Razor Shell|p2a: Mammy
|-supereffective|p2a: Mammy
|-damage|p2a: Mammy|0 fnt
|faint|p2a: Mammy
|
|-weather|none
|upkeep
|choice||switch 6
|
|switch|p2a: Zuko|Infernape, M|293\/293
|-damage|p2a: Zuko|257\/293|[from] Stealth Rock
|turn|6
|choice|move razorshell|move vacuumwave
|
|move|p2a: Zuko|Vacuum Wave|p1a: Cloyster
|-supereffective|p1a: Cloyster
|-damage|p1a: Cloyster|0 fnt
|-damage|p2a: Zuko|228\/293|[from] item: Life Orb
|faint|p1a: Cloyster
|
|upkeep
|choice|switch 6|
|
|switch|p1a: Shuckle|Shuckle, F|244\/244
|turn|7
|choice|move infestation|move nastyplot
|
|move|p2a: Zuko|Nasty Plot|p2a: Zuko
|-boost|p2a: Zuko|spa|2
|move|p1a: Shuckle|Infestation|p2a: Zuko
|-resisted|p2a: Zuko
|-damage|p2a: Zuko|226\/293
|-activate|p2a: Zuko|move: Infestation|[of] p1a: Shuckle
|
|-damage|p2a: Zuko|190\/293|[from] move: Infestation|[partiallytrapped]
|upkeep
|turn|8
|choice|move toxic|move fireblast
|
|move|p2a: Zuko|Fire Blast|p1a: Shuckle|[miss]
|-miss|p2a: Zuko|p1a: Shuckle
|move|p1a: Shuckle|Toxic|p2a: Zuko
|-status|p2a: Zuko|tox
|
|-damage|p2a: Zuko|172\/293 tox|[from] psn
|-damage|p2a: Zuko|136\/293 tox|[from] move: Infestation|[partiallytrapped]
|upkeep
|turn|9
|choice|move shellsmash|move fireblast
|
|move|p2a: Zuko|Fire Blast|p1a: Shuckle
|-damage|p1a: Shuckle|52\/244
|-damage|p2a: Zuko|107\/293 tox|[from] item: Life Orb
|move|p1a: Shuckle|Shell Smash|p1a: Shuckle
|-boost|p1a: Shuckle|def|1
|-boost|p1a: Shuckle|spd|1
|-unboost|p1a: Shuckle|atk|2
|-unboost|p1a: Shuckle|spa|2
|-unboost|p1a: Shuckle|spe|2
|
|-heal|p1a: Shuckle|67\/244|[from] item: Leftovers
|-damage|p2a: Zuko|71\/293 tox|[from] psn
|-damage|p2a: Zuko|35\/293 tox|[from] move: Infestation|[partiallytrapped]
|upkeep
|turn|10
|choice|switch 2|move vacuumwave
|
|switch|p1a: Blissey|Blissey, F|714\/714
|move|p2a: Zuko|Vacuum Wave|p1a: Blissey
|-supereffective|p1a: Blissey
|-damage|p1a: Blissey|532\/714
|-damage|p2a: Zuko|6\/293 tox|[from] item: Life Orb
|
|-heal|p1a: Blissey|576\/714|[from] item: Leftovers
|-damage|p2a: Zuko|0 fnt|[from] psn
|upkeep
|faint|p2a: Zuko
|choice||switch 5
|
|switch|p2a: Hercules|Heracross, M|302\/302
|-damage|p2a: Hercules|265\/302|[from] Stealth Rock
|turn|11
|choice|switch 2|move closecombat
|
|switch|p1a: Shuckle|Shuckle, F|67\/244
|move|p2a: Hercules|Close Combat|p1a: Shuckle
|-damage|p1a: Shuckle|0 fnt
|-unboost|p2a: Hercules|def|1
|-unboost|p2a: Hercules|spd|1
|faint|p1a: Shuckle
|
|upkeep
|choice|switch 4|
|
|switch|p1a: Lucario|Lucario, M|281\/281
|turn|12
|choice|move extremespeed|switch 4
|
|switch|p2a: Acrobat|Crobat, M|372\/372
|-damage|p2a: Acrobat|279\/372|[from] Stealth Rock
|move|p1a: Lucario|Extreme Speed|p2a: Acrobat
|-damage|p2a: Acrobat|149\/372
|-damage|p1a: Lucario|253\/281|[from] item: Life Orb
|
|-heal|p2a: Acrobat|172\/372|[from] item: Black Sludge
|upkeep
|turn|13
|choice|move extremespeed|move defog
|
|move|p1a: Lucario|Extreme Speed|p2a: Acrobat
|-damage|p2a: Acrobat|39\/372
|-damage|p1a: Lucario|225\/281|[from] item: Life Orb
|move|p2a: Acrobat|Defog|p1a: Lucario
|-unboost|p1a: Lucario|evasion|1
|-sideend|p2: Kman343|Stealth Rock|[from] move: Defog|[of] p2a: Acrobat
|
|-heal|p2a: Acrobat|62\/372|[from] item: Black Sludge
|upkeep
|turn|14
|choice|move workup|switch 2
|
|switch|p2a: Hardwalled|Aggron, M|344\/344
|move|p1a: Lucario|Work Up|p1a: Lucario
|-boost|p1a: Lucario|atk|1
|-boost|p1a: Lucario|spa|1
|
|upkeep
|turn|15
|choice|move vacuumwave|move roar mega
|
|detailschange|p2a: Hardwalled|Aggron-Mega, M
|-mega|p2a: Hardwalled|Aggron|Aggronite
|move|p1a: Lucario|Vacuum Wave|p2a: Hardwalled
|-supereffective|p2a: Hardwalled
|-damage|p2a: Hardwalled|172\/344
|-damage|p1a: Lucario|197\/281|[from] item: Life Orb
|move|p2a: Hardwalled|Roar|p1a: Lucario
|drag|p1a: Blissey|Blissey, F|576\/714
|
|-heal|p1a: Blissey|620\/714|[from] item: Leftovers
|upkeep
|turn|16
|choice|move thunderwave|move heavyslam
|
|move|p1a: Blissey|Thunder Wave|p2a: Hardwalled
|-status|p2a: Hardwalled|par
|cant|p2a: Hardwalled|par
|
|-heal|p1a: Blissey|664\/714|[from] item: Leftovers
|upkeep
|turn|17
|choice|move seismictoss|move thunderwave
|
|move|p1a: Blissey|Seismic Toss|p2a: Hardwalled
|-damage|p2a: Hardwalled|72\/344 par
|move|p2a: Hardwalled|Thunder Wave|p1a: Blissey
|-status|p1a: Blissey|par
|
|-heal|p1a: Blissey|708\/714 par|[from] item: Leftovers
|upkeep
|turn|18
|choice|move seismictoss|move heavyslam
|
|move|p1a: Blissey|Seismic Toss|p2a: Hardwalled
|-damage|p2a: Hardwalled|0 fnt
|faint|p2a: Hardwalled
|
|-heal|p1a: Blissey|714\/714 par|[from] item: Leftovers
|upkeep
|choice||switch 3
|
|switch|p2a: Hail Hydra|Hydreigon, M, shiny|325\/325
|turn|19
|choice|move thunderwave|move taunt
|
|move|p2a: Hail Hydra|Taunt|p1a: Blissey
|-start|p1a: Blissey|move: Taunt
|cant|p1a: Blissey|move: Taunt|Thunder Wave
|
|upkeep
|turn|20
|choice|move seismictoss|move dragonpulse
|
|move|p2a: Hail Hydra|Dragon Pulse|p1a: Blissey
|-damage|p1a: Blissey|593\/714 par
|-damage|p2a: Hail Hydra|293\/325|[from] item: Life Orb
|move|p1a: Blissey|Seismic Toss|p2a: Hail Hydra
|-damage|p2a: Hail Hydra|193\/325
|
|-heal|p1a: Blissey|637\/714 par|[from] item: Leftovers
|upkeep
|turn|21
|choice|move seismictoss|switch 4
|
|switch|p2a: Hercules|Heracross, M|265\/302
|cant|p1a: Blissey|par
|
|-heal|p1a: Blissey|681\/714 par|[from] item: Leftovers
|-end|p1a: Blissey|move: Taunt
|upkeep
|turn|22
|choice|move thunderwave|move closecombat
|
|move|p2a: Hercules|Close Combat|p1a: Blissey
|-supereffective|p1a: Blissey
|-damage|p1a: Blissey|0 fnt
|-unboost|p2a: Hercules|def|1
|-unboost|p2a: Hercules|spd|1
|faint|p1a: Blissey
|
|upkeep
|choice|switch 2|
|
|switch|p1a: Lucario|Lucario, M|197\/281
|turn|23
|choice|move workup|move closecombat
|
|move|p2a: Hercules|Close Combat|p1a: Lucario
|-supereffective|p1a: Lucario
|-damage|p1a: Lucario|0 fnt
|-unboost|p2a: Hercules|def|1
|-unboost|p2a: Hercules|spd|1
|faint|p1a: Lucario
|
|upkeep
|choice|switch 3|
|
|switch|p1a: Empoleon|Empoleon, F|372\/372
|turn|24
|choice|move aquajet|move closecombat
|
|move|p1a: Empoleon|Aqua Jet|p2a: Hercules
|-damage|p2a: Hercules|116\/302
|-damage|p1a: Empoleon|335\/372|[from] item: Life Orb
|move|p2a: Hercules|Close Combat|p1a: Empoleon
|-supereffective|p1a: Empoleon
|-damage|p1a: Empoleon|0 fnt
|-unboost|p2a: Hercules|def|1
|-unboost|p2a: Hercules|spd|1
|faint|p1a: Empoleon
|
|win|Kman343
|l|Luis_Zuniga_SPS
|raw|Luis_Zuniga_SPS's rating: 1202 &rarr; <strong>1186<\/strong><br \/>(-16 for losing)
|raw|Kman343's rating: 1326 &rarr; <strong>1340<\/strong><br \/>(+14 for winning)</script>
</div>
<div class="battle-log battle-log-inline"><div class="inner"><div class="battle-options"></div><div class="inner"><div class="chat"><small>Luis_Zuniga_SPS joined.</small></div><div class="chat"><small>Kman343 joined.</small></div><div class=""><small>Format:</small> <br><strong>UU</strong></div><div class="rated"><strong>Rated battle</strong></div><div class=""><small><em>Sleep Clause Mod:</em> Limit one foe put to sleep</small></div><div class=""><small><em>Species Clause:</em> Limit one of each Pokémon</small></div><div class=""><small><em>OHKO Clause:</em> OHKO moves are banned</small></div><div class=""><small><em>Moody Clause:</em> Moody is banned</small></div><div class=""><small><em>Evasion Moves Clause:</em> Evasion moves are banned</small></div><div class=""><small><em>Endless Battle Clause:</em> Forcing endless battles is banned</small></div><div class=""><small><em>HP Percentage Mod:</em> HP is shown in percentages</small></div><div class=""><small><em>Swagger Clause:</em> Swagger is banned</small></div><div class=""><small><em>Baton Pass Clause:</em> Limit one Baton Passer, can't pass Spe and other stats simultaneously</small></div><div class="chat battle-history"><strong>Luis_Zuniga_SPS's team:</strong> <em style="color:#445566;display:block;">Hippopotas / Blissey / Empoleon / Lucario / Cloyster / Shuckle</em></div><div class="chat battle-history"><strong>Kman343's team:</strong> <em style="color:#445566;display:block;">Aggron / Mamoswine / Hydreigon / Crobat / Heracross / Infernape</em></div><div class="spacer battle-history"><br></div><div class="battle-history">Battle started between Luis_Zuniga_SPS and Kman343!<br></div><div class="spacer battle-history"><br></div><div class="battle-history">Go! <strong>Hippopotas</strong>!<br></div><div class="spacer battle-history"><br></div><div class="battle-history">Kman343 sent out Mammy (<strong>Mamoswine</strong>)!<br></div><div class="battle-history"><small>[Hippopotas's Sand Stream]</small><br><small>A sandstorm kicked up!</small><br></div><div class="spacer battle-history"><br></div><h2 class="battle-history">Turn 1</h2><div class="chat message-error">Battle timer is ON: inactive players will automatically lose when time's up. (requested by Luis_Zuniga_SPS)</div><div class="spacer battle-history"><br></div><div class="battle-history">The opposing Mammy used <strong>Icicle Crash</strong>!<br></div><div class="battle-history"><small>It's super effective!</small><br></div><div class="battle-history"><small>(Hippopotas lost <abbr title="−168/340">49.4%</abbr> of its health!)</small><br></div><div class="spacer battle-history"><br></div><div class="battle-history">Hippopotas used <strong>Stealth Rock</strong>!<br></div><div class="battle-history"><small>Pointed stones float in the air around the opposing team!</small><br></div><div class="spacer battle-history"><br></div><div class="battle-history"><small>The sandstorm is raging.</small><br></div><div class="spacer battle-history"><br></div><h2 class="battle-history">Turn 2</h2><div class="spacer battle-history"><br></div><div class="battle-history">The opposing Mammy used <strong>Icicle Crash</strong>!<br></div><div class="battle-history"><small>It's super effective!</small><br></div><div class="battle-history"><small>(Hippopotas lost <abbr title="−172/340">50.6%</abbr> of its health!)</small><br></div><div class="spacer battle-history"><br></div><div class="battle-history">Hippopotas fainted!<br></div><div class="spacer battle-history"><br></div><div class="battle-history"><small>The sandstorm is raging.</small><br></div><div class="spacer battle-history"><br></div><div class="battle-history">Go! <strong>Cloyster</strong>!<br></div><div class="spacer battle-history"><br></div><h2 class="battle-history">Turn 3</h2><div class="spacer battle-history"><br></div><div class="battle-history">The opposing Mammy used <strong>Earthquake</strong>!<br></div><div class="battle-history"><small>(Cloyster lost <abbr title="−85/304">28.0%</abbr> of its health!)</small><br></div><div class="spacer battle-history"><br></div><div class="battle-history">Cloyster used <strong>Shell Smash</strong>!<br></div><div class="battle-history"><small>Cloyster's Defense fell!</small><br></div><div class="battle-history"><small>Cloyster's Special Defense fell!</small><br></div><div class="battle-history"><small>Cloyster's Attack rose sharply!</small><br></div><div class="battle-history"><small>Cloyster's Special Attack rose sharply!</small><br></div><div class="battle-history"><small>Cloyster's Speed rose sharply!</small><br></div><div class="battle-history"><small>Cloyster returned its status to normal using its White Herb!</small><br></div><div class="spacer battle-history"><br></div><div class="battle-history"><small>The sandstorm is raging.</small><br></div><div class="spacer battle-history"><br></div><h2 class="battle-history">Turn 4</h2><div class="spacer battle-history"><br></div><div class="battle-history">Cloyster used <strong>Icicle Crash</strong>!<br></div><div class="battle-history"><small>(The opposing Mammy lost <abbr title="−240/361">66.5%</abbr> of its health!)</small><br></div><div class="spacer battle-history"><br></div><div class="battle-history">The opposing Mammy flinched and couldn't move!<br></div><div class="spacer battle-history"><br></div><div class="battle-history"><small>The sandstorm is raging.</small><br></div><div class="spacer battle-history"><br></div><h2 class="battle-history">Turn 5</h2><div class="spacer battle-history"><br></div><div class="battle-history">The opposing Mammy used <strong>Ice Shard</strong>!<br></div><div class="battle-history"><small>It's not very effective...</small><br></div><div class="battle-history"><small>(Cloyster lost <abbr title="−7/304">2.3%</abbr> of its health!)</small><br></div><div class="spacer battle-history"><br></div><div class="battle-history">Cloyster used <strong>Razor Shell</strong>!<br></div><div class="battle-history"><small>It's super effective!</small><br></div><div class="battle-history"><small>(The opposing Mammy lost <abbr title="−121/361">33.5%</abbr> of its health!)</small><br></div><div class="spacer battle-history"><br></div><div class="battle-history">The opposing Mammy fainted!<br></div><div class="spacer battle-history"><br></div><div class="battle-history"><small>The sandstorm subsided.</small><br></div><div class="spacer battle-history"><br></div><div class="battle-history">Kman343 sent out Zuko (<strong>Infernape</strong>)!<br></div><div class="battle-history"><small>Pointed stones dug into the opposing Zuko!</small><br></div><div class="spacer battle-history"><br></div><h2 class="battle-history">Turn 6</h2><div class="spacer battle-history"><br></div><div class="battle-history">The opposing Zuko used <strong>Vacuum Wave</strong>!<br></div><div class="battle-history"><small>It's super effective!</small><br></div><div class="battle-history"><small>(Cloyster lost <abbr title="−212/304">69.7%</abbr> of its health!)</small><br></div><div class="battle-history"><small>The opposing Zuko lost some of its HP!</small><br></div><div class="spacer battle-history"><br></div><div class="battle-history">Cloyster fainted!<br></div><div class="spacer battle-history"><br></div><div class="battle-history">Go! <strong>Shuckle</strong>!<br></div><div class="spacer battle-history"><br></div><h2 class="battle-history">Turn 7</h2><div class="spacer battle-history"><br></div><div class="battle-history">The opposing Zuko used <strong>Nasty Plot</strong>!<br></div><div class="battle-history"><small>The opposing Zuko's Special Attack rose sharply!</small><br></div><div class="spacer battle-history"><br></div><div class="battle-history">Shuckle used <strong>Infestation</strong>!<br></div><div class="battle-history"><small>It's not very effective...</small><br></div><div class="battle-history"><small>(The opposing Zuko lost <abbr title="−2/293">0.7%</abbr> of its health!)</small><br></div><div class="battle-history"><small>The opposing Zuko has been afflicted with an infestation by Shuckle!</small><br></div><div class="spacer battle-history"><br></div><div class="battle-history"><small>The opposing Zuko is hurt by Infestation!</small><br></div><div class="spacer battle-history"><br></div><h2 class="battle-history">Turn 8</h2><div class="spacer battle-history"><br></div><div class="battle-history">The opposing Zuko used <strong>Fire Blast</strong>!<br></div><div class="battle-history"><small>Shuckle avoided the attack!</small><br></div><div class="spacer battle-history"><br></div><div class="battle-history">Shuckle used <strong>Toxic</strong>!<br></div><div class="battle-history"><small>The opposing Zuko was badly poisoned!</small><br></div><div class="spacer battle-history"><br></div><div class="battle-history"><small>The opposing Zuko was hurt by poison!</small><br></div><div class="battle-history"><small>The opposing Zuko is hurt by Infestation!</small><br></div><div class="spacer battle-history"><br></div><h2 class="battle-history">Turn 9</h2><div class="spacer battle-history"><br></div><div class="battle-history">The opposing Zuko used <strong>Fire Blast</strong>!<br></div><div class="battle-history"><small>(Shuckle lost <abbr title="−192/244">78.7%</abbr> of its health!)</small><br></div><div class="battle-history"><small>The opposing Zuko lost some of its HP!</small><br></div><div class="spacer battle-history"><br></div><div class="battle-history">Shuckle used <strong>Shell Smash</strong>!<br></div><div class="battle-history"><small>Shuckle's Defense rose!</small><br></div><div class="battle-history"><small>Shuckle's Special Defense rose!</small><br></div><div class="battle-history"><small>Shuckle's Attack fell harshly!</small><br></div><div class="battle-history"><small>Shuckle's Special Attack fell harshly!</small><br></div><div class="battle-history"><small>Shuckle's Speed fell harshly!</small><br></div><div class="spacer battle-history"><br></div><div class="battle-history"><small>Shuckle restored a little HP using its Leftovers!</small><br></div><div class="battle-history"><small>The opposing Zuko was hurt by poison!</small><br></div><div class="battle-history"><small>The opposing Zuko is hurt by Infestation!</small><br></div><div class="spacer battle-history"><br></div><h2 class="battle-history">Turn 10</h2><div class="spacer battle-history"><br></div><div class="battle-history">Shuckle, come back!<br></div><div class="battle-history">Go! <strong>Blissey</strong>!<br></div><div class="spacer battle-history"><br></div><div class="battle-history">The opposing Zuko used <strong>Vacuum Wave</strong>!<br></div><div class="battle-history"><small>It's super effective!</small><br></div><div class="battle-history"><small>(Blissey lost <abbr title="−182/714">25.5%</abbr> of its health!)</small><br></div><div class="battle-history"><small>The opposing Zuko lost some of its HP!</small><br></div><div class="spacer battle-history"><br></div><div class="battle-history"><small>Blissey restored a little HP using its Leftovers!</small><br></div><div class="battle-history"><small>The opposing Zuko was hurt by poison!</small><br></div><div class="spacer battle-history"><br></div><div class="battle-history">The opposing Zuko fainted!<br></div><div class="spacer battle-history"><br></div><div class="battle-history">Kman343 sent out Hercules (<strong>Heracross</strong>)!<br></div><div class="battle-history"><small>Pointed stones dug into the opposing Hercules!</small><br></div><div class="spacer battle-history"><br></div><h2 class="battle-history">Turn 11</h2><div class="spacer battle-history"><br></div><div class="battle-history">Blissey, come back!<br></div><div class="battle-history">Go! <strong>Shuckle</strong>!<br></div><div class="spacer battle-history"><br></div><div class="battle-history">The opposing Hercules used <strong>Close Combat</strong>!<br></div><div class="battle-history"><small>(Shuckle lost <abbr title="−67/244">27.5%</abbr> of its health!)</small><br></div><div class="battle-history"><small>The opposing Hercules's Defense fell!</small><br></div><div class="battle-history"><small>The opposing Hercules's Special Defense fell!</small><br></div><div class="spacer battle-history"><br></div><div class="battle-history">Shuckle fainted!<br></div><div class="spacer battle-history"><br></div><div class="battle-history">Go! <strong>Lucario</strong>!<br></div><div class="spacer battle-history"><br></div><h2 class="battle-history">Turn 12</h2><div class="spacer battle-history"><br></div><div class="battle-history">Kman343 withdrew Hercules!<br></div><div class="battle-history">Kman343 sent out Acrobat (<strong>Crobat</strong>)!<br></div><div class="battle-history"><small>Pointed stones dug into the opposing Acrobat!</small><br></div><div class="spacer battle-history"><br></div><div class="battle-history">Lucario used <strong>Extreme Speed</strong>!<br></div><div class="battle-history"><small>(The opposing Acrobat lost <abbr title="−130/372">34.9%</abbr> of its health!)</small><br></div><div class="battle-history"><small>Lucario lost some of its HP!</small><br></div><div class="spacer battle-history"><br></div><div class="battle-history"><small>The opposing Acrobat restored a little HP using its Black Sludge!</small><br></div><div class="spacer battle-history"><br></div><h2 class="battle-history">Turn 13</h2><div class="spacer battle-history"><br></div><div class="battle-history">Lucario used <strong>Extreme Speed</strong>!<br></div><div class="battle-history"><small>(The opposing Acrobat lost <abbr title="−133/372">35.8%</abbr> of its health!)</small><br></div><div class="battle-history"><small>Lucario lost some of its HP!</small><br></div><div class="spacer battle-history"><br></div><div class="battle-history">The opposing Acrobat used <strong>Defog</strong>!<br></div><div class="battle-history"><small>Lucario's evasiveness fell!</small><br></div><div class="battle-history"><small>The pointed stones disappeared from around the opposing team!</small><br></div><div class="spacer battle-history"><br></div><div class="battle-history"><small>The opposing Acrobat restored a little HP using its Black Sludge!</small><br></div><div class="spacer battle-history"><br></div><h2 class="battle-history">Turn 14</h2><div class="spacer battle-history"><br></div><div class="battle-history">Kman343 withdrew Acrobat!<br></div><div class="battle-history">Kman343 sent out Hardwalled (<strong>Aggron</strong>)!<br></div><div class="spacer battle-history"><br></div><div class="battle-history">Lucario used <strong>Work Up</strong>!<br></div><div class="battle-history"><small>Lucario's Attack rose!</small><br></div><div class="battle-history"><small>Lucario's Special Attack rose!</small><br></div><div class="spacer battle-history"><br></div><h2 class="battle-history">Turn 15</h2><div class="spacer battle-history"><br></div><div class="battle-history"><small>The opposing Hardwalled's Aggronite is reacting to Kman343's Mega Bracelet!</small><br>The opposing Hardwalled has Mega Evolved into Mega Aggron!<br></div><div class="spacer battle-history"><br></div><div class="battle-history">Lucario used <strong>Vacuum Wave</strong>!<br></div><div class="battle-history"><small>It's super effective!</small><br></div><div class="battle-history"><small>(The opposing Hardwalled lost <abbr title="−172/344">50%</abbr> of its health!)</small><br></div><div class="battle-history"><small>Lucario lost some of its HP!</small><br></div><div class="spacer battle-history"><br></div><div class="battle-history">The opposing Hardwalled used <strong>Roar</strong>!<br></div><div class="spacer battle-history"><br></div><div class="battle-history"><strong>Blissey</strong> was dragged out!<br></div><div class="spacer battle-history"><br></div><div class="battle-history"><small>Blissey restored a little HP using its Leftovers!</small><br></div><div class="spacer battle-history"><br></div><h2 class="battle-history">Turn 16</h2><div class="spacer battle-history"><br></div><div class="battle-history">Blissey used <strong>Thunder Wave</strong>!<br></div><div class="battle-history"><small>The opposing Hardwalled is paralyzed! It may be unable to move!</small><br></div><div class="spacer battle-history"><br></div><div class="battle-history">The opposing Hardwalled is paralyzed! It can't move!<br></div><div class="spacer battle-history"><br></div><div class="battle-history"><small>Blissey restored a little HP using its Leftovers!</small><br></div><div class="spacer battle-history"><br></div><h2 class="battle-history">Turn 17</h2><div class="spacer battle-history"><br></div><div class="battle-history">Blissey used <strong>Seismic Toss</strong>!<br></div><div class="battle-history"><small>(The opposing Hardwalled lost <abbr title="−100/344">29.1%</abbr> of its health!)</small><br></div><div class="spacer battle-history"><br></div><div class="battle-history">The opposing Hardwalled used <strong>Thunder Wave</strong>!<br></div><div class="battle-history"><small>Blissey is paralyzed! It may be unable to move!</small><br></div><div class="spacer battle-history"><br></div><div class="battle-history"><small>Blissey restored a little HP using its Leftovers!</small><br></div><div class="spacer battle-history"><br></div><h2 class="battle-history">Turn 18</h2><div class="spacer battle-history"><br></div><div class="battle-history">Blissey used <strong>Seismic Toss</strong>!<br></div><div class="battle-history"><small>(The opposing Hardwalled lost <abbr title="−72/344">20.9%</abbr> of its health!)</small><br></div><div class="spacer battle-history"><br></div><div class="battle-history">The opposing Hardwalled fainted!<br></div><div class="spacer battle-history"><br></div><div class="battle-history"><small>Blissey restored a little HP using its Leftovers!</small><br></div><div class="spacer battle-history"><br></div><div class="battle-history">Kman343 sent out Hail Hydra (<strong>Hydreigon</strong>)!<br></div><div class="spacer battle-history"><br></div><h2 class="battle-history">Turn 19</h2><div class="spacer battle-history"><br></div><div class="battle-history">The opposing Hail Hydra used <strong>Taunt</strong>!<br></div><div class="battle-history"><small>Blissey fell for the taunt!</small><br></div><div class="spacer battle-history"><br></div><div class="battle-history">Blissey can't use Thunder Wave after the taunt!<br></div><div class="spacer battle-history"><br></div><h2 class="battle-history">Turn 20</h2><div class="spacer battle-history"><br></div><div class="battle-history">The opposing Hail Hydra used <strong>Dragon Pulse</strong>!<br></div><div class="battle-history"><small>(Blissey lost <abbr title="−121/714">16.9%</abbr> of its health!)</small><br></div><div class="battle-history"><small>The opposing Hail Hydra lost some of its HP!</small><br></div><div class="spacer battle-history"><br></div><div class="battle-history">Blissey used <strong>Seismic Toss</strong>!<br></div><div class="battle-history"><small>(The opposing Hail Hydra lost <abbr title="−100/325">30.8%</abbr> of its health!)</small><br></div><div class="spacer battle-history"><br></div><div class="battle-history"><small>Blissey restored a little HP using its Leftovers!</small><br></div><div class="spacer battle-history"><br></div><h2 class="battle-history">Turn 21</h2><div class="spacer battle-history"><br></div><div class="battle-history">Kman343 withdrew Hail Hydra!<br></div><div class="battle-history">Kman343 sent out Hercules (<strong>Heracross</strong>)!<br></div><div class="spacer battle-history"><br></div><div class="battle-history">Blissey is paralyzed! It can't move!<br></div><div class="spacer battle-history"><br></div><div class="battle-history"><small>Blissey restored a little HP using its Leftovers!</small><br></div><div class="battle-history"><small>Blissey's taunt wore off!</small><br></div><div class="spacer battle-history"><br></div><h2 class="battle-history">Turn 22</h2><div class="spacer battle-history"><br></div><div class="battle-history">The opposing Hercules used <strong>Close Combat</strong>!<br></div><div class="battle-history"><small>It's super effective!</small><br></div><div class="battle-history"><small>(Blissey lost <abbr title="−681/714">95.4%</abbr> of its health!)</small><br></div><div class="battle-history"><small>The opposing Hercules's Defense fell!</small><br></div><div class="battle-history"><small>The opposing Hercules's Special Defense fell!</small><br></div><div class="spacer battle-history"><br></div><div class="battle-history">Blissey fainted!<br></div><div class="spacer battle-history"><br></div><div class="battle-history">Go! <strong>Lucario</strong>!<br></div><div class="spacer battle-history"><br></div><h2 class="battle-history">Turn 23</h2><div class="spacer battle-history"><br></div><div class="battle-history">The opposing Hercules used <strong>Close Combat</strong>!<br></div><div class="battle-history"><small>It's super effective!</small><br></div><div class="battle-history"><small>(Lucario lost <abbr title="−197/281">70.1%</abbr> of its health!)</small><br></div><div class="battle-history"><small>The opposing Hercules's Defense fell!</small><br></div><div class="battle-history"><small>The opposing Hercules's Special Defense fell!</small><br></div><div class="spacer battle-history"><br></div><div class="battle-history">Lucario fainted!<br></div><div class="spacer battle-history"><br></div><div class="battle-history">Go! <strong>Empoleon</strong>!<br></div><div class="spacer battle-history"><br></div><h2 class="battle-history">Turn 24</h2><div class="spacer battle-history"><br></div><div class="battle-history">Empoleon used <strong>Aqua Jet</strong>!<br></div><div class="battle-history"><small>(The opposing Hercules lost <abbr title="−149/302">49.3%</abbr> of its health!)</small><br></div><div class="battle-history"><small>Empoleon lost some of its HP!</small><br></div><div class="spacer battle-history"><br></div><div class="battle-history">The opposing Hercules used <strong>Close Combat</strong>!<br></div><div class="battle-history"><small>It's super effective!</small><br></div><div class="battle-history"><small>(Empoleon lost <abbr title="−335/372">90.1%</abbr> of its health!)</small><br></div><div class="battle-history"><small>The opposing Hercules's Defense fell!</small><br></div><div class="battle-history"><small>The opposing Hercules's Special Defense fell!</small><br></div><div class="spacer battle-history"><br></div><div class="battle-history">Empoleon fainted!<br></div><div class="spacer battle-history"><br></div><div class="battle-history"><strong>Kman343</strong> won the battle!<br></div><div class="chat"><small>Luis_Zuniga_SPS left.</small></div><div class="chat">Luis_Zuniga_SPS's rating: 1202 → <strong>1186</strong><br>(-16 for losing)</div><div class="chat">Kman343's rating: 1326 → <strong>1340</strong><br>(+14 for winning)</div></div><div class="inner-preempt"></div></div></div>
</div>
<script>
let daily = Math.floor(Date.now()/1000/60/60/24);document.write('<script src="https://play.pokemonshowdown.com/js/replay-embed.js?version'+daily+'"></'+'script>');
</script>
