<!DOCTYPE html>
<meta charset="utf-8" />
<!-- version 1 -->
<title>UU replay: Parnstar vs. xshockfrostx</title>
<style>
html,body {font-family:Verdana, sans-serif;font-size:10pt;margin:0;padding:0;}body{padding:12px 0;} .battle-log {font-family:Verdana, sans-serif;font-size:10pt;} .battle-log-inline {border:1px solid #AAAAAA;background:#EEF2F5;color:black;max-width:640px;margin:0 auto 80px;padding-bottom:5px;} .battle-log .inner {padding:4px 8px 0px 8px;} .battle-log .inner-preempt {padding:0 8px 4px 8px;} .battle-log .inner-after {margin-top:0.5em;} .battle-log h2 {margin:0.5em -8px;padding:4px 8px;border:1px solid #AAAAAA;background:#E0E7EA;border-left:0;border-right:0;font-family:Verdana, sans-serif;font-size:13pt;} .battle-log .chat {vertical-align:middle;padding:3px 0 3px 0;font-size:8pt;} .battle-log .chat strong {color:#40576A;} .battle-log .chat em {padding:1px 4px 1px 3px;color:#000000;font-style:normal;} .chat.mine {background:rgba(0,0,0,0.05);margin-left:-8px;margin-right:-8px;padding-left:8px;padding-right:8px;} .spoiler {color:#BBBBBB;background:#BBBBBB;padding:0px 3px;} .spoiler:hover, .spoiler:active, .spoiler-shown {color:#000000;background:#E2E2E2;padding:0px 3px;} .spoiler a {color:#BBBBBB;} .spoiler:hover a, .spoiler:active a, .spoiler-shown a {color:#2288CC;} .chat code, .chat .spoiler:hover code, .chat .spoiler:active code, .chat .spoiler-shown code {border:1px solid #C0C0C0;background:#EEEEEE;color:black;padding:0 2px;} .chat .spoiler code {border:1px solid #CCCCCC;background:#CCCCCC;color:#CCCCCC;} .battle-log .rated {padding:3px 4px;} .battle-log .rated strong {color:white;background:#89A;padding:1px 4px;border-radius:4px;} .spacer {margin-top:0.5em;} .message-announce {background:#6688AA;color:white;padding:1px 4px 2px;} .message-announce a, .broadcast-green a, .broadcast-blue a, .broadcast-red a {color:#DDEEFF;} .broadcast-green {background-color:#559955;color:white;padding:2px 4px;} .broadcast-blue {background-color:#6688AA;color:white;padding:2px 4px;} .infobox {border:1px solid #6688AA;padding:2px 4px;} .infobox-limited {max-height:200px;overflow:auto;overflow-x:hidden;} .broadcast-red {background-color:#AA5544;color:white;padding:2px 4px;} .message-learn-canlearn {font-weight:bold;color:#228822;text-decoration:underline;} .message-learn-cannotlearn {font-weight:bold;color:#CC2222;text-decoration:underline;} .message-effect-weak {font-weight:bold;color:#CC2222;} .message-effect-resist {font-weight:bold;color:#6688AA;} .message-effect-immune {font-weight:bold;color:#666666;} .message-learn-list {margin-top:0;margin-bottom:0;} .message-throttle-notice, .message-error {color:#992222;} .message-overflow, .chat small.message-overflow {font-size:0pt;} .message-overflow::before {font-size:9pt;content:'...';} .subtle {color:#3A4A66;}
</style>
<div class="wrapper replay-wrapper" style="max-width:1180px;margin:0 auto">
<input type="hidden" name="replayid" value="uu-538802936" />
<div class="battle"></div><div class="battle-log"></div><div class="replay-controls"></div><div class="replay-controls-2"></div>
<h1 style="font-weight:normal;text-align:center"><strong>UU</strong><br /><a href="http://pokemonshowdown.com/users/parnstar" class="subtle" target="_blank">Parnstar</a> vs. <a href="http://pokemonshowdown.com/users/xshockfrostx" class="subtle" target="_blank">xshockfrostx</a></h1>
<script type="text/plain" class="battle-log-data">|j|Parnstar
|j|xshockfrostx
|player|p1|Parnstar|24
|player|p2|xshockfrostx|99
|gametype|singles
|gen|6
|tier|UU
|rated
|seed|27597,7435,48183,21006
|rule|Sleep Clause Mod: Limit one foe put to sleep
|rule|Species Clause: Limit one of each Pokémon
|rule|OHKO Clause: OHKO moves are banned
|rule|Moody Clause: Moody is banned
|rule|Evasion Moves Clause: Evasion moves are banned
|rule|Endless Battle Clause: Forcing endless battles is banned
|rule|HP Percentage Mod: HP is shown in percentages
|clearpoke
|poke|p1|Conkeldurr, M, shiny|item
|poke|p1|Magneton, shiny|item
|poke|p1|Porygon-Z|item
|poke|p1|Whimsicott, M, shiny|item
|poke|p1|Entei, shiny|item
|poke|p1|Tentacruel, F|item
|poke|p2|Sharpedo, M|item
|poke|p2|Cloyster, M, shiny|item
|poke|p2|Hydreigon, M|item
|poke|p2|Metagross, shiny|item
|poke|p2|Machamp, F|item
|poke|p2|Chandelure, M|item
|rule|Swagger Clause: Swagger is banned
|rule|Baton Pass Clause: Limit one Baton Passer, can't pass Spe and other stats simultaneously
|teampreview
|choice|team 5, team 2, team 3, team 4, team 1, team 6|team 2, team 1, team 3, team 4, team 5, team 6
|
|start
|switch|p1a: Ash could of caugh|Entei, shiny|371\/371
|switch|p2a: Cloyster|Cloyster, M, shiny|241\/241
|-ability|p1a: Ash could of caugh|Pressure
|turn|1
|choice|move sacredfire|move shellsmash
|
|move|p1a: Ash could of caugh|Sacred Fire|p2a: Cloyster
|-damage|p2a: Cloyster|111\/241
|-status|p2a: Cloyster|brn
|move|p2a: Cloyster|Shell Smash|p2a: Cloyster
|-unboost|p2a: Cloyster|def|1
|-unboost|p2a: Cloyster|spd|1
|-boost|p2a: Cloyster|atk|2
|-boost|p2a: Cloyster|spa|2
|-boost|p2a: Cloyster|spe|2
|-enditem|p2a: Cloyster|White Herb
|-clearnegativeboost|p2a: Cloyster|[silent]
|
|-damage|p2a: Cloyster|81\/241 brn|[from] brn
|upkeep
|turn|2
|c|☆Parnstar|Hf
|choice|switch 2|move rockblast
|
|switch|p1a: Alpha|Magneton, shiny|303\/303
|move|p2a: Cloyster|Rock Blast|p1a: Alpha
|-resisted|p1a: Alpha
|-crit|p1a: Alpha
|-damage|p1a: Alpha|291\/303
|-resisted|p1a: Alpha
|-damage|p1a: Alpha|282\/303
|-resisted|p1a: Alpha
|-damage|p1a: Alpha|274\/303
|-resisted|p1a: Alpha
|-damage|p1a: Alpha|265\/303
|-resisted|p1a: Alpha
|-damage|p1a: Alpha|257\/303
|-hitcount|p1a: Alpha|5
|
|-damage|p2a: Cloyster|51\/241 brn|[from] brn
|upkeep
|turn|3
|choice|move thunderbolt|move iciclespear
|
|move|p2a: Cloyster|Icicle Spear|p1a: Alpha
|-resisted|p1a: Alpha
|-damage|p1a: Alpha|243\/303
|-resisted|p1a: Alpha
|-damage|p1a: Alpha|230\/303
|-resisted|p1a: Alpha
|-damage|p1a: Alpha|218\/303
|-resisted|p1a: Alpha
|-damage|p1a: Alpha|205\/303
|-resisted|p1a: Alpha
|-crit|p1a: Alpha
|-damage|p1a: Alpha|186\/303
|-hitcount|p1a: Alpha|5
|move|p1a: Alpha|Thunderbolt|p2a: Cloyster
|-supereffective|p2a: Cloyster
|-damage|p2a: Cloyster|0 fnt
|faint|p2a: Cloyster
|
|upkeep
|choice||switch 6
|
|switch|p2a: Chandelure|Chandelure, M|323\/323
|turn|4
|choice|move voltswitch|move flamethrower
|
|move|p2a: Chandelure|Flamethrower|p1a: Alpha
|-supereffective|p1a: Alpha
|-damage|p1a: Alpha|0 fnt
|-damage|p2a: Chandelure|291\/323|[from] item: Life Orb
|faint|p1a: Alpha
|
|upkeep
|choice|switch 5|
|
|switch|p1a: Mandingo|Conkeldurr, M, shiny|414\/414
|turn|5
|choice|move knockoff|move willowisp
|
|move|p2a: Chandelure|Will-O-Wisp|p1a: Mandingo
|-status|p1a: Mandingo|brn
|move|p1a: Mandingo|Knock Off|p2a: Chandelure
|-supereffective|p2a: Chandelure
|-damage|p2a: Chandelure|0 fnt
|-enditem|p2a: Chandelure|Life Orb|[from] move: Knock Off|[of] p1a: Mandingo
|faint|p2a: Chandelure
|
|-damage|p1a: Mandingo|363\/414 brn|[from] brn
|upkeep
|choice||switch 4
|
|switch|p2a: Metagross|Metagross, shiny|364\/364
|turn|6
|choice|move knockoff|move zenheadbutt
|
|move|p2a: Metagross|Zen Headbutt|p1a: Mandingo
|-supereffective|p1a: Mandingo
|-damage|p1a: Mandingo|0 fnt
|-damage|p2a: Metagross|328\/364|[from] item: Life Orb
|faint|p1a: Mandingo
|
|upkeep
|choice|switch 2|
|
|switch|p1a: Ash could of caugh|Entei, shiny|371\/371
|-ability|p1a: Ash could of caugh|Pressure
|turn|7
|choice|move sacredfire|move earthquake
|
|move|p1a: Ash could of caugh|Sacred Fire|p2a: Metagross
|-supereffective|p2a: Metagross
|-damage|p2a: Metagross|0 fnt
|faint|p2a: Metagross
|
|upkeep
|c|☆xshockfrostx|legendaries r such bs
|choice||switch 2
|
|switch|p2a: Sharpedo|Sharpedo, M|281\/281
|turn|8
|choice|move bulldoze|move protect
|
|move|p2a: Sharpedo|Protect|p2a: Sharpedo
|-singleturn|p2a: Sharpedo|Protect
|move|p1a: Ash could of caugh|Bulldoze|p2a: Sharpedo
|-activate|p2a: Sharpedo|move: Protect
|
|-ability|p2a: Sharpedo|Speed Boost|boost
|-boost|p2a: Sharpedo|spe|1
|upkeep
|turn|9
|choice|move bulldoze|move waterfall
|
|move|p2a: Sharpedo|Waterfall|p1a: Ash could of caugh
|-supereffective|p1a: Ash could of caugh
|-damage|p1a: Ash could of caugh|75\/371
|cant|p1a: Ash could of caugh|flinch
|
|-ability|p2a: Sharpedo|Speed Boost|boost
|-boost|p2a: Sharpedo|spe|1
|upkeep
|turn|10
|choice|move extremespeed|move aquajet mega
|
|detailschange|p2a: Sharpedo|Sharpedo-Mega, M
|-mega|p2a: Sharpedo|Sharpedo|Sharpedonite
|move|p1a: Ash could of caugh|Extreme Speed|p2a: Sharpedo
|-damage|p2a: Sharpedo|147\/281
|move|p2a: Sharpedo|Aqua Jet|p1a: Ash could of caugh
|-supereffective|p1a: Ash could of caugh
|-damage|p1a: Ash could of caugh|0 fnt
|faint|p1a: Ash could of caugh
|
|upkeep
|c|☆Parnstar|Entai isn't legendary
|c|☆xshockfrostx|r u fucking stupid?
|choice|switch 4|
|
|switch|p1a: Presscott|Whimsicott, M, shiny|261\/261
|turn|11
|c|☆xshockfrostx|yes he is
|c|☆Parnstar|How
|c|☆xshockfrostx|Because he's a legendary?
|c|☆xshockfrostx|there isn't really any other way to explain it
|c|☆Parnstar|How though because u get him from an event?
|choice|move encore|move crunch
|
|move|p1a: Presscott|Encore|p2a: Sharpedo
|-start|p2a: Sharpedo|Encore
|move|p2a: Sharpedo|Aqua Jet|p1a: Presscott
|-resisted|p1a: Presscott
|-damage|p1a: Presscott|220\/261
|
|upkeep
|turn|12
|c|☆xshockfrostx|He's still a legendary
|choice|move moonblast|move aquajet
|
|move|p2a: Sharpedo|Aqua Jet|p1a: Presscott
|-resisted|p1a: Presscott
|-damage|p1a: Presscott|181\/261
|move|p1a: Presscott|Moonblast|p2a: Sharpedo
|-supereffective|p2a: Sharpedo
|-damage|p2a: Sharpedo|0 fnt
|faint|p2a: Sharpedo
|
|upkeep
|choice||switch 5
|
|switch|p2a: Machamp|Machamp, F|383\/383
|turn|13
|c|☆Parnstar|That would mine all Pokémon u get from eggs legendary
|choice|move moonblast|move bulletpunch
|
|move|p2a: Machamp|Bullet Punch|p1a: Presscott
|-supereffective|p1a: Presscott
|-damage|p1a: Presscott|28\/261
|-damage|p2a: Machamp|345\/383|[from] item: Life Orb
|move|p1a: Presscott|Moonblast|p2a: Machamp
|-supereffective|p2a: Machamp
|-damage|p2a: Machamp|0 fnt
|faint|p2a: Machamp
|
|upkeep
|c|☆xshockfrostx|Are you a retard?
|c|☆xshockfrostx|no, no it would not
|c|☆Parnstar|R u
|c|☆xshockfrostx|Entei is a legendary pokemon, and always has been since first gen
|c|☆xshockfrostx|you obviously don't understand pokemon very much
|choice||switch 3
|
|switch|p2a: Hydreigon|Hydreigon, M|325\/325
|turn|14
|c|☆Parnstar|Entai is an event mon nothing more
|c|☆xshockfrostx|He wasn't always tho
|c|☆xshockfrostx|from 2nd gen there wasn't events
|c|☆xshockfrostx|and as such he is and always has been a legendary
|c|☆xshockfrostx|plus, just because its from an event, doesn't mean it isn't a legendary
|c|☆xshockfrostx|Arceus is an event pokemon, but it's still a legendary
|c|☆Parnstar|lugia darkrsi are legendary because of there base stats
|c|☆Parnstar|Legendary is based on total stats
|choice|move naturepower|move crunch
|
|move|p1a: Presscott|Nature Power|p2a: Hydreigon
|move|p1a: Presscott|Tri Attack|p2a: Hydreigon|[from]Nature Power
|-damage|p2a: Hydreigon|246\/325
|-status|p2a: Hydreigon|frz
|cant|p2a: Hydreigon|frz
|
|upkeep
|turn|15
|c|☆xshockfrostx|And if it doesn't have a base 600 then its a mythical
|c|☆xshockfrostx|but entei isn't mythical
|c|☆xshockfrostx|wow lucky
|c|☆xshockfrostx|Entei (Japanese: エンテイ Entei) is a Fire-type Legendary Pokémon introduced in Generation II. It is not known to evolve into or from any other Pokémon. Along with Raikou and Suicune, it is one of the Legendary beasts said to be resurrected by Ho-Oh after the burning of the Brass Tower
|c|☆xshockfrostx|The official determining
|c|☆xshockfrostx|yw
|c|☆xshockfrostx|and ur wrong
|c|☆xshockfrostx|congrats
|c|☆xshockfrostx|I hope ur happy that you made urself look like a dumbass
|c|☆Parnstar|That's for gen 2
|c|☆xshockfrostx|omfg ur so stupid LOL
|c|☆xshockfrostx|it doesn't just stop becoming a legendary
|c|☆Parnstar|Says the loser
|c|☆xshockfrostx|You have more chromosomes than braincells I swear
|c|☆xshockfrostx|and the only reason ur winning is coz ur using a legendary
|c|☆xshockfrostx|which are broken
|c|☆xshockfrostx|af
|c|☆Parnstar|Lol
|c|☆Parnstar|im glad i didn't use suicune then you would probably be crying
|c|☆xshockfrostx|lol
|c|☆xshockfrostx|ur mad coz ur wrong
|c|☆xshockfrostx|xd
|c|☆xshockfrostx|and now ur stalling to annoy me
|c|☆Parnstar|Mad at what.. I'm at work
|c|☆xshockfrostx|what a sad little life you live
|choice|move moonblast|move crunch
|
|move|p1a: Presscott|Moonblast|p2a: Hydreigon
|-supereffective|p2a: Hydreigon
|-damage|p2a: Hydreigon|0 fnt
|faint|p2a: Hydreigon
|
|win|Parnstar
|player|p1
|player|p2
|c|☆Parnstar|See
|raw|Parnstar's rating: 1387 &rarr; <strong>1396<\/strong><br \/>(+9 for winning)
|raw|xshockfrostx's rating: 1167 &rarr; <strong>1156<\/strong><br \/>(-11 for losing)
|c|☆Parnstar|Gg
|c|☆xshockfrostx|I'm sorry for u tbh
|c|☆Parnstar|Same here
|c|☆xshockfrostx|Needing a legend to win the game
|c|☆xshockfrostx|and the fact that you still would have lost had you not hit the freeze
|c|☆Parnstar|Says the guy using seudo legendary
|c|☆xshockfrostx|U were using an actual legend tho
|c|☆xshockfrostx|even worse
|c|☆xshockfrostx|Saving this convo coz its amazing omg
|c|☆Parnstar|You know tentecreul would of just won
|c|☆xshockfrostx|Omg ur stupid
|c|☆xshockfrostx|I had a counter to tentacruel
|c|☆xshockfrostx|woulda one-shot it
|c|☆xshockfrostx|porygon would have been the only problem
|c|☆xshockfrostx|http:\/\/replay.pokemonshowdown.com\/uu-538802936
|c|☆Parnstar|What counter? When you only mon was hydragon
|c|☆xshockfrostx|Earthquake
|c|☆xshockfrostx|one shot
|c|☆Parnstar|What's it's speed
|c|☆xshockfrostx|It generally outspeeds tenta's unless they're speed invested
|c|☆Parnstar|come on now just scroll over it
|c|☆xshockfrostx|Can't
|c|☆xshockfrostx|its dead lol
|c|☆Parnstar|what is speed
|c|☆xshockfrostx|I cant check
|c|☆xshockfrostx|dumbass
|c|☆Parnstar|look in your team buliddr
|c|☆xshockfrostx|k
|c|☆xshockfrostx|324
|c|☆xshockfrostx|Woulda outsped
|c|☆xshockfrostx|woulda won
|c|☆xshockfrostx|had you not gotten the freeze
|c|☆xshockfrostx|ur lucky
|c|☆Parnstar|328
|c|☆Parnstar|I'm 328
|c|☆xshockfrostx|ok then
|c|☆xshockfrostx|probs wouldn't oneshot
|c|☆Parnstar|I would of one shot
|c|☆xshockfrostx|mk
|c|☆Parnstar|From the  natural power damage
|c|☆xshockfrostx|well, if we're gonna go into detail like this, then I would have won had u not had Entei
|c|☆Parnstar|Even if I didn't freeze burn or parra
|c|☆xshockfrostx|destroyed my 2 best pokemon
|c|☆Parnstar|thats the point
|c|☆xshockfrostx|Exactly
|c|☆xshockfrostx|had you not have used an op poke I would have won
|c|☆xshockfrostx|meaning you have not the slightest of skill and need it to win ;)
|c|☆Parnstar|Arcinine would of did the same thing
|c|☆xshockfrostx|except he doesn't have the same stats
|c|☆Parnstar|Almost the smae
|c|☆xshockfrostx|Honestly, sorry for being a dick XD
|c|☆xshockfrostx|u don't seem like that bad a guy
|c|☆Parnstar|I'm not
|c|☆xshockfrostx|Its just people who use legends piss me off
|c|☆Parnstar|i get mad fighting cressalia
|c|☆xshockfrostx|xd
|c|☆Parnstar|Ohhhhh that piece of sht USB so trash
|c|☆xshockfrostx|welp, imma go
|c|☆Parnstar|ok
|c|☆xshockfrostx|cya
|c|☆Parnstar|peace
|l|xshockfrostx</script>
</div>
<div class="battle-log battle-log-inline"><div class="inner"><div class="battle-options"></div><div class="inner"><div class="chat"><small>Parnstar joined.</small></div><div class="chat"><small>xshockfrostx joined.</small></div><div class=""><small>Format:</small> <br><strong>UU</strong></div><div class="rated"><strong>Rated battle</strong></div><div class=""><small><em>Sleep Clause Mod:</em> Limit one foe put to sleep</small></div><div class=""><small><em>Species Clause:</em> Limit one of each Pokémon</small></div><div class=""><small><em>OHKO Clause:</em> OHKO moves are banned</small></div><div class=""><small><em>Moody Clause:</em> Moody is banned</small></div><div class=""><small><em>Evasion Moves Clause:</em> Evasion moves are banned</small></div><div class=""><small><em>Endless Battle Clause:</em> Forcing endless battles is banned</small></div><div class=""><small><em>HP Percentage Mod:</em> HP is shown in percentages</small></div><div class=""><small><em>Swagger Clause:</em> Swagger is banned</small></div><div class=""><small><em>Baton Pass Clause:</em> Limit one Baton Passer, can't pass Spe and other stats simultaneously</small></div><div class="chat battle-history"><strong>Parnstar's team:</strong> <em style="color:#445566;display:block;">Conkeldurr / Magneton / Porygon-Z / Whimsicott / Entei / Tentacruel</em></div><div class="chat battle-history"><strong>xshockfrostx's team:</strong> <em style="color:#445566;display:block;">Sharpedo / Cloyster / Hydreigon / Metagross / Machamp / Chandelure</em></div><div class="spacer battle-history"><br></div><div class="battle-history">Battle started between Parnstar and xshockfrostx!<br></div><div class="spacer battle-history"><br></div><div class="battle-history">Go! Ash could of caugh (<strong>Entei</strong>)!<br></div><div class="spacer battle-history"><br></div><div class="battle-history">xshockfrostx sent out <strong>Cloyster</strong>!<br></div><div class="battle-history"><small>[Ash could of caugh's Pressure]</small><br><small>Ash could of caugh is exerting its pressure!</small><br></div><div class="spacer battle-history"><br></div><h2 class="battle-history">Turn 1</h2><div class="spacer battle-history"><br></div><div class="battle-history">Ash could of caugh used <strong>Sacred Fire</strong>!<br></div><div class="battle-history"><small>(The opposing Cloyster lost <abbr title="−130/241">53.9%</abbr> of its health!)</small><br></div><div class="battle-history"><small>The opposing Cloyster was burned!</small><br></div><div class="spacer battle-history"><br></div><div class="battle-history">The opposing Cloyster used <strong>Shell Smash</strong>!<br></div><div class="battle-history"><small>The opposing Cloyster's Defense fell!</small><br></div><div class="battle-history"><small>The opposing Cloyster's Special Defense fell!</small><br></div><div class="battle-history"><small>The opposing Cloyster's Attack rose sharply!</small><br></div><div class="battle-history"><small>The opposing Cloyster's Special Attack rose sharply!</small><br></div><div class="battle-history"><small>The opposing Cloyster's Speed rose sharply!</small><br></div><div class="battle-history"><small>The opposing Cloyster returned its status to normal using its White Herb!</small><br></div><div class="spacer battle-history"><br></div><div class="battle-history"><small>The opposing Cloyster was hurt by its burn!</small><br></div><div class="spacer battle-history"><br></div><h2 class="battle-history">Turn 2</h2><div class="chat chatmessage-parnstar"><strong style="color:hsl(41,84%,41.163999978976825%)"><small>☆</small><span class="username" data-name="Parnstar">Parnstar</span>:</strong> <em>Hf</em></div><div class="spacer battle-history"><br></div><div class="battle-history">Ash could of caugh, come back!<br></div><div class="battle-history">Go! Alpha (<strong>Magneton</strong>)!<br></div><div class="spacer battle-history"><br></div><div class="battle-history">The opposing Cloyster used <strong>Rock Blast</strong>!<br></div><div class="battle-history"><small>It's not very effective...</small><br></div><div class="battle-history"><small>A critical hit!</small><br></div><div class="battle-history"><small>(Alpha lost <abbr title="−12/303">4.0%</abbr> of its health!)</small><br></div><div class="battle-history"><small>It's not very effective...</small><br></div><div class="battle-history"><small>(Alpha lost <abbr title="−9/303">3.0%</abbr> of its health!)</small><br></div><div class="battle-history"><small>It's not very effective...</small><br></div><div class="battle-history"><small>(Alpha lost <abbr title="−8/303">2.6%</abbr> of its health!)</small><br></div><div class="battle-history"><small>It's not very effective...</small><br></div><div class="battle-history"><small>(Alpha lost <abbr title="−9/303">3.0%</abbr> of its health!)</small><br></div><div class="battle-history"><small>It's not very effective...</small><br></div><div class="battle-history"><small>(Alpha lost <abbr title="−8/303">2.6%</abbr> of its health!)</small><br></div><div class="battle-history"><small>Hit 5 times!</small><br></div><div class="spacer battle-history"><br></div><div class="battle-history"><small>The opposing Cloyster was hurt by its burn!</small><br></div><div class="spacer battle-history"><br></div><h2 class="battle-history">Turn 3</h2><div class="spacer battle-history"><br></div><div class="battle-history">The opposing Cloyster used <strong>Icicle Spear</strong>!<br></div><div class="battle-history"><small>It's not very effective...</small><br></div><div class="battle-history"><small>(Alpha lost <abbr title="−14/303">4.6%</abbr> of its health!)</small><br></div><div class="battle-history"><small>It's not very effective...</small><br></div><div class="battle-history"><small>(Alpha lost <abbr title="−13/303">4.3%</abbr> of its health!)</small><br></div><div class="battle-history"><small>It's not very effective...</small><br></div><div class="battle-history"><small>(Alpha lost <abbr title="−12/303">4.0%</abbr> of its health!)</small><br></div><div class="battle-history"><small>It's not very effective...</small><br></div><div class="battle-history"><small>(Alpha lost <abbr title="−13/303">4.3%</abbr> of its health!)</small><br></div><div class="battle-history"><small>It's not very effective...</small><br></div><div class="battle-history"><small>A critical hit!</small><br></div><div class="battle-history"><small>(Alpha lost <abbr title="−19/303">6.3%</abbr> of its health!)</small><br></div><div class="battle-history"><small>Hit 5 times!</small><br></div><div class="spacer battle-history"><br></div><div class="battle-history">Alpha used <strong>Thunderbolt</strong>!<br></div><div class="battle-history"><small>It's super effective!</small><br></div><div class="battle-history"><small>(The opposing Cloyster lost <abbr title="−51/241">21.2%</abbr> of its health!)</small><br></div><div class="spacer battle-history"><br></div><div class="battle-history">The opposing Cloyster fainted!<br></div><div class="spacer battle-history"><br></div><div class="battle-history">xshockfrostx sent out <strong>Chandelure</strong>!<br></div><div class="spacer battle-history"><br></div><h2 class="battle-history">Turn 4</h2><div class="spacer battle-history"><br></div><div class="battle-history">The opposing Chandelure used <strong>Flamethrower</strong>!<br></div><div class="battle-history"><small>It's super effective!</small><br></div><div class="battle-history"><small>(Alpha lost <abbr title="−186/303">61.4%</abbr> of its health!)</small><br></div><div class="battle-history"><small>The opposing Chandelure lost some of its HP!</small><br></div><div class="spacer battle-history"><br></div><div class="battle-history">Alpha fainted!<br></div><div class="spacer battle-history"><br></div><div class="battle-history">Go! Mandingo (<strong>Conkeldurr</strong>)!<br></div><div class="spacer battle-history"><br></div><h2 class="battle-history">Turn 5</h2><div class="spacer battle-history"><br></div><div class="battle-history">The opposing Chandelure used <strong>Will-O-Wisp</strong>!<br></div><div class="battle-history"><small>Mandingo was burned!</small><br></div><div class="spacer battle-history"><br></div><div class="battle-history">Mandingo used <strong>Knock Off</strong>!<br></div><div class="battle-history"><small>It's super effective!</small><br></div><div class="battle-history"><small>(The opposing Chandelure lost <abbr title="−291/323">90.1%</abbr> of its health!)</small><br></div><div class="battle-history"><small>Mandingo knocked off the opposing Chandelure's Life Orb!</small><br></div><div class="spacer battle-history"><br></div><div class="battle-history">The opposing Chandelure fainted!<br></div><div class="spacer battle-history"><br></div><div class="battle-history"><small>Mandingo was hurt by its burn!</small><br></div><div class="spacer battle-history"><br></div><div class="battle-history">xshockfrostx sent out <strong>Metagross</strong>!<br></div><div class="spacer battle-history"><br></div><h2 class="battle-history">Turn 6</h2><div class="spacer battle-history"><br></div><div class="battle-history">The opposing Metagross used <strong>Zen Headbutt</strong>!<br></div><div class="battle-history"><small>It's super effective!</small><br></div><div class="battle-history"><small>(Mandingo lost <abbr title="−363/414">87.7%</abbr> of its health!)</small><br></div><div class="battle-history"><small>The opposing Metagross lost some of its HP!</small><br></div><div class="spacer battle-history"><br></div><div class="battle-history">Mandingo fainted!<br></div><div class="spacer battle-history"><br></div><div class="battle-history">Go! Ash could of caugh (<strong>Entei</strong>)!<br></div><div class="battle-history"><small>[Ash could of caugh's Pressure]</small><br><small>Ash could of caugh is exerting its pressure!</small><br></div><div class="spacer battle-history"><br></div><h2 class="battle-history">Turn 7</h2><div class="spacer battle-history"><br></div><div class="battle-history">Ash could of caugh used <strong>Sacred Fire</strong>!<br></div><div class="battle-history"><small>It's super effective!</small><br></div><div class="battle-history"><small>(The opposing Metagross lost <abbr title="−328/364">90.1%</abbr> of its health!)</small><br></div><div class="spacer battle-history"><br></div><div class="battle-history">The opposing Metagross fainted!<br></div><div class="chat chatmessage-xshockfrostx"><strong style="color:hsl(167,40%,35.666666666666664%)"><small>☆</small><span class="username" data-name="xshockfrostx">xshockfrostx</span>:</strong> <em>legendaries r such bs</em></div><div class="spacer battle-history"><br></div><div class="battle-history">xshockfrostx sent out <strong>Sharpedo</strong>!<br></div><div class="spacer battle-history"><br></div><h2 class="battle-history">Turn 8</h2><div class="spacer battle-history"><br></div><div class="battle-history">The opposing Sharpedo used <strong>Protect</strong>!<br></div><div class="battle-history"><small>The opposing Sharpedo protected itself!</small><br></div><div class="spacer battle-history"><br></div><div class="battle-history">Ash could of caugh used <strong>Bulldoze</strong>!<br></div><div class="battle-history"><small>The opposing Sharpedo protected itself!</small><br></div><div class="spacer battle-history"><br></div><div class="battle-history"><small>[The opposing Sharpedo's Speed Boost]</small><br></div><div class="battle-history"><small>The opposing Sharpedo's Speed rose!</small><br></div><div class="spacer battle-history"><br></div><h2 class="battle-history">Turn 9</h2><div class="spacer battle-history"><br></div><div class="battle-history">The opposing Sharpedo used <strong>Waterfall</strong>!<br></div><div class="battle-history"><small>It's super effective!</small><br></div><div class="battle-history"><small>(Ash could of caugh lost <abbr title="−296/371">79.8%</abbr> of its health!)</small><br></div><div class="spacer battle-history"><br></div><div class="battle-history">Ash could of caugh flinched and couldn't move!<br></div><div class="spacer battle-history"><br></div><div class="battle-history"><small>[The opposing Sharpedo's Speed Boost]</small><br></div><div class="battle-history"><small>The opposing Sharpedo's Speed rose!</small><br></div><div class="spacer battle-history"><br></div><h2 class="battle-history">Turn 10</h2><div class="spacer battle-history"><br></div><div class="battle-history"><small>The opposing Sharpedo's Sharpedonite is reacting to xshockfrostx's Mega Bracelet!</small><br>The opposing Sharpedo has Mega Evolved into Mega Sharpedo!<br></div><div class="spacer battle-history"><br></div><div class="battle-history">Ash could of caugh used <strong>Extreme Speed</strong>!<br></div><div class="battle-history"><small>(The opposing Sharpedo lost <abbr title="−134/281">47.7%</abbr> of its health!)</small><br></div><div class="spacer battle-history"><br></div><div class="battle-history">The opposing Sharpedo used <strong>Aqua Jet</strong>!<br></div><div class="battle-history"><small>It's super effective!</small><br></div><div class="battle-history"><small>(Ash could of caugh lost <abbr title="−75/371">20.2%</abbr> of its health!)</small><br></div><div class="spacer battle-history"><br></div><div class="battle-history">Ash could of caugh fainted!<br></div><div class="chat chatmessage-parnstar"><strong style="color:hsl(41,84%,41.163999978976825%)"><small>☆</small><span class="username" data-name="Parnstar">Parnstar</span>:</strong> <em>Entai isn't legendary</em></div><div class="chat chatmessage-xshockfrostx"><strong style="color:hsl(167,40%,35.666666666666664%)"><small>☆</small><span class="username" data-name="xshockfrostx">xshockfrostx</span>:</strong> <em>r u fucking stupid?</em></div><div class="spacer battle-history"><br></div><div class="battle-history">Go! Presscott (<strong>Whimsicott</strong>)!<br></div><div class="spacer battle-history"><br></div><h2 class="battle-history">Turn 11</h2><div class="chat chatmessage-xshockfrostx"><strong style="color:hsl(167,40%,35.666666666666664%)"><small>☆</small><span class="username" data-name="xshockfrostx">xshockfrostx</span>:</strong> <em>yes he is</em></div><div class="chat chatmessage-parnstar"><strong style="color:hsl(41,84%,41.163999978976825%)"><small>☆</small><span class="username" data-name="Parnstar">Parnstar</span>:</strong> <em>How</em></div><div class="chat chatmessage-xshockfrostx"><strong style="color:hsl(167,40%,35.666666666666664%)"><small>☆</small><span class="username" data-name="xshockfrostx">xshockfrostx</span>:</strong> <em>Because he's a legendary?</em></div><div class="chat chatmessage-xshockfrostx"><strong style="color:hsl(167,40%,35.666666666666664%)"><small>☆</small><span class="username" data-name="xshockfrostx">xshockfrostx</span>:</strong> <em>there isn't really any other way to explain it</em></div><div class="chat chatmessage-parnstar"><strong style="color:hsl(41,84%,41.163999978976825%)"><small>☆</small><span class="username" data-name="Parnstar">Parnstar</span>:</strong> <em>How though because u get him from an event?</em></div><div class="spacer battle-history"><br></div><div class="battle-history">Presscott used <strong>Encore</strong>!<br></div><div class="battle-history"><small>The opposing Sharpedo received an encore!</small><br></div><div class="spacer battle-history"><br></div><div class="battle-history">The opposing Sharpedo used <strong>Aqua Jet</strong>!<br></div><div class="battle-history"><small>It's not very effective...</small><br></div><div class="battle-history"><small>(Presscott lost <abbr title="−41/261">15.7%</abbr> of its health!)</small><br></div><div class="spacer battle-history"><br></div><h2 class="battle-history">Turn 12</h2><div class="chat chatmessage-xshockfrostx"><strong style="color:hsl(167,40%,35.666666666666664%)"><small>☆</small><span class="username" data-name="xshockfrostx">xshockfrostx</span>:</strong> <em>He's still a legendary</em></div><div class="spacer battle-history"><br></div><div class="battle-history">The opposing Sharpedo used <strong>Aqua Jet</strong>!<br></div><div class="battle-history"><small>It's not very effective...</small><br></div><div class="battle-history"><small>(Presscott lost <abbr title="−39/261">14.9%</abbr> of its health!)</small><br></div><div class="spacer battle-history"><br></div><div class="battle-history">Presscott used <strong>Moonblast</strong>!<br></div><div class="battle-history"><small>It's super effective!</small><br></div><div class="battle-history"><small>(The opposing Sharpedo lost <abbr title="−147/281">52.3%</abbr> of its health!)</small><br></div><div class="spacer battle-history"><br></div><div class="battle-history">The opposing Sharpedo fainted!<br></div><div class="spacer battle-history"><br></div><div class="battle-history">xshockfrostx sent out <strong>Machamp</strong>!<br></div><div class="spacer battle-history"><br></div><h2 class="battle-history">Turn 13</h2><div class="chat chatmessage-parnstar"><strong style="color:hsl(41,84%,41.163999978976825%)"><small>☆</small><span class="username" data-name="Parnstar">Parnstar</span>:</strong> <em>That would mine all Pokémon u get from eggs legendary</em></div><div class="spacer battle-history"><br></div><div class="battle-history">The opposing Machamp used <strong>Bullet Punch</strong>!<br></div><div class="battle-history"><small>It's super effective!</small><br></div><div class="battle-history"><small>(Presscott lost <abbr title="−153/261">58.6%</abbr> of its health!)</small><br></div><div class="battle-history"><small>The opposing Machamp lost some of its HP!</small><br></div><div class="spacer battle-history"><br></div><div class="battle-history">Presscott used <strong>Moonblast</strong>!<br></div><div class="battle-history"><small>It's super effective!</small><br></div><div class="battle-history"><small>(The opposing Machamp lost <abbr title="−345/383">90.1%</abbr> of its health!)</small><br></div><div class="spacer battle-history"><br></div><div class="battle-history">The opposing Machamp fainted!<br></div><div class="chat chatmessage-xshockfrostx"><strong style="color:hsl(167,40%,35.666666666666664%)"><small>☆</small><span class="username" data-name="xshockfrostx">xshockfrostx</span>:</strong> <em>Are you a retard?</em></div><div class="chat chatmessage-xshockfrostx"><strong style="color:hsl(167,40%,35.666666666666664%)"><small>☆</small><span class="username" data-name="xshockfrostx">xshockfrostx</span>:</strong> <em>no, no it would not</em></div><div class="chat chatmessage-parnstar"><strong style="color:hsl(41,84%,41.163999978976825%)"><small>☆</small><span class="username" data-name="Parnstar">Parnstar</span>:</strong> <em>R u</em></div><div class="chat chatmessage-xshockfrostx"><strong style="color:hsl(167,40%,35.666666666666664%)"><small>☆</small><span class="username" data-name="xshockfrostx">xshockfrostx</span>:</strong> <em>Entei is a legendary pokemon, and always has been since first gen</em></div><div class="chat chatmessage-xshockfrostx"><strong style="color:hsl(167,40%,35.666666666666664%)"><small>☆</small><span class="username" data-name="xshockfrostx">xshockfrostx</span>:</strong> <em>you obviously don't understand pokemon very much</em></div><div class="spacer battle-history"><br></div><div class="battle-history">xshockfrostx sent out <strong>Hydreigon</strong>!<br></div><div class="spacer battle-history"><br></div><h2 class="battle-history">Turn 14</h2><div class="chat chatmessage-parnstar"><strong style="color:hsl(41,84%,41.163999978976825%)"><small>☆</small><span class="username" data-name="Parnstar">Parnstar</span>:</strong> <em>Entai is an event mon nothing more</em></div><div class="chat chatmessage-xshockfrostx"><strong style="color:hsl(167,40%,35.666666666666664%)"><small>☆</small><span class="username" data-name="xshockfrostx">xshockfrostx</span>:</strong> <em>He wasn't always tho</em></div><div class="chat chatmessage-xshockfrostx"><strong style="color:hsl(167,40%,35.666666666666664%)"><small>☆</small><span class="username" data-name="xshockfrostx">xshockfrostx</span>:</strong> <em>from 2nd gen there wasn't events</em></div><div class="chat chatmessage-xshockfrostx"><strong style="color:hsl(167,40%,35.666666666666664%)"><small>☆</small><span class="username" data-name="xshockfrostx">xshockfrostx</span>:</strong> <em>and as such he is and always has been a legendary</em></div><div class="chat chatmessage-xshockfrostx"><strong style="color:hsl(167,40%,35.666666666666664%)"><small>☆</small><span class="username" data-name="xshockfrostx">xshockfrostx</span>:</strong> <em>plus, just because its from an event, doesn't mean it isn't a legendary</em></div><div class="chat chatmessage-xshockfrostx"><strong style="color:hsl(167,40%,35.666666666666664%)"><small>☆</small><span class="username" data-name="xshockfrostx">xshockfrostx</span>:</strong> <em>Arceus is an event pokemon, but it's still a legendary</em></div><div class="chat chatmessage-parnstar"><strong style="color:hsl(41,84%,41.163999978976825%)"><small>☆</small><span class="username" data-name="Parnstar">Parnstar</span>:</strong> <em>lugia darkrsi are legendary because of there base stats</em></div><div class="chat chatmessage-parnstar"><strong style="color:hsl(41,84%,41.163999978976825%)"><small>☆</small><span class="username" data-name="Parnstar">Parnstar</span>:</strong> <em>Legendary is based on total stats</em></div><div class="spacer battle-history"><br></div><div class="battle-history">Presscott used <strong>Nature Power</strong>!<br></div><div class="spacer battle-history"><br></div><div class="battle-history">Nature Power turned into Tri Attack!<br></div><div class="battle-history"><small>(The opposing Hydreigon lost <abbr title="−79/325">24.3%</abbr> of its health!)</small><br></div><div class="battle-history"><small>The opposing Hydreigon was frozen solid!</small><br></div><div class="spacer battle-history"><br></div><div class="battle-history">The opposing Hydreigon is frozen solid!<br></div><div class="spacer battle-history"><br></div><h2 class="battle-history">Turn 15</h2><div class="chat chatmessage-xshockfrostx"><strong style="color:hsl(167,40%,35.666666666666664%)"><small>☆</small><span class="username" data-name="xshockfrostx">xshockfrostx</span>:</strong> <em>And if it doesn't have a base 600 then its a mythical</em></div><div class="chat chatmessage-xshockfrostx"><strong style="color:hsl(167,40%,35.666666666666664%)"><small>☆</small><span class="username" data-name="xshockfrostx">xshockfrostx</span>:</strong> <em>but entei isn't mythical</em></div><div class="chat chatmessage-xshockfrostx"><strong style="color:hsl(167,40%,35.666666666666664%)"><small>☆</small><span class="username" data-name="xshockfrostx">xshockfrostx</span>:</strong> <em>wow lucky</em></div><div class="chat chatmessage-xshockfrostx"><strong style="color:hsl(167,40%,35.666666666666664%)"><small>☆</small><span class="username" data-name="xshockfrostx">xshockfrostx</span>:</strong> <em>Entei (Japanese: エンテイ Entei) is a Fire-type Legendary Pokémon introduced in Generation II. It is not known to evolve into or from any other Pokémon. Along with Raikou and Suicune, it is one of the Legendary beasts said to be resurrected by Ho-Oh after the burning of the Brass Tower</em></div><div class="chat chatmessage-xshockfrostx"><strong style="color:hsl(167,40%,35.666666666666664%)"><small>☆</small><span class="username" data-name="xshockfrostx">xshockfrostx</span>:</strong> <em>The official determining</em></div><div class="chat chatmessage-xshockfrostx"><strong style="color:hsl(167,40%,35.666666666666664%)"><small>☆</small><span class="username" data-name="xshockfrostx">xshockfrostx</span>:</strong> <em>yw</em></div><div class="chat chatmessage-xshockfrostx"><strong style="color:hsl(167,40%,35.666666666666664%)"><small>☆</small><span class="username" data-name="xshockfrostx">xshockfrostx</span>:</strong> <em>and ur wrong</em></div><div class="chat chatmessage-xshockfrostx"><strong style="color:hsl(167,40%,35.666666666666664%)"><small>☆</small><span class="username" data-name="xshockfrostx">xshockfrostx</span>:</strong> <em>congrats</em></div><div class="chat chatmessage-xshockfrostx"><strong style="color:hsl(167,40%,35.666666666666664%)"><small>☆</small><span class="username" data-name="xshockfrostx">xshockfrostx</span>:</strong> <em>I hope ur happy that you made urself look like a dumbass</em></div><div class="chat chatmessage-parnstar"><strong style="color:hsl(41,84%,41.163999978976825%)"><small>☆</small><span class="username" data-name="Parnstar">Parnstar</span>:</strong> <em>That's for gen 2</em></div><div class="chat chatmessage-xshockfrostx"><strong style="color:hsl(167,40%,35.666666666666664%)"><small>☆</small><span class="username" data-name="xshockfrostx">xshockfrostx</span>:</strong> <em>omfg ur so stupid LOL</em></div><div class="chat chatmessage-xshockfrostx"><strong style="color:hsl(167,40%,35.666666666666664%)"><small>☆</small><span class="username" data-name="xshockfrostx">xshockfrostx</span>:</strong> <em>it doesn't just stop becoming a legendary</em></div><div class="chat chatmessage-parnstar"><strong style="color:hsl(41,84%,41.163999978976825%)"><small>☆</small><span class="username" data-name="Parnstar">Parnstar</span>:</strong> <em>Says the loser</em></div><div class="chat chatmessage-xshockfrostx"><strong style="color:hsl(167,40%,35.666666666666664%)"><small>☆</small><span class="username" data-name="xshockfrostx">xshockfrostx</span>:</strong> <em>You have more chromosomes than braincells I swear</em></div><div class="chat chatmessage-xshockfrostx"><strong style="color:hsl(167,40%,35.666666666666664%)"><small>☆</small><span class="username" data-name="xshockfrostx">xshockfrostx</span>:</strong> <em>and the only reason ur winning is coz ur using a legendary</em></div><div class="chat chatmessage-xshockfrostx"><strong style="color:hsl(167,40%,35.666666666666664%)"><small>☆</small><span class="username" data-name="xshockfrostx">xshockfrostx</span>:</strong> <em>which are broken</em></div><div class="chat chatmessage-xshockfrostx"><strong style="color:hsl(167,40%,35.666666666666664%)"><small>☆</small><span class="username" data-name="xshockfrostx">xshockfrostx</span>:</strong> <em>af</em></div><div class="chat chatmessage-parnstar"><strong style="color:hsl(41,84%,41.163999978976825%)"><small>☆</small><span class="username" data-name="Parnstar">Parnstar</span>:</strong> <em>Lol</em></div><div class="chat chatmessage-parnstar"><strong style="color:hsl(41,84%,41.163999978976825%)"><small>☆</small><span class="username" data-name="Parnstar">Parnstar</span>:</strong> <em>im glad i didn't use suicune then you would probably be crying</em></div><div class="chat chatmessage-xshockfrostx"><strong style="color:hsl(167,40%,35.666666666666664%)"><small>☆</small><span class="username" data-name="xshockfrostx">xshockfrostx</span>:</strong> <em>lol</em></div><div class="chat chatmessage-xshockfrostx"><strong style="color:hsl(167,40%,35.666666666666664%)"><small>☆</small><span class="username" data-name="xshockfrostx">xshockfrostx</span>:</strong> <em>ur mad coz ur wrong</em></div><div class="chat chatmessage-xshockfrostx"><strong style="color:hsl(167,40%,35.666666666666664%)"><small>☆</small><span class="username" data-name="xshockfrostx">xshockfrostx</span>:</strong> <em>xd</em></div><div class="chat chatmessage-xshockfrostx"><strong style="color:hsl(167,40%,35.666666666666664%)"><small>☆</small><span class="username" data-name="xshockfrostx">xshockfrostx</span>:</strong> <em>and now ur stalling to annoy me</em></div><div class="chat chatmessage-parnstar"><strong style="color:hsl(41,84%,41.163999978976825%)"><small>☆</small><span class="username" data-name="Parnstar">Parnstar</span>:</strong> <em>Mad at what.. I'm at work</em></div><div class="chat chatmessage-xshockfrostx"><strong style="color:hsl(167,40%,35.666666666666664%)"><small>☆</small><span class="username" data-name="xshockfrostx">xshockfrostx</span>:</strong> <em>what a sad little life you live</em></div><div class="spacer battle-history"><br></div><div class="battle-history">Presscott used <strong>Moonblast</strong>!<br></div><div class="battle-history"><small>It's super effective!</small><br></div><div class="battle-history"><small>(The opposing Hydreigon lost <abbr title="−246/325">75.7%</abbr> of its health!)</small><br></div><div class="spacer battle-history"><br></div><div class="battle-history">The opposing Hydreigon fainted!<br></div><div class="spacer battle-history"><br></div><div class="battle-history"><strong>Parnstar</strong> won the battle!<br></div><div class="chat chatmessage-parnstar"><strong style="color:hsl(41,84%,41.163999978976825%)"><small>☆</small><span class="username" data-name="Parnstar">Parnstar</span>:</strong> <em>See</em></div><div class="chat">Parnstar's rating: 1387 → <strong>1396</strong><br>(+9 for winning)</div><div class="chat">xshockfrostx's rating: 1167 → <strong>1156</strong><br>(-11 for losing)</div><div class="chat chatmessage-parnstar"><strong style="color:hsl(41,84%,41.163999978976825%)"><small>☆</small><span class="username" data-name="Parnstar">Parnstar</span>:</strong> <em>Gg</em></div><div class="chat chatmessage-xshockfrostx"><strong style="color:hsl(167,40%,35.666666666666664%)"><small>☆</small><span class="username" data-name="xshockfrostx">xshockfrostx</span>:</strong> <em>I'm sorry for u tbh</em></div><div class="chat chatmessage-parnstar"><strong style="color:hsl(41,84%,41.163999978976825%)"><small>☆</small><span class="username" data-name="Parnstar">Parnstar</span>:</strong> <em>Same here</em></div><div class="chat chatmessage-xshockfrostx"><strong style="color:hsl(167,40%,35.666666666666664%)"><small>☆</small><span class="username" data-name="xshockfrostx">xshockfrostx</span>:</strong> <em>Needing a legend to win the game</em></div><div class="chat chatmessage-xshockfrostx"><strong style="color:hsl(167,40%,35.666666666666664%)"><small>☆</small><span class="username" data-name="xshockfrostx">xshockfrostx</span>:</strong> <em>and the fact that you still would have lost had you not hit the freeze</em></div><div class="chat chatmessage-parnstar"><strong style="color:hsl(41,84%,41.163999978976825%)"><small>☆</small><span class="username" data-name="Parnstar">Parnstar</span>:</strong> <em>Says the guy using seudo legendary</em></div><div class="chat chatmessage-xshockfrostx"><strong style="color:hsl(167,40%,35.666666666666664%)"><small>☆</small><span class="username" data-name="xshockfrostx">xshockfrostx</span>:</strong> <em>U were using an actual legend tho</em></div><div class="chat chatmessage-xshockfrostx"><strong style="color:hsl(167,40%,35.666666666666664%)"><small>☆</small><span class="username" data-name="xshockfrostx">xshockfrostx</span>:</strong> <em>even worse</em></div><div class="chat chatmessage-xshockfrostx"><strong style="color:hsl(167,40%,35.666666666666664%)"><small>☆</small><span class="username" data-name="xshockfrostx">xshockfrostx</span>:</strong> <em>Saving this convo coz its amazing omg</em></div><div class="chat chatmessage-parnstar"><strong style="color:hsl(41,84%,41.163999978976825%)"><small>☆</small><span class="username" data-name="Parnstar">Parnstar</span>:</strong> <em>You know tentecreul would of just won</em></div><div class="chat chatmessage-xshockfrostx"><strong style="color:hsl(167,40%,35.666666666666664%)"><small>☆</small><span class="username" data-name="xshockfrostx">xshockfrostx</span>:</strong> <em>Omg ur stupid</em></div><div class="chat chatmessage-xshockfrostx"><strong style="color:hsl(167,40%,35.666666666666664%)"><small>☆</small><span class="username" data-name="xshockfrostx">xshockfrostx</span>:</strong> <em>I had a counter to tentacruel</em></div><div class="chat chatmessage-xshockfrostx"><strong style="color:hsl(167,40%,35.666666666666664%)"><small>☆</small><span class="username" data-name="xshockfrostx">xshockfrostx</span>:</strong> <em>woulda one-shot it</em></div><div class="chat chatmessage-xshockfrostx"><strong style="color:hsl(167,40%,35.666666666666664%)"><small>☆</small><span class="username" data-name="xshockfrostx">xshockfrostx</span>:</strong> <em>porygon would have been the only problem</em></div><div class="chat chatmessage-xshockfrostx"><strong style="color:hsl(167,40%,35.666666666666664%)"><small>☆</small><span class="username" data-name="xshockfrostx">xshockfrostx</span>:</strong> <em><a href="http://replay.pokemonshowdown.com/uu-538802936" rel="noopener" target="_blank">http://replay.pokemonshowdown.com/uu-538802936</a></em></div><div class="chat chatmessage-parnstar"><strong style="color:hsl(41,84%,41.163999978976825%)"><small>☆</small><span class="username" data-name="Parnstar">Parnstar</span>:</strong> <em>What counter? When you only mon was hydragon</em></div><div class="chat chatmessage-xshockfrostx"><strong style="color:hsl(167,40%,35.666666666666664%)"><small>☆</small><span class="username" data-name="xshockfrostx">xshockfrostx</span>:</strong> <em>Earthquake</em></div><div class="chat chatmessage-xshockfrostx"><strong style="color:hsl(167,40%,35.666666666666664%)"><small>☆</small><span class="username" data-name="xshockfrostx">xshockfrostx</span>:</strong> <em>one shot</em></div><div class="chat chatmessage-parnstar"><strong style="color:hsl(41,84%,41.163999978976825%)"><small>☆</small><span class="username" data-name="Parnstar">Parnstar</span>:</strong> <em>What's it's speed</em></div><div class="chat chatmessage-xshockfrostx"><strong style="color:hsl(167,40%,35.666666666666664%)"><small>☆</small><span class="username" data-name="xshockfrostx">xshockfrostx</span>:</strong> <em>It generally outspeeds tenta's unless they're speed invested</em></div><div class="chat chatmessage-parnstar"><strong style="color:hsl(41,84%,41.163999978976825%)"><small>☆</small><span class="username" data-name="Parnstar">Parnstar</span>:</strong> <em>come on now just scroll over it</em></div><div class="chat chatmessage-xshockfrostx"><strong style="color:hsl(167,40%,35.666666666666664%)"><small>☆</small><span class="username" data-name="xshockfrostx">xshockfrostx</span>:</strong> <em>Can't</em></div><div class="chat chatmessage-xshockfrostx"><strong style="color:hsl(167,40%,35.666666666666664%)"><small>☆</small><span class="username" data-name="xshockfrostx">xshockfrostx</span>:</strong> <em>its dead lol</em></div><div class="chat chatmessage-parnstar"><strong style="color:hsl(41,84%,41.163999978976825%)"><small>☆</small><span class="username" data-name="Parnstar">Parnstar</span>:</strong> <em>what is speed</em></div><div class="chat chatmessage-xshockfrostx"><strong style="color:hsl(167,40%,35.666666666666664%)"><small>☆</small><span class="username" data-name="xshockfrostx">xshockfrostx</span>:</strong> <em>I cant check</em></div><div class="chat chatmessage-xshockfrostx"><strong style="color:hsl(167,40%,35.666666666666664%)"><small>☆</small><span class="username" data-name="xshockfrostx">xshockfrostx</span>:</strong> <em>dumbass</em></div><div class="chat chatmessage-parnstar"><strong style="color:hsl(41,84%,41.163999978976825%)"><small>☆</small><span class="username" data-name="Parnstar">Parnstar</span>:</strong> <em>look in your team buliddr</em></div><div class="chat chatmessage-xshockfrostx"><strong style="color:hsl(167,40%,35.666666666666664%)"><small>☆</small><span class="username" data-name="xshockfrostx">xshockfrostx</span>:</strong> <em>k</em></div><div class="chat chatmessage-xshockfrostx"><strong style="color:hsl(167,40%,35.666666666666664%)"><small>☆</small><span class="username" data-name="xshockfrostx">xshockfrostx</span>:</strong> <em>324</em></div><div class="chat chatmessage-xshockfrostx"><strong style="color:hsl(167,40%,35.666666666666664%)"><small>☆</small><span class="username" data-name="xshockfrostx">xshockfrostx</span>:</strong> <em>Woulda outsped</em></div><div class="chat chatmessage-xshockfrostx"><strong style="color:hsl(167,40%,35.666666666666664%)"><small>☆</small><span class="username" data-name="xshockfrostx">xshockfrostx</span>:</strong> <em>woulda won</em></div><div class="chat chatmessage-xshockfrostx"><strong style="color:hsl(167,40%,35.666666666666664%)"><small>☆</small><span class="username" data-name="xshockfrostx">xshockfrostx</span>:</strong> <em>had you not gotten the freeze</em></div><div class="chat chatmessage-xshockfrostx"><strong style="color:hsl(167,40%,35.666666666666664%)"><small>☆</small><span class="username" data-name="xshockfrostx">xshockfrostx</span>:</strong> <em>ur lucky</em></div><div class="chat chatmessage-parnstar"><strong style="color:hsl(41,84%,41.163999978976825%)"><small>☆</small><span class="username" data-name="Parnstar">Parnstar</span>:</strong> <em>328</em></div><div class="chat chatmessage-parnstar"><strong style="color:hsl(41,84%,41.163999978976825%)"><small>☆</small><span class="username" data-name="Parnstar">Parnstar</span>:</strong> <em>I'm 328</em></div><div class="chat chatmessage-xshockfrostx"><strong style="color:hsl(167,40%,35.666666666666664%)"><small>☆</small><span class="username" data-name="xshockfrostx">xshockfrostx</span>:</strong> <em>ok then</em></div><div class="chat chatmessage-xshockfrostx"><strong style="color:hsl(167,40%,35.666666666666664%)"><small>☆</small><span class="username" data-name="xshockfrostx">xshockfrostx</span>:</strong> <em>probs wouldn't oneshot</em></div><div class="chat chatmessage-parnstar"><strong style="color:hsl(41,84%,41.163999978976825%)"><small>☆</small><span class="username" data-name="Parnstar">Parnstar</span>:</strong> <em>I would of one shot</em></div><div class="chat chatmessage-xshockfrostx"><strong style="color:hsl(167,40%,35.666666666666664%)"><small>☆</small><span class="username" data-name="xshockfrostx">xshockfrostx</span>:</strong> <em>mk</em></div><div class="chat chatmessage-parnstar"><strong style="color:hsl(41,84%,41.163999978976825%)"><small>☆</small><span class="username" data-name="Parnstar">Parnstar</span>:</strong> <em>From the  natural power damage</em></div><div class="chat chatmessage-xshockfrostx"><strong style="color:hsl(167,40%,35.666666666666664%)"><small>☆</small><span class="username" data-name="xshockfrostx">xshockfrostx</span>:</strong> <em>well, if we're gonna go into detail like this, then I would have won had u not had Entei</em></div><div class="chat chatmessage-parnstar"><strong style="color:hsl(41,84%,41.163999978976825%)"><small>☆</small><span class="username" data-name="Parnstar">Parnstar</span>:</strong> <em>Even if I didn't freeze burn or parra</em></div><div class="chat chatmessage-xshockfrostx"><strong style="color:hsl(167,40%,35.666666666666664%)"><small>☆</small><span class="username" data-name="xshockfrostx">xshockfrostx</span>:</strong> <em>destroyed my 2 best pokemon</em></div><div class="chat chatmessage-parnstar"><strong style="color:hsl(41,84%,41.163999978976825%)"><small>☆</small><span class="username" data-name="Parnstar">Parnstar</span>:</strong> <em>thats the point</em></div><div class="chat chatmessage-xshockfrostx"><strong style="color:hsl(167,40%,35.666666666666664%)"><small>☆</small><span class="username" data-name="xshockfrostx">xshockfrostx</span>:</strong> <em>Exactly</em></div><div class="chat chatmessage-xshockfrostx"><strong style="color:hsl(167,40%,35.666666666666664%)"><small>☆</small><span class="username" data-name="xshockfrostx">xshockfrostx</span>:</strong> <em>had you not have used an op poke I would have won</em></div><div class="chat chatmessage-xshockfrostx"><strong style="color:hsl(167,40%,35.666666666666664%)"><small>☆</small><span class="username" data-name="xshockfrostx">xshockfrostx</span>:</strong> <em>meaning you have not the slightest of skill and need it to win ;)</em></div><div class="chat chatmessage-parnstar"><strong style="color:hsl(41,84%,41.163999978976825%)"><small>☆</small><span class="username" data-name="Parnstar">Parnstar</span>:</strong> <em>Arcinine would of did the same thing</em></div><div class="chat chatmessage-xshockfrostx"><strong style="color:hsl(167,40%,35.666666666666664%)"><small>☆</small><span class="username" data-name="xshockfrostx">xshockfrostx</span>:</strong> <em>except he doesn't have the same stats</em></div><div class="chat chatmessage-parnstar"><strong style="color:hsl(41,84%,41.163999978976825%)"><small>☆</small><span class="username" data-name="Parnstar">Parnstar</span>:</strong> <em>Almost the smae</em></div><div class="chat chatmessage-xshockfrostx"><strong style="color:hsl(167,40%,35.666666666666664%)"><small>☆</small><span class="username" data-name="xshockfrostx">xshockfrostx</span>:</strong> <em>Honestly, sorry for being a dick XD</em></div><div class="chat chatmessage-xshockfrostx"><strong style="color:hsl(167,40%,35.666666666666664%)"><small>☆</small><span class="username" data-name="xshockfrostx">xshockfrostx</span>:</strong> <em>u don't seem like that bad a guy</em></div><div class="chat chatmessage-parnstar"><strong style="color:hsl(41,84%,41.163999978976825%)"><small>☆</small><span class="username" data-name="Parnstar">Parnstar</span>:</strong> <em>I'm not</em></div><div class="chat chatmessage-xshockfrostx"><strong style="color:hsl(167,40%,35.666666666666664%)"><small>☆</small><span class="username" data-name="xshockfrostx">xshockfrostx</span>:</strong> <em>Its just people who use legends piss me off</em></div><div class="chat chatmessage-parnstar"><strong style="color:hsl(41,84%,41.163999978976825%)"><small>☆</small><span class="username" data-name="Parnstar">Parnstar</span>:</strong> <em>i get mad fighting cressalia</em></div><div class="chat chatmessage-xshockfrostx"><strong style="color:hsl(167,40%,35.666666666666664%)"><small>☆</small><span class="username" data-name="xshockfrostx">xshockfrostx</span>:</strong> <em>xd</em></div><div class="chat chatmessage-parnstar"><strong style="color:hsl(41,84%,41.163999978976825%)"><small>☆</small><span class="username" data-name="Parnstar">Parnstar</span>:</strong> <em>Ohhhhh that piece of sht USB so trash</em></div><div class="chat chatmessage-xshockfrostx"><strong style="color:hsl(167,40%,35.666666666666664%)"><small>☆</small><span class="username" data-name="xshockfrostx">xshockfrostx</span>:</strong> <em>welp, imma go</em></div><div class="chat chatmessage-parnstar"><strong style="color:hsl(41,84%,41.163999978976825%)"><small>☆</small><span class="username" data-name="Parnstar">Parnstar</span>:</strong> <em>ok</em></div><div class="chat chatmessage-xshockfrostx"><strong style="color:hsl(167,40%,35.666666666666664%)"><small>☆</small><span class="username" data-name="xshockfrostx">xshockfrostx</span>:</strong> <em>cya</em></div><div class="chat chatmessage-parnstar"><strong style="color:hsl(41,84%,41.163999978976825%)"><small>☆</small><span class="username" data-name="Parnstar">Parnstar</span>:</strong> <em>peace</em></div><div class="chat"><small>xshockfrostx left.</small></div></div><div class="inner-preempt"></div></div></div>
</div>
<script>
let daily = Math.floor(Date.now()/1000/60/60/24);document.write('<script src="https://play.pokemonshowdown.com/js/replay-embed.js?version'+daily+'"></'+'script>');
</script>
