<!DOCTYPE html>
<meta charset="utf-8" />
<!-- version 1 -->
<title>UU replay: ParnStar vs. DarkMasterr</title>
<style>
html,body {font-family:Verdana, sans-serif;font-size:10pt;margin:0;padding:0;}body{padding:12px 0;} .battle-log {font-family:Verdana, sans-serif;font-size:10pt;} .battle-log-inline {border:1px solid #AAAAAA;background:#EEF2F5;color:black;max-width:640px;margin:0 auto 80px;padding-bottom:5px;} .battle-log .inner {padding:4px 8px 0px 8px;} .battle-log .inner-preempt {padding:0 8px 4px 8px;} .battle-log .inner-after {margin-top:0.5em;} .battle-log h2 {margin:0.5em -8px;padding:4px 8px;border:1px solid #AAAAAA;background:#E0E7EA;border-left:0;border-right:0;font-family:Verdana, sans-serif;font-size:13pt;} .battle-log .chat {vertical-align:middle;padding:3px 0 3px 0;font-size:8pt;} .battle-log .chat strong {color:#40576A;} .battle-log .chat em {padding:1px 4px 1px 3px;color:#000000;font-style:normal;} .chat.mine {background:rgba(0,0,0,0.05);margin-left:-8px;margin-right:-8px;padding-left:8px;padding-right:8px;} .spoiler {color:#BBBBBB;background:#BBBBBB;padding:0px 3px;} .spoiler:hover, .spoiler:active, .spoiler-shown {color:#000000;background:#E2E2E2;padding:0px 3px;} .spoiler a {color:#BBBBBB;} .spoiler:hover a, .spoiler:active a, .spoiler-shown a {color:#2288CC;} .chat code, .chat .spoiler:hover code, .chat .spoiler:active code, .chat .spoiler-shown code {border:1px solid #C0C0C0;background:#EEEEEE;color:black;padding:0 2px;} .chat .spoiler code {border:1px solid #CCCCCC;background:#CCCCCC;color:#CCCCCC;} .battle-log .rated {padding:3px 4px;} .battle-log .rated strong {color:white;background:#89A;padding:1px 4px;border-radius:4px;} .spacer {margin-top:0.5em;} .message-announce {background:#6688AA;color:white;padding:1px 4px 2px;} .message-announce a, .broadcast-green a, .broadcast-blue a, .broadcast-red a {color:#DDEEFF;} .broadcast-green {background-color:#559955;color:white;padding:2px 4px;} .broadcast-blue {background-color:#6688AA;color:white;padding:2px 4px;} .infobox {border:1px solid #6688AA;padding:2px 4px;} .infobox-limited {max-height:200px;overflow:auto;overflow-x:hidden;} .broadcast-red {background-color:#AA5544;color:white;padding:2px 4px;} .message-learn-canlearn {font-weight:bold;color:#228822;text-decoration:underline;} .message-learn-cannotlearn {font-weight:bold;color:#CC2222;text-decoration:underline;} .message-effect-weak {font-weight:bold;color:#CC2222;} .message-effect-resist {font-weight:bold;color:#6688AA;} .message-effect-immune {font-weight:bold;color:#666666;} .message-learn-list {margin-top:0;margin-bottom:0;} .message-throttle-notice, .message-error {color:#992222;} .message-overflow, .chat small.message-overflow {font-size:0pt;} .message-overflow::before {font-size:9pt;content:'...';} .subtle {color:#3A4A66;}
</style>
<div class="wrapper replay-wrapper" style="max-width:1180px;margin:0 auto">
<input type="hidden" name="replayid" value="uu-536564672" />
<div class="battle"></div><div class="battle-log"></div><div class="replay-controls"></div><div class="replay-controls-2"></div>
<h1 style="font-weight:normal;text-align:center"><strong>UU</strong><br /><a href="http://pokemonshowdown.com/users/parnstar" class="subtle" target="_blank">ParnStar</a> vs. <a href="http://pokemonshowdown.com/users/darkmasterr" class="subtle" target="_blank">DarkMasterr</a></h1>
<script type="text/plain" class="battle-log-data">|j|ParnStar
|j|DarkMasterr
|player|p1|ParnStar|24
|player|p2|DarkMasterr|267
|gametype|singles
|gen|6
|tier|UU
|rated
|seed|19830,3848,65425,28239
|rule|Sleep Clause Mod: Limit one foe put to sleep
|rule|Species Clause: Limit one of each Pokémon
|rule|OHKO Clause: OHKO moves are banned
|rule|Moody Clause: Moody is banned
|rule|Evasion Moves Clause: Evasion moves are banned
|rule|Endless Battle Clause: Forcing endless battles is banned
|rule|HP Percentage Mod: HP is shown in percentages
|clearpoke
|poke|p1|Conkeldurr, M, shiny|item
|poke|p1|Magneton, shiny|item
|poke|p1|Porygon-Z|item
|poke|p1|Whimsicott, M, shiny|item
|poke|p1|Entei, shiny|item
|poke|p1|Tentacruel, F|item
|poke|p2|Lucario, M|item
|poke|p2|Empoleon, M|item
|poke|p2|Dragalge, M|item
|poke|p2|Rotom-Heat|item
|poke|p2|Gligar, M|item
|poke|p2|Vaporeon, F|item
|rule|Swagger Clause: Swagger is banned
|rule|Baton Pass Clause: Limit one Baton Passer, can't pass Spe and other stats simultaneously
|teampreview
|choice|team 1, team 2, team 3, team 4, team 5, team 6|team 5, team 2, team 3, team 4, team 1, team 6
|
|start
|switch|p1a: Mandingo|Conkeldurr, M, shiny|414\/414
|switch|p2a: Gligar|Gligar, M|334\/334
|turn|1
|choice|move knockoff|switch 6
|
|switch|p2a: Vaporeon|Vaporeon, F|450\/450
|move|p1a: Mandingo|Knock Off|p2a: Vaporeon
|-damage|p2a: Vaporeon|320\/450
|-enditem|p2a: Vaporeon|Leftovers|[from] move: Knock Off|[of] p1a: Mandingo
|
|-status|p1a: Mandingo|brn|[from] item: Flame Orb
|upkeep
|turn|2
|choice|move drainpunch|move wish
|
|move|p2a: Vaporeon|Wish|p2a: Vaporeon
|move|p1a: Mandingo|Drain Punch|p2a: Vaporeon
|-damage|p2a: Vaporeon|80\/450
|
|-damage|p1a: Mandingo|363\/414 brn|[from] brn
|upkeep
|turn|3
|choice|move knockoff|switch 3
|
|switch|p2a: Dragalge|Dragalge, M|318\/318
|move|p1a: Mandingo|Knock Off|p2a: Dragalge
|-damage|p2a: Dragalge|81\/318
|-enditem|p2a: Dragalge|Choice Specs|[from] move: Knock Off|[of] p1a: Mandingo
|
|-heal|p2a: Dragalge|306\/318|[from] move: Wish|[wisher] Vaporeon
|-damage|p1a: Mandingo|312\/414 brn|[from] brn
|upkeep
|turn|4
|choice|move drainpunch|move dracometeor
|
|move|p2a: Dragalge|Draco Meteor|p1a: Mandingo
|-damage|p1a: Mandingo|0 fnt
|-unboost|p2a: Dragalge|spa|2
|faint|p1a: Mandingo
|
|upkeep
|choice|switch 3|
|
|switch|p1a: beta|Porygon-Z|311\/311
|turn|5
|choice|move triattack|switch 6
|
|switch|p2a: Gligar|Gligar, M|334\/334
|move|p1a: beta|Tri Attack|p2a: Gligar
|-damage|p2a: Gligar|24\/334
|
|upkeep
|turn|6
|choice|move triattack|move uturn
|
|move|p1a: beta|Tri Attack|p2a: Gligar
|-damage|p2a: Gligar|0 fnt
|faint|p2a: Gligar
|
|upkeep
|j|PhilyFlygonsCoach
|choice||switch 5
|
|switch|p2a: Lucario|Lucario, M|281\/281
|turn|7
|choice|move triattack|move swordsdance
|
|move|p2a: Lucario|Swords Dance|p2a: Lucario
|-boost|p2a: Lucario|atk|2
|move|p1a: beta|Tri Attack|p2a: Lucario
|-resisted|p2a: Lucario
|-damage|p2a: Lucario|80\/281
|
|upkeep
|turn|8
|l|PhilyFlygonsCoach
|choice|switch 6|move closecombat
|
|switch|p1a: Hitomi Tanaka|Tentacruel, F|301\/301
|move|p2a: Lucario|Close Combat|p1a: Hitomi Tanaka
|-resisted|p1a: Hitomi Tanaka
|-damage|p1a: Hitomi Tanaka|0 fnt
|-unboost|p2a: Lucario|def|1
|-unboost|p2a: Lucario|spd|1
|-damage|p2a: Lucario|52\/281|[from] item: Life Orb
|faint|p1a: Hitomi Tanaka
|
|upkeep
|choice|switch 5|
|
|switch|p1a: Ash could of caugh|Entei, shiny|371\/371
|-ability|p1a: Ash could of caugh|Pressure
|turn|9
|choice|move extremespeed|move extremespeed
|
|move|p2a: Lucario|Extreme Speed|p1a: Ash could of caugh
|-damage|p1a: Ash could of caugh|125\/371
|-damage|p2a: Lucario|24\/281|[from] item: Life Orb
|move|p1a: Ash could of caugh|Extreme Speed|p2a: Lucario
|-resisted|p2a: Lucario
|-damage|p2a: Lucario|0 fnt
|faint|p2a: Lucario
|
|upkeep
|choice||switch 4
|
|switch|p2a: Rotom|Rotom-Heat|241\/241
|turn|10
|choice|move extremespeed|move voltswitch
|
|move|p1a: Ash could of caugh|Extreme Speed|p2a: Rotom
|-damage|p2a: Rotom|154\/241
|move|p2a: Rotom|Volt Switch|p1a: Ash could of caugh
|-damage|p1a: Ash could of caugh|0 fnt
|faint|p1a: Ash could of caugh
|choice||switch 3
|
|switch|p2a: Vaporeon|Vaporeon, F|80\/450
|
|upkeep
|choice|switch 4|
|
|switch|p1a: Presscott|Whimsicott, M, shiny|261\/261
|turn|11
|choice|move moonblast|move wish
|
|move|p1a: Presscott|Moonblast|p2a: Vaporeon
|-damage|p2a: Vaporeon|0 fnt
|faint|p2a: Vaporeon
|
|upkeep
|choice||switch 6
|
|switch|p2a: Dragalge|Dragalge, M|306\/318
|turn|12
|choice|move moonblast|move surf
|
|move|p1a: Presscott|Moonblast|p2a: Dragalge
|-damage|p2a: Dragalge|182\/318
|move|p2a: Dragalge|Surf|p1a: Presscott
|-resisted|p1a: Presscott
|-damage|p1a: Presscott|199\/261
|
|upkeep
|turn|13
|choice|move encore|move sludgewave
|
|move|p1a: Presscott|Encore|p2a: Dragalge
|-start|p2a: Dragalge|Encore
|move|p2a: Dragalge|Surf|p1a: Presscott
|-resisted|p1a: Presscott
|-damage|p1a: Presscott|140\/261
|
|upkeep
|turn|14
|choice|move naturepower|switch 2
|
|switch|p2a: Empoleon|Empoleon, M|372\/372
|move|p1a: Presscott|Nature Power|p2a: Empoleon
|move|p1a: Presscott|Tri Attack|p2a: Empoleon|[from]Nature Power
|-resisted|p2a: Empoleon
|-damage|p2a: Empoleon|338\/372
|
|-heal|p2a: Empoleon|361\/372|[from] item: Leftovers
|upkeep
|turn|15
|choice|switch 2|move roar
|
|switch|p1a: Alpha|Magneton, shiny|303\/303
|move|p2a: Empoleon|Roar|p1a: Alpha
|drag|p1a: Presscott|Whimsicott, M, shiny|140\/261
|
|-heal|p2a: Empoleon|372\/372|[from] item: Leftovers
|upkeep
|turn|16
|choice|move encore|move roar
|
|move|p1a: Presscott|Encore|p2a: Empoleon
|-start|p2a: Empoleon|Encore
|move|p2a: Empoleon|Roar|p1a: Presscott
|drag|p1a: beta|Porygon-Z|311\/311
|
|upkeep
|turn|17
|choice|move triattack|switch 2
|
|switch|p2a: Dragalge|Dragalge, M|182\/318
|move|p1a: beta|Tri Attack|p2a: Dragalge
|-damage|p2a: Dragalge|0 fnt
|faint|p2a: Dragalge
|
|upkeep
|choice||switch 3
|
|switch|p2a: Rotom|Rotom-Heat|154\/241
|turn|18
|choice|move triattack|move trick
|
|move|p2a: Rotom|Trick|p1a: beta
|-activate|p2a: Rotom|move: Trick|[of] p1a: beta
|-item|p1a: beta|Choice Scarf|[from] move: Trick
|-item|p2a: Rotom|Choice Specs|[from] move: Trick
|move|p1a: beta|Tri Attack|p2a: Rotom
|-damage|p2a: Rotom|0 fnt
|faint|p2a: Rotom
|
|upkeep
|l|DarkMasterr
|player|p2
|-message|DarkMasterr lost due to inactivity.
|
|win|ParnStar
|player|p1
|raw|ParnStar's rating: 1437 &rarr; <strong>1443<\/strong><br \/>(+6 for winning)
|raw|DarkMasterr's rating: 1118 &rarr; <strong>1111<\/strong><br \/>(-7 for losing)</script>
</div>
<div class="battle-log battle-log-inline"><div class="inner"><div class="battle-options"></div><div class="inner"><div class="chat"><small>ParnStar joined.</small></div><div class="chat"><small>DarkMasterr joined.</small></div><div class=""><small>Format:</small> <br><strong>UU</strong></div><div class="rated"><strong>Rated battle</strong></div><div class=""><small><em>Sleep Clause Mod:</em> Limit one foe put to sleep</small></div><div class=""><small><em>Species Clause:</em> Limit one of each Pokémon</small></div><div class=""><small><em>OHKO Clause:</em> OHKO moves are banned</small></div><div class=""><small><em>Moody Clause:</em> Moody is banned</small></div><div class=""><small><em>Evasion Moves Clause:</em> Evasion moves are banned</small></div><div class=""><small><em>Endless Battle Clause:</em> Forcing endless battles is banned</small></div><div class=""><small><em>HP Percentage Mod:</em> HP is shown in percentages</small></div><div class=""><small><em>Swagger Clause:</em> Swagger is banned</small></div><div class=""><small><em>Baton Pass Clause:</em> Limit one Baton Passer, can't pass Spe and other stats simultaneously</small></div><div class="chat battle-history"><strong>ParnStar's team:</strong> <em style="color:#445566;display:block;">Conkeldurr / Magneton / Porygon-Z / Whimsicott / Entei / Tentacruel</em></div><div class="chat battle-history"><strong>DarkMasterr's team:</strong> <em style="color:#445566;display:block;">Lucario / Empoleon / Dragalge / Rotom-Heat / Gligar / Vaporeon</em></div><div class="spacer battle-history"><br></div><div class="battle-history">Battle started between ParnStar and DarkMasterr!<br></div><div class="spacer battle-history"><br></div><div class="battle-history">Go! Mandingo (<strong>Conkeldurr</strong>)!<br></div><div class="spacer battle-history"><br></div><div class="battle-history">DarkMasterr sent out <strong>Gligar</strong>!<br></div><div class="spacer battle-history"><br></div><h2 class="battle-history">Turn 1</h2><div class="spacer battle-history"><br></div><div class="battle-history">DarkMasterr withdrew Gligar!<br></div><div class="battle-history">DarkMasterr sent out <strong>Vaporeon</strong>!<br></div><div class="spacer battle-history"><br></div><div class="battle-history">Mandingo used <strong>Knock Off</strong>!<br></div><div class="battle-history"><small>(The opposing Vaporeon lost <abbr title="−130/450">28.9%</abbr> of its health!)</small><br></div><div class="battle-history"><small>Mandingo knocked off the opposing Vaporeon's Leftovers!</small><br></div><div class="spacer battle-history"><br></div><div class="battle-history"><small>Mandingo was burned!</small><br></div><div class="spacer battle-history"><br></div><h2 class="battle-history">Turn 2</h2><div class="spacer battle-history"><br></div><div class="battle-history">The opposing Vaporeon used <strong>Wish</strong>!<br></div><div class="spacer battle-history"><br></div><div class="battle-history">Mandingo used <strong>Drain Punch</strong>!<br></div><div class="battle-history"><small>(The opposing Vaporeon lost <abbr title="−240/450">53.3%</abbr> of its health!)</small><br></div><div class="spacer battle-history"><br></div><div class="battle-history"><small>Mandingo was hurt by its burn!</small><br></div><div class="spacer battle-history"><br></div><h2 class="battle-history">Turn 3</h2><div class="spacer battle-history"><br></div><div class="battle-history">DarkMasterr withdrew Vaporeon!<br></div><div class="battle-history">DarkMasterr sent out <strong>Dragalge</strong>!<br></div><div class="spacer battle-history"><br></div><div class="battle-history">Mandingo used <strong>Knock Off</strong>!<br></div><div class="battle-history"><small>(The opposing Dragalge lost <abbr title="−237/318">74.5%</abbr> of its health!)</small><br></div><div class="battle-history"><small>Mandingo knocked off the opposing Dragalge's Choice Specs!</small><br></div><div class="spacer battle-history"><br></div><div class="battle-history"><small>Vaporeon's wish came true!</small><br></div><div class="battle-history"><small>Mandingo was hurt by its burn!</small><br></div><div class="spacer battle-history"><br></div><h2 class="battle-history">Turn 4</h2><div class="spacer battle-history"><br></div><div class="battle-history">The opposing Dragalge used <strong>Draco Meteor</strong>!<br></div><div class="battle-history"><small>(Mandingo lost <abbr title="−312/414">75.4%</abbr> of its health!)</small><br></div><div class="battle-history"><small>The opposing Dragalge's Special Attack fell harshly!</small><br></div><div class="spacer battle-history"><br></div><div class="battle-history">Mandingo fainted!<br></div><div class="spacer battle-history"><br></div><div class="battle-history">Go! beta (<strong>Porygon-Z</strong>)!<br></div><div class="spacer battle-history"><br></div><h2 class="battle-history">Turn 5</h2><div class="spacer battle-history"><br></div><div class="battle-history">DarkMasterr withdrew Dragalge!<br></div><div class="battle-history">DarkMasterr sent out <strong>Gligar</strong>!<br></div><div class="spacer battle-history"><br></div><div class="battle-history">beta used <strong>Tri Attack</strong>!<br></div><div class="battle-history"><small>(The opposing Gligar lost <abbr title="−310/334">92.8%</abbr> of its health!)</small><br></div><div class="spacer battle-history"><br></div><h2 class="battle-history">Turn 6</h2><div class="spacer battle-history"><br></div><div class="battle-history">beta used <strong>Tri Attack</strong>!<br></div><div class="battle-history"><small>(The opposing Gligar lost <abbr title="−24/334">7.2%</abbr> of its health!)</small><br></div><div class="spacer battle-history"><br></div><div class="battle-history">The opposing Gligar fainted!<br></div><div class="chat"><small>PhilyFlygonsCoach joined.</small></div><div class="spacer battle-history"><br></div><div class="battle-history">DarkMasterr sent out <strong>Lucario</strong>!<br></div><div class="spacer battle-history"><br></div><h2 class="battle-history">Turn 7</h2><div class="spacer battle-history"><br></div><div class="battle-history">The opposing Lucario used <strong>Swords Dance</strong>!<br></div><div class="battle-history"><small>The opposing Lucario's Attack rose sharply!</small><br></div><div class="spacer battle-history"><br></div><div class="battle-history">beta used <strong>Tri Attack</strong>!<br></div><div class="battle-history"><small>It's not very effective...</small><br></div><div class="battle-history"><small>(The opposing Lucario lost <abbr title="−201/281">71.5%</abbr> of its health!)</small><br></div><div class="spacer battle-history"><br></div><h2 class="battle-history">Turn 8</h2><div class="chat"><small>PhilyFlygonsCoach left.</small></div><div class="spacer battle-history"><br></div><div class="battle-history">beta, come back!<br></div><div class="battle-history">Go! Hitomi Tanaka (<strong>Tentacruel</strong>)!<br></div><div class="spacer battle-history"><br></div><div class="battle-history">The opposing Lucario used <strong>Close Combat</strong>!<br></div><div class="battle-history"><small>It's not very effective...</small><br></div><div class="battle-history"><small>(Hitomi Tanaka lost <abbr title="−301/301">100%</abbr> of its health!)</small><br></div><div class="battle-history"><small>The opposing Lucario's Defense fell!</small><br></div><div class="battle-history"><small>The opposing Lucario's Special Defense fell!</small><br></div><div class="battle-history"><small>The opposing Lucario lost some of its HP!</small><br></div><div class="spacer battle-history"><br></div><div class="battle-history">Hitomi Tanaka fainted!<br></div><div class="spacer battle-history"><br></div><div class="battle-history">Go! Ash could of caugh (<strong>Entei</strong>)!<br></div><div class="battle-history"><small>[Ash could of caugh's Pressure]</small><br><small>Ash could of caugh is exerting its pressure!</small><br></div><div class="spacer battle-history"><br></div><h2 class="battle-history">Turn 9</h2><div class="spacer battle-history"><br></div><div class="battle-history">The opposing Lucario used <strong>Extreme Speed</strong>!<br></div><div class="battle-history"><small>(Ash could of caugh lost <abbr title="−246/371">66.3%</abbr> of its health!)</small><br></div><div class="battle-history"><small>The opposing Lucario lost some of its HP!</small><br></div><div class="spacer battle-history"><br></div><div class="battle-history">Ash could of caugh used <strong>Extreme Speed</strong>!<br></div><div class="battle-history"><small>It's not very effective...</small><br></div><div class="battle-history"><small>(The opposing Lucario lost <abbr title="−24/281">8.5%</abbr> of its health!)</small><br></div><div class="spacer battle-history"><br></div><div class="battle-history">The opposing Lucario fainted!<br></div><div class="spacer battle-history"><br></div><div class="battle-history">DarkMasterr sent out Rotom (<strong>Rotom-Heat</strong>)!<br></div><div class="spacer battle-history"><br></div><h2 class="battle-history">Turn 10</h2><div class="spacer battle-history"><br></div><div class="battle-history">Ash could of caugh used <strong>Extreme Speed</strong>!<br></div><div class="battle-history"><small>(The opposing Rotom lost <abbr title="−87/241">36.1%</abbr> of its health!)</small><br></div><div class="spacer battle-history"><br></div><div class="battle-history">The opposing Rotom used <strong>Volt Switch</strong>!<br></div><div class="battle-history"><small>(Ash could of caugh lost <abbr title="−125/371">33.7%</abbr> of its health!)</small><br></div><div class="spacer battle-history"><br></div><div class="battle-history">Ash could of caugh fainted!<br></div><div class="spacer battle-history"><br></div><div class="battle-history">The opposing Rotom went back to DarkMasterr!<br></div><div class="battle-history">DarkMasterr sent out <strong>Vaporeon</strong>!<br></div><div class="spacer battle-history"><br></div><div class="battle-history">Go! Presscott (<strong>Whimsicott</strong>)!<br></div><div class="spacer battle-history"><br></div><h2 class="battle-history">Turn 11</h2><div class="spacer battle-history"><br></div><div class="battle-history">Presscott used <strong>Moonblast</strong>!<br></div><div class="battle-history"><small>(The opposing Vaporeon lost <abbr title="−80/450">17.8%</abbr> of its health!)</small><br></div><div class="spacer battle-history"><br></div><div class="battle-history">The opposing Vaporeon fainted!<br></div><div class="spacer battle-history"><br></div><div class="battle-history">DarkMasterr sent out <strong>Dragalge</strong>!<br></div><div class="spacer battle-history"><br></div><h2 class="battle-history">Turn 12</h2><div class="spacer battle-history"><br></div><div class="battle-history">Presscott used <strong>Moonblast</strong>!<br></div><div class="battle-history"><small>(The opposing Dragalge lost <abbr title="−124/318">39.0%</abbr> of its health!)</small><br></div><div class="spacer battle-history"><br></div><div class="battle-history">The opposing Dragalge used <strong>Surf</strong>!<br></div><div class="battle-history"><small>It's not very effective...</small><br></div><div class="battle-history"><small>(Presscott lost <abbr title="−62/261">23.8%</abbr> of its health!)</small><br></div><div class="spacer battle-history"><br></div><h2 class="battle-history">Turn 13</h2><div class="spacer battle-history"><br></div><div class="battle-history">Presscott used <strong>Encore</strong>!<br></div><div class="battle-history"><small>The opposing Dragalge received an encore!</small><br></div><div class="spacer battle-history"><br></div><div class="battle-history">The opposing Dragalge used <strong>Surf</strong>!<br></div><div class="battle-history"><small>It's not very effective...</small><br></div><div class="battle-history"><small>(Presscott lost <abbr title="−59/261">22.6%</abbr> of its health!)</small><br></div><div class="spacer battle-history"><br></div><h2 class="battle-history">Turn 14</h2><div class="spacer battle-history"><br></div><div class="battle-history">DarkMasterr withdrew Dragalge!<br></div><div class="battle-history">DarkMasterr sent out <strong>Empoleon</strong>!<br></div><div class="spacer battle-history"><br></div><div class="battle-history">Presscott used <strong>Nature Power</strong>!<br></div><div class="spacer battle-history"><br></div><div class="battle-history">Nature Power turned into Tri Attack!<br></div><div class="battle-history"><small>It's not very effective...</small><br></div><div class="battle-history"><small>(The opposing Empoleon lost <abbr title="−34/372">9.1%</abbr> of its health!)</small><br></div><div class="spacer battle-history"><br></div><div class="battle-history"><small>The opposing Empoleon restored a little HP using its Leftovers!</small><br></div><div class="spacer battle-history"><br></div><h2 class="battle-history">Turn 15</h2><div class="spacer battle-history"><br></div><div class="battle-history">Presscott, come back!<br></div><div class="battle-history">Go! Alpha (<strong>Magneton</strong>)!<br></div><div class="spacer battle-history"><br></div><div class="battle-history">The opposing Empoleon used <strong>Roar</strong>!<br></div><div class="spacer battle-history"><br></div><div class="battle-history">Presscott (<strong>Whimsicott</strong>) was dragged out!<br></div><div class="spacer battle-history"><br></div><div class="battle-history"><small>The opposing Empoleon restored a little HP using its Leftovers!</small><br></div><div class="spacer battle-history"><br></div><h2 class="battle-history">Turn 16</h2><div class="spacer battle-history"><br></div><div class="battle-history">Presscott used <strong>Encore</strong>!<br></div><div class="battle-history"><small>The opposing Empoleon received an encore!</small><br></div><div class="spacer battle-history"><br></div><div class="battle-history">The opposing Empoleon used <strong>Roar</strong>!<br></div><div class="spacer battle-history"><br></div><div class="battle-history">beta (<strong>Porygon-Z</strong>) was dragged out!<br></div><div class="spacer battle-history"><br></div><h2 class="battle-history">Turn 17</h2><div class="spacer battle-history"><br></div><div class="battle-history">DarkMasterr withdrew Empoleon!<br></div><div class="battle-history">DarkMasterr sent out <strong>Dragalge</strong>!<br></div><div class="spacer battle-history"><br></div><div class="battle-history">beta used <strong>Tri Attack</strong>!<br></div><div class="battle-history"><small>(The opposing Dragalge lost <abbr title="−182/318">57.2%</abbr> of its health!)</small><br></div><div class="spacer battle-history"><br></div><div class="battle-history">The opposing Dragalge fainted!<br></div><div class="spacer battle-history"><br></div><div class="battle-history">DarkMasterr sent out Rotom (<strong>Rotom-Heat</strong>)!<br></div><div class="spacer battle-history"><br></div><h2 class="battle-history">Turn 18</h2><div class="spacer battle-history"><br></div><div class="battle-history">The opposing Rotom used <strong>Trick</strong>!<br></div><div class="battle-history"><small>The opposing Rotom switched items with its target!</small><br></div><div class="battle-history"><small>beta obtained one Choice Scarf.</small><br></div><div class="battle-history"><small>The opposing Rotom obtained one Choice Specs.</small><br></div><div class="spacer battle-history"><br></div><div class="battle-history">beta used <strong>Tri Attack</strong>!<br></div><div class="battle-history"><small>(The opposing Rotom lost <abbr title="−154/241">63.9%</abbr> of its health!)</small><br></div><div class="spacer battle-history"><br></div><div class="battle-history">The opposing Rotom fainted!<br></div><div class="chat"><small>DarkMasterr left.</small></div><div class="spacer battle-history"><br></div><div class="battle-history"><small>DarkMasterr lost due to inactivity.</small><br></div><div class="spacer battle-history"><br></div><div class="battle-history"><strong>ParnStar</strong> won the battle!<br></div><div class="chat">ParnStar's rating: 1437 → <strong>1443</strong><br>(+6 for winning)</div><div class="chat">DarkMasterr's rating: 1118 → <strong>1111</strong><br>(-7 for losing)</div></div><div class="inner-preempt"></div></div></div>
</div>
<script>
let daily = Math.floor(Date.now()/1000/60/60/24);document.write('<script src="https://play.pokemonshowdown.com/js/replay-embed.js?version'+daily+'"></'+'script>');
</script>
