<!DOCTYPE html>
<meta charset="utf-8" />
<!-- version 1 -->
<title>UU replay: DaeWookKim vs. der gaviols</title>
<style>
html,body {font-family:Verdana, sans-serif;font-size:10pt;margin:0;padding:0;}body{padding:12px 0;} .battle-log {font-family:Verdana, sans-serif;font-size:10pt;} .battle-log-inline {border:1px solid #AAAAAA;background:#EEF2F5;color:black;max-width:640px;margin:0 auto 80px;padding-bottom:5px;} .battle-log .inner {padding:4px 8px 0px 8px;} .battle-log .inner-preempt {padding:0 8px 4px 8px;} .battle-log .inner-after {margin-top:0.5em;} .battle-log h2 {margin:0.5em -8px;padding:4px 8px;border:1px solid #AAAAAA;background:#E0E7EA;border-left:0;border-right:0;font-family:Verdana, sans-serif;font-size:13pt;} .battle-log .chat {vertical-align:middle;padding:3px 0 3px 0;font-size:8pt;} .battle-log .chat strong {color:#40576A;} .battle-log .chat em {padding:1px 4px 1px 3px;color:#000000;font-style:normal;} .chat.mine {background:rgba(0,0,0,0.05);margin-left:-8px;margin-right:-8px;padding-left:8px;padding-right:8px;} .spoiler {color:#BBBBBB;background:#BBBBBB;padding:0px 3px;} .spoiler:hover, .spoiler:active, .spoiler-shown {color:#000000;background:#E2E2E2;padding:0px 3px;} .spoiler a {color:#BBBBBB;} .spoiler:hover a, .spoiler:active a, .spoiler-shown a {color:#2288CC;} .chat code, .chat .spoiler:hover code, .chat .spoiler:active code, .chat .spoiler-shown code {border:1px solid #C0C0C0;background:#EEEEEE;color:black;padding:0 2px;} .chat .spoiler code {border:1px solid #CCCCCC;background:#CCCCCC;color:#CCCCCC;} .battle-log .rated {padding:3px 4px;} .battle-log .rated strong {color:white;background:#89A;padding:1px 4px;border-radius:4px;} .spacer {margin-top:0.5em;} .message-announce {background:#6688AA;color:white;padding:1px 4px 2px;} .message-announce a, .broadcast-green a, .broadcast-blue a, .broadcast-red a {color:#DDEEFF;} .broadcast-green {background-color:#559955;color:white;padding:2px 4px;} .broadcast-blue {background-color:#6688AA;color:white;padding:2px 4px;} .infobox {border:1px solid #6688AA;padding:2px 4px;} .infobox-limited {max-height:200px;overflow:auto;overflow-x:hidden;} .broadcast-red {background-color:#AA5544;color:white;padding:2px 4px;} .message-learn-canlearn {font-weight:bold;color:#228822;text-decoration:underline;} .message-learn-cannotlearn {font-weight:bold;color:#CC2222;text-decoration:underline;} .message-effect-weak {font-weight:bold;color:#CC2222;} .message-effect-resist {font-weight:bold;color:#6688AA;} .message-effect-immune {font-weight:bold;color:#666666;} .message-learn-list {margin-top:0;margin-bottom:0;} .message-throttle-notice, .message-error {color:#992222;} .message-overflow, .chat small.message-overflow {font-size:0pt;} .message-overflow::before {font-size:9pt;content:'...';} .subtle {color:#3A4A66;}
</style>
<div class="wrapper replay-wrapper" style="max-width:1180px;margin:0 auto">
<input type="hidden" name="replayid" value="uu-534459930" />
<div class="battle"></div><div class="battle-log"></div><div class="replay-controls"></div><div class="replay-controls-2"></div>
<h1 style="font-weight:normal;text-align:center"><strong>UU</strong><br /><a href="http://pokemonshowdown.com/users/daewookkim" class="subtle" target="_blank">DaeWookKim</a> vs. <a href="http://pokemonshowdown.com/users/dergaviols" class="subtle" target="_blank">der gaviols</a></h1>
<script type="text/plain" class="battle-log-data">|j|DaeWookKim
|j|der gaviols
|player|p1|DaeWookKim|10
|player|p2|der gaviols|165
|gametype|singles
|gen|6
|tier|UU
|rated
|seed|41890,1352,2972,51973
|rule|Sleep Clause Mod: Limit one foe put to sleep
|rule|Species Clause: Limit one of each Pokémon
|rule|OHKO Clause: OHKO moves are banned
|rule|Moody Clause: Moody is banned
|rule|Evasion Moves Clause: Evasion moves are banned
|rule|Endless Battle Clause: Forcing endless battles is banned
|rule|HP Percentage Mod: HP is shown in percentages
|clearpoke
|poke|p1|Umbreon, F|item
|poke|p1|Charizard, F, shiny|item
|poke|p1|Blastoise, M|item
|poke|p1|Tyrantrum, M|item
|poke|p1|Cresselia, F|item
|poke|p1|Flygon, F|item
|poke|p2|Aggron, M|item
|poke|p2|Gardevoir, F, shiny|item
|poke|p2|Hoopa|item
|poke|p2|Haxorus, M, shiny|item
|poke|p2|Altaria, F, shiny|item
|poke|p2|Blastoise, F|item
|rule|Swagger Clause: Swagger is banned
|rule|Baton Pass Clause: Limit one Baton Passer, can't pass Spe and other stats simultaneously
|teampreview
|choice|team 2, team 1, team 3, team 4, team 5, team 6|team 6, team 2, team 3, team 4, team 5, team 1
|
|start
|switch|p1a: Charizard|Charizard, F, shiny|298\/298
|switch|p2a: Blastoise|Blastoise, F|350\/350
|turn|1
|choice|switch 2|move scald
|
|switch|p1a: Umbreon|Umbreon, F|394\/394
|move|p2a: Blastoise|Scald|p1a: Umbreon
|-damage|p1a: Umbreon|331\/394
|
|-heal|p1a: Umbreon|355\/394|[from] item: Leftovers
|upkeep
|turn|2
|choice|move toxic|move mirrorcoat
|
|move|p1a: Umbreon|Toxic|p2a: Blastoise
|-status|p2a: Blastoise|tox
|move|p2a: Blastoise|Mirror Coat|p1a: Umbreon
|-immune|p1a: Umbreon|[msg]
|
|-heal|p1a: Umbreon|379\/394|[from] item: Leftovers
|-damage|p2a: Blastoise|329\/350 tox|[from] psn
|upkeep
|turn|3
|choice|move foulplay|switch 5
|
|switch|p2a: Altaria|Altaria, F, shiny|353\/353
|move|p1a: Umbreon|Foul Play|p2a: Altaria
|-damage|p2a: Altaria|280\/353
|
|-heal|p2a: Altaria|302\/353|[from] item: Leftovers
|-heal|p1a: Umbreon|394\/394|[from] item: Leftovers
|upkeep
|turn|4
|choice|move toxic|move healbell
|
|move|p2a: Altaria|Heal Bell|p2a: Altaria
|-activate|p2a: Altaria|move: Heal Bell
|-curestatus|p2: Blastoise|tox|[msg]
|move|p1a: Umbreon|Toxic|p2a: Altaria
|-status|p2a: Altaria|tox
|
|-heal|p2a: Altaria|324\/353 tox|[from] item: Leftovers
|-damage|p2a: Altaria|302\/353 tox|[from] psn
|upkeep
|turn|5
|choice|move confuseray|move healbell
|
|move|p2a: Altaria|Heal Bell|p2a: Altaria
|-activate|p2a: Altaria|move: Heal Bell
|-curestatus|p2a: Altaria|tox|[msg]
|move|p1a: Umbreon|Confuse Ray|p2a: Altaria
|-start|p2a: Altaria|confusion
|
|-heal|p2a: Altaria|324\/353|[from] item: Leftovers
|upkeep
|turn|6
|choice|move toxic|switch 6
|
|switch|p2a: Aggron|Aggron, M|343\/343
|move|p1a: Umbreon|Toxic|p2a: Aggron
|-immune|p2a: Aggron|[msg]
|
|upkeep
|turn|7
|choice|move confuseray|move curse mega
|
|detailschange|p2a: Aggron|Aggron-Mega, M
|-mega|p2a: Aggron|Aggron|Aggronite
|move|p1a: Umbreon|Confuse Ray|p2a: Aggron
|-start|p2a: Aggron|confusion
|-activate|p2a: Aggron|confusion
|move|p2a: Aggron|Curse|p2a: Aggron
|-unboost|p2a: Aggron|spe|1
|-boost|p2a: Aggron|atk|1
|-boost|p2a: Aggron|def|1
|
|upkeep
|turn|8
|choice|move foulplay|move curse
|
|move|p1a: Umbreon|Foul Play|p2a: Aggron
|-damage|p2a: Aggron|271\/343
|-end|p2a: Aggron|confusion
|move|p2a: Aggron|Curse|p2a: Aggron
|-unboost|p2a: Aggron|spe|1
|-boost|p2a: Aggron|atk|1
|-boost|p2a: Aggron|def|1
|
|upkeep
|turn|9
|choice|move foulplay|move ironhead
|
|move|p1a: Umbreon|Foul Play|p2a: Aggron
|-damage|p2a: Aggron|199\/343
|move|p2a: Aggron|Iron Head|p1a: Umbreon
|-damage|p1a: Umbreon|193\/394
|
|-heal|p1a: Umbreon|217\/394|[from] item: Leftovers
|upkeep
|turn|10
|choice|move confuseray|move ironhead
|
|move|p1a: Umbreon|Confuse Ray|p2a: Aggron
|-start|p2a: Aggron|confusion
|-activate|p2a: Aggron|confusion
|move|p2a: Aggron|Iron Head|p1a: Umbreon
|-crit|p1a: Umbreon
|-damage|p1a: Umbreon|0 fnt
|faint|p1a: Umbreon
|
|upkeep
|choice|switch 2|
|
|switch|p1a: Charizard|Charizard, F, shiny|298\/298
|turn|11
|choice|move fireblast|switch 5
|
|switch|p2a: Blastoise|Blastoise, F|329\/350
|move|p1a: Charizard|Fire Blast|p2a: Blastoise
|-resisted|p2a: Blastoise
|-damage|p2a: Blastoise|260\/350
|-status|p2a: Blastoise|brn
|-damage|p1a: Charizard|269\/298|[from] item: Life Orb
|
|-damage|p2a: Blastoise|217\/350 brn|[from] brn
|upkeep
|turn|12
|choice|switch 5|move scald
|
|switch|p1a: Cresselia|Cresselia, F|443\/443
|move|p2a: Blastoise|Scald|p1a: Cresselia
|-damage|p1a: Cresselia|373\/443
|
|-heal|p1a: Cresselia|400\/443|[from] item: Leftovers
|-damage|p2a: Blastoise|174\/350 brn|[from] brn
|upkeep
|turn|13
|choice|move psychic|switch 2
|
|switch|p2a: Gardevoir|Gardevoir, F, shiny|277\/277
|-ability|p2a: Gardevoir|Levitate|[from] ability: Trace|[of] p1a: Cresselia
|move|p1a: Cresselia|Psychic|p2a: Gardevoir
|-resisted|p2a: Gardevoir
|-damage|p2a: Gardevoir|254\/277
|
|-heal|p1a: Cresselia|427\/443|[from] item: Leftovers
|upkeep
|turn|14
|choice|move toxic|move shadowball
|
|move|p2a: Gardevoir|Shadow Ball|p1a: Cresselia
|-supereffective|p1a: Cresselia
|-damage|p1a: Cresselia|271\/443
|move|p1a: Cresselia|Toxic|p2a: Gardevoir
|-status|p2a: Gardevoir|tox
|
|-heal|p1a: Cresselia|298\/443|[from] item: Leftovers
|-damage|p2a: Gardevoir|237\/277 tox|[from] psn
|upkeep
|turn|15
|choice|move moonlight|switch 3
|
|switch|p2a: Hoopa|Hoopa|301\/301
|move|p1a: Cresselia|Moonlight|p1a: Cresselia
|-heal|p1a: Cresselia|443\/443
|
|upkeep
|turn|16
|choice|move moonblast|move knockoff
|
|move|p2a: Hoopa|Knock Off|p1a: Cresselia
|-supereffective|p1a: Cresselia
|-damage|p1a: Cresselia|339\/443
|-enditem|p1a: Cresselia|Leftovers|[from] move: Knock Off|[of] p2a: Hoopa
|move|p1a: Cresselia|Moonblast|p2a: Hoopa
|-damage|p2a: Hoopa|254\/301
|
|upkeep
|turn|17
|choice|move toxic|move knockoff
|
|move|p2a: Hoopa|Knock Off|p1a: Cresselia
|-supereffective|p1a: Cresselia
|-damage|p1a: Cresselia|267\/443
|move|p1a: Cresselia|Toxic|p2a: Hoopa
|-status|p2a: Hoopa|tox
|
|-damage|p2a: Hoopa|236\/301 tox|[from] psn
|upkeep
|turn|18
|choice|move moonlight|switch 6
|
|switch|p2a: Altaria|Altaria, F, shiny|324\/353
|move|p1a: Cresselia|Moonlight|p1a: Cresselia
|-heal|p1a: Cresselia|443\/443
|
|-heal|p2a: Altaria|346\/353|[from] item: Leftovers
|upkeep
|turn|19
|choice|move moonblast|move healbell
|
|move|p1a: Cresselia|Moonblast|p2a: Altaria
|-supereffective|p2a: Altaria
|-damage|p2a: Altaria|260\/353
|-unboost|p2a: Altaria|spa|1
|move|p2a: Altaria|Heal Bell|p2a: Altaria
|-activate|p2a: Altaria|move: Heal Bell
|-curestatus|p2: Blastoise|brn|[msg]
|-curestatus|p2: Gardevoir|tox|[msg]
|-curestatus|p2: Hoopa|tox|[msg]
|
|-heal|p2a: Altaria|282\/353|[from] item: Leftovers
|upkeep
|turn|20
|choice|move moonblast|switch 5
|
|switch|p2a: Aggron|Aggron-Mega, M|199\/343
|move|p1a: Cresselia|Moonblast|p2a: Aggron
|-resisted|p2a: Aggron
|-damage|p2a: Aggron|172\/343
|-unboost|p2a: Aggron|spa|1
|
|upkeep
|turn|21
|choice|move psychic|move rest
|
|move|p1a: Cresselia|Psychic|p2a: Aggron
|-resisted|p2a: Aggron
|-damage|p2a: Aggron|136\/343
|-unboost|p2a: Aggron|spd|1
|move|p2a: Aggron|Rest|p2a: Aggron
|-status|p2a: Aggron|slp
|-heal|p2a: Aggron|343\/343 slp|[silent]
|-status|p2a: Aggron|slp|[from] move: Rest
|
|upkeep
|turn|22
|choice|switch 6|move sleeptalk
|
|switch|p1a: Flygon|Flygon, F|301\/301
|cant|p2a: Aggron|slp
|move|p2a: Aggron|Sleep Talk|p2a: Aggron
|move|p2a: Aggron|Curse|p2a: Aggron|[from]Sleep Talk
|-unboost|p2a: Aggron|spe|1
|-boost|p2a: Aggron|atk|1
|-boost|p2a: Aggron|def|1
|
|upkeep
|turn|23
|choice|move earthquake|switch 5
|
|switch|p2a: Altaria|Altaria, F, shiny|282\/353
|move|p1a: Flygon|Earthquake|p2a: Altaria
|-immune|p2a: Altaria|[msg]
|
|-heal|p2a: Altaria|304\/353|[from] item: Leftovers
|upkeep
|turn|24
|choice|switch 5|move dragonpulse
|
|switch|p1a: Charizard|Charizard, F, shiny|269\/298
|move|p2a: Altaria|Dragon Pulse|p1a: Charizard
|-damage|p1a: Charizard|185\/298
|
|-heal|p2a: Altaria|326\/353|[from] item: Leftovers
|upkeep
|turn|25
|choice|move dragonpulse|move dragonpulse
|
|move|p1a: Charizard|Dragon Pulse|p2a: Altaria
|-supereffective|p2a: Altaria
|-damage|p2a: Altaria|160\/353
|-damage|p1a: Charizard|156\/298|[from] item: Life Orb
|move|p2a: Altaria|Dragon Pulse|p1a: Charizard
|-damage|p1a: Charizard|66\/298
|
|-heal|p2a: Altaria|182\/353|[from] item: Leftovers
|upkeep
|turn|26
|choice|move dragonpulse|move roost
|
|move|p1a: Charizard|Dragon Pulse|p2a: Altaria
|-supereffective|p2a: Altaria
|-damage|p2a: Altaria|18\/353
|-damage|p1a: Charizard|37\/298|[from] item: Life Orb
|move|p2a: Altaria|Roost|p2a: Altaria
|-heal|p2a: Altaria|195\/353
|
|-heal|p2a: Altaria|217\/353|[from] item: Leftovers
|upkeep
|turn|27
|choice|switch 4|move roost
|
|switch|p1a: Tyrantrum|Tyrantrum, M|320\/320
|move|p2a: Altaria|Roost|p2a: Altaria
|-heal|p2a: Altaria|353\/353
|
|upkeep
|turn|28
|choice|move headsmash|switch 2
|
|switch|p2a: Blastoise|Blastoise, F|174\/350
|move|p1a: Tyrantrum|Head Smash|p2a: Blastoise|[miss]
|-miss|p1a: Tyrantrum|p2a: Blastoise
|
|upkeep
|turn|29
|choice|move headsmash|move scald
|
|move|p1a: Tyrantrum|Head Smash|p2a: Blastoise
|-damage|p2a: Blastoise|0 fnt
|faint|p2a: Blastoise
|
|upkeep
|choice||switch 5
|
|switch|p2a: Aggron|Aggron-Mega, M|343\/343 slp
|turn|30
|choice|move stealthrock|move sleeptalk
|
|move|p1a: Tyrantrum|Stealth Rock|p2a: Aggron
|-sidestart|p2: der gaviols|move: Stealth Rock
|cant|p2a: Aggron|slp
|move|p2a: Aggron|Sleep Talk|p2a: Aggron
|move|p2a: Aggron|Rest|p2a: Aggron|[from]Sleep Talk
|-fail|p2a: Aggron
|
|upkeep
|turn|31
|choice|move superpower|move ironhead
|
|move|p1a: Tyrantrum|Superpower|p2a: Aggron
|-supereffective|p2a: Aggron
|-damage|p2a: Aggron|232\/343 slp
|-unboost|p1a: Tyrantrum|atk|1
|-unboost|p1a: Tyrantrum|def|1
|-curestatus|p2a: Aggron|slp|[msg]
|move|p2a: Aggron|Iron Head|p1a: Tyrantrum
|-supereffective|p1a: Tyrantrum
|-crit|p1a: Tyrantrum
|-damage|p1a: Tyrantrum|0 fnt
|faint|p1a: Tyrantrum
|
|upkeep
|choice|switch 3|
|
|switch|p1a: Blastoise|Blastoise, M|345\/345
|turn|32
|choice|move darkpulse mega|move curse
|
|detailschange|p1a: Blastoise|Blastoise-Mega, M
|-mega|p1a: Blastoise|Blastoise|Blastoisinite
|move|p1a: Blastoise|Dark Pulse|p2a: Aggron
|-damage|p2a: Aggron|108\/343
|cant|p2a: Aggron|flinch
|
|upkeep
|turn|33
|choice|move hydropump|switch 3
|
|switch|p2a: Gardevoir|Gardevoir, F, shiny|237\/277
|-damage|p2a: Gardevoir|203\/277|[from] Stealth Rock
|-ability|p2a: Gardevoir|Mega Launcher|[from] ability: Trace|[of] p1a: Blastoise
|move|p1a: Blastoise|Hydro Pump|p2a: Gardevoir
|-damage|p2a: Gardevoir|68\/277
|
|upkeep
|turn|34
|choice|move hydropump|move moonblast
|
|move|p2a: Gardevoir|Moonblast|p1a: Blastoise
|-damage|p1a: Blastoise|200\/345
|-unboost|p1a: Blastoise|spa|1
|move|p1a: Blastoise|Hydro Pump|p2a: Gardevoir
|-damage|p2a: Gardevoir|0 fnt
|faint|p2a: Gardevoir
|
|upkeep
|choice||switch 6
|
|switch|p2a: Hoopa|Hoopa|236\/301
|-damage|p2a: Hoopa|199\/301|[from] Stealth Rock
|turn|35
|choice|move darkpulse|move shadowball
|
|move|p2a: Hoopa|Shadow Ball|p1a: Blastoise
|-damage|p1a: Blastoise|0 fnt
|faint|p1a: Blastoise
|
|upkeep
|choice|switch 5|
|
|switch|p1a: Flygon|Flygon, F|301\/301
|turn|36
|choice|move outrage|move shadowball
|
|move|p1a: Flygon|Outrage|p2a: Hoopa
|-damage|p2a: Hoopa|0 fnt
|faint|p2a: Hoopa
|
|upkeep
|choice||switch 3
|
|switch|p2a: Aggron|Aggron-Mega, M|108\/343
|-damage|p2a: Aggron|87\/343|[from] Stealth Rock
|turn|37
|choice|move outrage|move rest
|
|move|p1a: Flygon|Outrage|p2a: Aggron|[from]lockedmove
|-resisted|p2a: Aggron
|-damage|p2a: Aggron|26\/343
|-start|p1a: Flygon|confusion|[fatigue]
|move|p2a: Aggron|Rest|p2a: Aggron
|-status|p2a: Aggron|slp
|-heal|p2a: Aggron|343\/343 slp|[silent]
|-status|p2a: Aggron|slp|[from] move: Rest
|
|upkeep
|turn|38
|choice|switch 6|move sleeptalk
|
|switch|p1a: Cresselia|Cresselia, F|443\/443
|cant|p2a: Aggron|slp
|move|p2a: Aggron|Sleep Talk|p2a: Aggron
|move|p2a: Aggron|Iron Head|p1a: Cresselia|[from]Sleep Talk
|-damage|p1a: Cresselia|359\/443
|
|upkeep
|turn|39
|choice|move psychic|move sleeptalk
|
|move|p1a: Cresselia|Psychic|p2a: Aggron
|-resisted|p2a: Aggron
|-damage|p2a: Aggron|310\/343 slp
|cant|p2a: Aggron|slp
|move|p2a: Aggron|Sleep Talk|p2a: Aggron
|move|p2a: Aggron|Iron Head|p1a: Cresselia|[from]Sleep Talk
|-damage|p1a: Cresselia|280\/443
|
|upkeep
|turn|40
|choice|move moonblast|move curse
|
|move|p1a: Cresselia|Moonblast|p2a: Aggron
|-resisted|p2a: Aggron
|-damage|p2a: Aggron|283\/343 slp
|-unboost|p2a: Aggron|spa|1
|-curestatus|p2a: Aggron|slp|[msg]
|move|p2a: Aggron|Curse|p2a: Aggron
|-unboost|p2a: Aggron|spe|1
|-boost|p2a: Aggron|atk|1
|-boost|p2a: Aggron|def|1
|
|upkeep
|turn|41
|choice|move psychic|move ironhead
|
|move|p1a: Cresselia|Psychic|p2a: Aggron
|-resisted|p2a: Aggron
|-damage|p2a: Aggron|250\/343
|move|p2a: Aggron|Iron Head|p1a: Cresselia
|-damage|p1a: Cresselia|168\/443
|
|upkeep
|turn|42
|choice|switch 4|move ironhead
|
|switch|p1a: Charizard|Charizard, F, shiny|37\/298
|move|p2a: Aggron|Iron Head|p1a: Charizard
|-resisted|p1a: Charizard
|-damage|p1a: Charizard|0 fnt
|faint|p1a: Charizard
|
|upkeep
|choice|switch 6|
|
|switch|p1a: Flygon|Flygon, F|301\/301
|turn|43
|choice|move earthquake|move curse
|
|move|p1a: Flygon|Earthquake|p2a: Aggron
|-supereffective|p2a: Aggron
|-damage|p2a: Aggron|141\/343
|move|p2a: Aggron|Curse|p2a: Aggron
|-unboost|p2a: Aggron|spe|1
|-boost|p2a: Aggron|atk|1
|-boost|p2a: Aggron|def|1
|
|upkeep
|turn|44
|choice|move earthquake|move rest
|
|move|p1a: Flygon|Earthquake|p2a: Aggron
|-supereffective|p2a: Aggron
|-damage|p2a: Aggron|56\/343
|move|p2a: Aggron|Rest|p2a: Aggron
|-status|p2a: Aggron|slp
|-heal|p2a: Aggron|343\/343 slp|[silent]
|-status|p2a: Aggron|slp|[from] move: Rest
|
|upkeep
|turn|45
|choice|move earthquake|move sleeptalk
|
|move|p1a: Flygon|Earthquake|p2a: Aggron
|-supereffective|p2a: Aggron
|-damage|p2a: Aggron|258\/343 slp
|cant|p2a: Aggron|slp
|move|p2a: Aggron|Sleep Talk|p2a: Aggron
|move|p2a: Aggron|Iron Head|p1a: Flygon|[from]Sleep Talk
|-damage|p1a: Flygon|0 fnt
|faint|p1a: Flygon
|
|upkeep
|-message|DaeWookKim forfeited.
|
|win|der gaviols
|player|p1
|player|p2
|l|DaeWookKim</script>
</div>
<div class="battle-log battle-log-inline"><div class="inner"><div class="battle-options"></div><div class="inner"><div class="chat"><small>DaeWookKim joined.</small></div><div class="chat"><small>der gaviols joined.</small></div><div class=""><small>Format:</small> <br><strong>UU</strong></div><div class="rated"><strong>Rated battle</strong></div><div class=""><small><em>Sleep Clause Mod:</em> Limit one foe put to sleep</small></div><div class=""><small><em>Species Clause:</em> Limit one of each Pokémon</small></div><div class=""><small><em>OHKO Clause:</em> OHKO moves are banned</small></div><div class=""><small><em>Moody Clause:</em> Moody is banned</small></div><div class=""><small><em>Evasion Moves Clause:</em> Evasion moves are banned</small></div><div class=""><small><em>Endless Battle Clause:</em> Forcing endless battles is banned</small></div><div class=""><small><em>HP Percentage Mod:</em> HP is shown in percentages</small></div><div class=""><small><em>Swagger Clause:</em> Swagger is banned</small></div><div class=""><small><em>Baton Pass Clause:</em> Limit one Baton Passer, can't pass Spe and other stats simultaneously</small></div><div class="chat battle-history"><strong>DaeWookKim's team:</strong> <em style="color:#445566;display:block;">Umbreon / Charizard / Blastoise / Tyrantrum / Cresselia / Flygon</em></div><div class="chat battle-history"><strong>der gaviols's team:</strong> <em style="color:#445566;display:block;">Aggron / Gardevoir / Hoopa / Haxorus / Altaria / Blastoise</em></div><div class="spacer battle-history"><br></div><div class="battle-history">Battle started between DaeWookKim and der gaviols!<br></div><div class="spacer battle-history"><br></div><div class="battle-history">Go! <strong>Charizard</strong>!<br></div><div class="spacer battle-history"><br></div><div class="battle-history">der gaviols sent out <strong>Blastoise</strong>!<br></div><div class="spacer battle-history"><br></div><h2 class="battle-history">Turn 1</h2><div class="spacer battle-history"><br></div><div class="battle-history">Charizard, come back!<br></div><div class="battle-history">Go! <strong>Umbreon</strong>!<br></div><div class="spacer battle-history"><br></div><div class="battle-history">The opposing Blastoise used <strong>Scald</strong>!<br></div><div class="battle-history"><small>(Umbreon lost <abbr title="−63/394">16.0%</abbr> of its health!)</small><br></div><div class="spacer battle-history"><br></div><div class="battle-history"><small>Umbreon restored a little HP using its Leftovers!</small><br></div><div class="spacer battle-history"><br></div><h2 class="battle-history">Turn 2</h2><div class="spacer battle-history"><br></div><div class="battle-history">Umbreon used <strong>Toxic</strong>!<br></div><div class="battle-history"><small>The opposing Blastoise was badly poisoned!</small><br></div><div class="spacer battle-history"><br></div><div class="battle-history">The opposing Blastoise used <strong>Mirror Coat</strong>!<br></div><div class="battle-history"><small>It doesn't affect Umbreon...</small><br></div><div class="spacer battle-history"><br></div><div class="battle-history"><small>Umbreon restored a little HP using its Leftovers!</small><br></div><div class="battle-history"><small>The opposing Blastoise was hurt by poison!</small><br></div><div class="spacer battle-history"><br></div><h2 class="battle-history">Turn 3</h2><div class="spacer battle-history"><br></div><div class="battle-history">der gaviols withdrew Blastoise!<br></div><div class="battle-history">der gaviols sent out <strong>Altaria</strong>!<br></div><div class="spacer battle-history"><br></div><div class="battle-history">Umbreon used <strong>Foul Play</strong>!<br></div><div class="battle-history"><small>(The opposing Altaria lost <abbr title="−73/353">20.7%</abbr> of its health!)</small><br></div><div class="spacer battle-history"><br></div><div class="battle-history"><small>The opposing Altaria restored a little HP using its Leftovers!</small><br></div><div class="battle-history"><small>Umbreon restored a little HP using its Leftovers!</small><br></div><div class="spacer battle-history"><br></div><h2 class="battle-history">Turn 4</h2><div class="spacer battle-history"><br></div><div class="battle-history">The opposing Altaria used <strong>Heal Bell</strong>!<br></div><div class="battle-history"><small>A bell chimed!</small><br></div><div class="battle-history"><small>The opposing Blastoise was cured of its poisoning.</small><br></div><div class="spacer battle-history"><br></div><div class="battle-history">Umbreon used <strong>Toxic</strong>!<br></div><div class="battle-history"><small>The opposing Altaria was badly poisoned!</small><br></div><div class="spacer battle-history"><br></div><div class="battle-history"><small>The opposing Altaria restored a little HP using its Leftovers!</small><br></div><div class="battle-history"><small>The opposing Altaria was hurt by poison!</small><br></div><div class="spacer battle-history"><br></div><h2 class="battle-history">Turn 5</h2><div class="spacer battle-history"><br></div><div class="battle-history">The opposing Altaria used <strong>Heal Bell</strong>!<br></div><div class="battle-history"><small>A bell chimed!</small><br></div><div class="battle-history"><small>The opposing Altaria was cured of its poisoning.</small><br></div><div class="spacer battle-history"><br></div><div class="battle-history">Umbreon used <strong>Confuse Ray</strong>!<br></div><div class="battle-history"><small>The opposing Altaria became confused!</small><br></div><div class="spacer battle-history"><br></div><div class="battle-history"><small>The opposing Altaria restored a little HP using its Leftovers!</small><br></div><div class="spacer battle-history"><br></div><h2 class="battle-history">Turn 6</h2><div class="spacer battle-history"><br></div><div class="battle-history">der gaviols withdrew Altaria!<br></div><div class="battle-history">der gaviols sent out <strong>Aggron</strong>!<br></div><div class="spacer battle-history"><br></div><div class="battle-history">Umbreon used <strong>Toxic</strong>!<br></div><div class="battle-history"><small>It doesn't affect the opposing Aggron...</small><br></div><div class="spacer battle-history"><br></div><h2 class="battle-history">Turn 7</h2><div class="spacer battle-history"><br></div><div class="battle-history"><small>The opposing Aggron's Aggronite is reacting to der gaviols's Mega Bracelet!</small><br>The opposing Aggron has Mega Evolved into Mega Aggron!<br></div><div class="spacer battle-history"><br></div><div class="battle-history">Umbreon used <strong>Confuse Ray</strong>!<br></div><div class="battle-history"><small>The opposing Aggron became confused!</small><br></div><div class="spacer battle-history"><br></div><div class="battle-history"><small>The opposing Aggron is confused!</small><br></div><div class="battle-history">The opposing Aggron used <strong>Curse</strong>!<br></div><div class="battle-history"><small>The opposing Aggron's Speed fell!</small><br></div><div class="battle-history"><small>The opposing Aggron's Attack rose!</small><br></div><div class="battle-history"><small>The opposing Aggron's Defense rose!</small><br></div><div class="spacer battle-history"><br></div><h2 class="battle-history">Turn 8</h2><div class="spacer battle-history"><br></div><div class="battle-history">Umbreon used <strong>Foul Play</strong>!<br></div><div class="battle-history"><small>(The opposing Aggron lost <abbr title="−72/343">21.0%</abbr> of its health!)</small><br></div><div class="battle-history"><small>The opposing Aggron snapped out of its confusion!</small><br></div><div class="spacer battle-history"><br></div><div class="battle-history">The opposing Aggron used <strong>Curse</strong>!<br></div><div class="battle-history"><small>The opposing Aggron's Speed fell!</small><br></div><div class="battle-history"><small>The opposing Aggron's Attack rose!</small><br></div><div class="battle-history"><small>The opposing Aggron's Defense rose!</small><br></div><div class="spacer battle-history"><br></div><h2 class="battle-history">Turn 9</h2><div class="spacer battle-history"><br></div><div class="battle-history">Umbreon used <strong>Foul Play</strong>!<br></div><div class="battle-history"><small>(The opposing Aggron lost <abbr title="−72/343">21.0%</abbr> of its health!)</small><br></div><div class="spacer battle-history"><br></div><div class="battle-history">The opposing Aggron used <strong>Iron Head</strong>!<br></div><div class="battle-history"><small>(Umbreon lost <abbr title="−201/394">51.0%</abbr> of its health!)</small><br></div><div class="spacer battle-history"><br></div><div class="battle-history"><small>Umbreon restored a little HP using its Leftovers!</small><br></div><div class="spacer battle-history"><br></div><h2 class="battle-history">Turn 10</h2><div class="spacer battle-history"><br></div><div class="battle-history">Umbreon used <strong>Confuse Ray</strong>!<br></div><div class="battle-history"><small>The opposing Aggron became confused!</small><br></div><div class="spacer battle-history"><br></div><div class="battle-history"><small>The opposing Aggron is confused!</small><br></div><div class="battle-history">The opposing Aggron used <strong>Iron Head</strong>!<br></div><div class="battle-history"><small>A critical hit!</small><br></div><div class="battle-history"><small>(Umbreon lost <abbr title="−217/394">55.1%</abbr> of its health!)</small><br></div><div class="spacer battle-history"><br></div><div class="battle-history">Umbreon fainted!<br></div><div class="spacer battle-history"><br></div><div class="battle-history">Go! <strong>Charizard</strong>!<br></div><div class="spacer battle-history"><br></div><h2 class="battle-history">Turn 11</h2><div class="spacer battle-history"><br></div><div class="battle-history">der gaviols withdrew Aggron!<br></div><div class="battle-history">der gaviols sent out <strong>Blastoise</strong>!<br></div><div class="spacer battle-history"><br></div><div class="battle-history">Charizard used <strong>Fire Blast</strong>!<br></div><div class="battle-history"><small>It's not very effective...</small><br></div><div class="battle-history"><small>(The opposing Blastoise lost <abbr title="−69/350">19.7%</abbr> of its health!)</small><br></div><div class="battle-history"><small>The opposing Blastoise was burned!</small><br></div><div class="battle-history"><small>Charizard lost some of its HP!</small><br></div><div class="spacer battle-history"><br></div><div class="battle-history"><small>The opposing Blastoise was hurt by its burn!</small><br></div><div class="spacer battle-history"><br></div><h2 class="battle-history">Turn 12</h2><div class="spacer battle-history"><br></div><div class="battle-history">Charizard, come back!<br></div><div class="battle-history">Go! <strong>Cresselia</strong>!<br></div><div class="spacer battle-history"><br></div><div class="battle-history">The opposing Blastoise used <strong>Scald</strong>!<br></div><div class="battle-history"><small>(Cresselia lost <abbr title="−70/443">15.8%</abbr> of its health!)</small><br></div><div class="spacer battle-history"><br></div><div class="battle-history"><small>Cresselia restored a little HP using its Leftovers!</small><br></div><div class="battle-history"><small>The opposing Blastoise was hurt by its burn!</small><br></div><div class="spacer battle-history"><br></div><h2 class="battle-history">Turn 13</h2><div class="spacer battle-history"><br></div><div class="battle-history">der gaviols withdrew Blastoise!<br></div><div class="battle-history">der gaviols sent out <strong>Gardevoir</strong>!<br></div><div class="battle-history"><small>[The opposing Gardevoir's Trace]</small><br><small>[The opposing Gardevoir's Levitate]</small><br><small>The opposing Gardevoir traced Cresselia's Levitate!</small><br></div><div class="spacer battle-history"><br></div><div class="battle-history">Cresselia used <strong>Psychic</strong>!<br></div><div class="battle-history"><small>It's not very effective...</small><br></div><div class="battle-history"><small>(The opposing Gardevoir lost <abbr title="−23/277">8.3%</abbr> of its health!)</small><br></div><div class="spacer battle-history"><br></div><div class="battle-history"><small>Cresselia restored a little HP using its Leftovers!</small><br></div><div class="spacer battle-history"><br></div><h2 class="battle-history">Turn 14</h2><div class="spacer battle-history"><br></div><div class="battle-history">The opposing Gardevoir used <strong>Shadow Ball</strong>!<br></div><div class="battle-history"><small>It's super effective!</small><br></div><div class="battle-history"><small>(Cresselia lost <abbr title="−156/443">35.2%</abbr> of its health!)</small><br></div><div class="spacer battle-history"><br></div><div class="battle-history">Cresselia used <strong>Toxic</strong>!<br></div><div class="battle-history"><small>The opposing Gardevoir was badly poisoned!</small><br></div><div class="spacer battle-history"><br></div><div class="battle-history"><small>Cresselia restored a little HP using its Leftovers!</small><br></div><div class="battle-history"><small>The opposing Gardevoir was hurt by poison!</small><br></div><div class="spacer battle-history"><br></div><h2 class="battle-history">Turn 15</h2><div class="spacer battle-history"><br></div><div class="battle-history">der gaviols withdrew Gardevoir!<br></div><div class="battle-history">der gaviols sent out <strong>Hoopa</strong>!<br></div><div class="spacer battle-history"><br></div><div class="battle-history">Cresselia used <strong>Moonlight</strong>!<br></div><div class="battle-history"><small>Cresselia restored its HP.</small><br></div><div class="spacer battle-history"><br></div><h2 class="battle-history">Turn 16</h2><div class="spacer battle-history"><br></div><div class="battle-history">The opposing Hoopa used <strong>Knock Off</strong>!<br></div><div class="battle-history"><small>It's super effective!</small><br></div><div class="battle-history"><small>(Cresselia lost <abbr title="−104/443">23.5%</abbr> of its health!)</small><br></div><div class="battle-history"><small>The opposing Hoopa knocked off Cresselia's Leftovers!</small><br></div><div class="spacer battle-history"><br></div><div class="battle-history">Cresselia used <strong>Moonblast</strong>!<br></div><div class="battle-history"><small>(The opposing Hoopa lost <abbr title="−47/301">15.6%</abbr> of its health!)</small><br></div><div class="spacer battle-history"><br></div><h2 class="battle-history">Turn 17</h2><div class="spacer battle-history"><br></div><div class="battle-history">The opposing Hoopa used <strong>Knock Off</strong>!<br></div><div class="battle-history"><small>It's super effective!</small><br></div><div class="battle-history"><small>(Cresselia lost <abbr title="−72/443">16.3%</abbr> of its health!)</small><br></div><div class="spacer battle-history"><br></div><div class="battle-history">Cresselia used <strong>Toxic</strong>!<br></div><div class="battle-history"><small>The opposing Hoopa was badly poisoned!</small><br></div><div class="spacer battle-history"><br></div><div class="battle-history"><small>The opposing Hoopa was hurt by poison!</small><br></div><div class="spacer battle-history"><br></div><h2 class="battle-history">Turn 18</h2><div class="spacer battle-history"><br></div><div class="battle-history">der gaviols withdrew Hoopa!<br></div><div class="battle-history">der gaviols sent out <strong>Altaria</strong>!<br></div><div class="spacer battle-history"><br></div><div class="battle-history">Cresselia used <strong>Moonlight</strong>!<br></div><div class="battle-history"><small>Cresselia restored its HP.</small><br></div><div class="spacer battle-history"><br></div><div class="battle-history"><small>The opposing Altaria restored a little HP using its Leftovers!</small><br></div><div class="spacer battle-history"><br></div><h2 class="battle-history">Turn 19</h2><div class="spacer battle-history"><br></div><div class="battle-history">Cresselia used <strong>Moonblast</strong>!<br></div><div class="battle-history"><small>It's super effective!</small><br></div><div class="battle-history"><small>(The opposing Altaria lost <abbr title="−86/353">24.4%</abbr> of its health!)</small><br></div><div class="battle-history"><small>The opposing Altaria's Special Attack fell!</small><br></div><div class="spacer battle-history"><br></div><div class="battle-history">The opposing Altaria used <strong>Heal Bell</strong>!<br></div><div class="battle-history"><small>A bell chimed!</small><br></div><div class="battle-history"><small>The opposing Blastoise's burn was healed.</small><br></div><div class="battle-history"><small>The opposing Gardevoir was cured of its poisoning.</small><br></div><div class="battle-history"><small>The opposing Hoopa was cured of its poisoning.</small><br></div><div class="spacer battle-history"><br></div><div class="battle-history"><small>The opposing Altaria restored a little HP using its Leftovers!</small><br></div><div class="spacer battle-history"><br></div><h2 class="battle-history">Turn 20</h2><div class="spacer battle-history"><br></div><div class="battle-history">der gaviols withdrew Altaria!<br></div><div class="battle-history">der gaviols sent out Aggron (<strong>Aggron-Mega</strong>)!<br></div><div class="spacer battle-history"><br></div><div class="battle-history">Cresselia used <strong>Moonblast</strong>!<br></div><div class="battle-history"><small>It's not very effective...</small><br></div><div class="battle-history"><small>(The opposing Aggron lost <abbr title="−27/343">7.9%</abbr> of its health!)</small><br></div><div class="battle-history"><small>The opposing Aggron's Special Attack fell!</small><br></div><div class="spacer battle-history"><br></div><h2 class="battle-history">Turn 21</h2><div class="spacer battle-history"><br></div><div class="battle-history">Cresselia used <strong>Psychic</strong>!<br></div><div class="battle-history"><small>It's not very effective...</small><br></div><div class="battle-history"><small>(The opposing Aggron lost <abbr title="−36/343">10.5%</abbr> of its health!)</small><br></div><div class="battle-history"><small>The opposing Aggron's Special Defense fell!</small><br></div><div class="spacer battle-history"><br></div><div class="battle-history">The opposing Aggron used <strong>Rest</strong>!<br></div><div class="battle-history"><small>The opposing Aggron fell asleep!</small><br></div><div class="battle-history"><small>The opposing Aggron slept and became healthy!</small><br></div><div class="spacer battle-history"><br></div><h2 class="battle-history">Turn 22</h2><div class="spacer battle-history"><br></div><div class="battle-history">Cresselia, come back!<br></div><div class="battle-history">Go! <strong>Flygon</strong>!<br></div><div class="spacer battle-history"><br></div><div class="battle-history">The opposing Aggron is fast asleep.<br></div><div class="spacer battle-history"><br></div><div class="battle-history">The opposing Aggron used <strong>Sleep Talk</strong>!<br></div><div class="spacer battle-history"><br></div><div class="battle-history">The opposing Aggron used <strong>Curse</strong>!<br></div><div class="battle-history"><small>The opposing Aggron's Speed fell!</small><br></div><div class="battle-history"><small>The opposing Aggron's Attack rose!</small><br></div><div class="battle-history"><small>The opposing Aggron's Defense rose!</small><br></div><div class="spacer battle-history"><br></div><h2 class="battle-history">Turn 23</h2><div class="spacer battle-history"><br></div><div class="battle-history">der gaviols withdrew Aggron!<br></div><div class="battle-history">der gaviols sent out <strong>Altaria</strong>!<br></div><div class="spacer battle-history"><br></div><div class="battle-history">Flygon used <strong>Earthquake</strong>!<br></div><div class="battle-history"><small>It doesn't affect the opposing Altaria...</small><br></div><div class="spacer battle-history"><br></div><div class="battle-history"><small>The opposing Altaria restored a little HP using its Leftovers!</small><br></div><div class="spacer battle-history"><br></div><h2 class="battle-history">Turn 24</h2><div class="spacer battle-history"><br></div><div class="battle-history">Flygon, come back!<br></div><div class="battle-history">Go! <strong>Charizard</strong>!<br></div><div class="spacer battle-history"><br></div><div class="battle-history">The opposing Altaria used <strong>Dragon Pulse</strong>!<br></div><div class="battle-history"><small>(Charizard lost <abbr title="−84/298">28.2%</abbr> of its health!)</small><br></div><div class="spacer battle-history"><br></div><div class="battle-history"><small>The opposing Altaria restored a little HP using its Leftovers!</small><br></div><div class="spacer battle-history"><br></div><h2 class="battle-history">Turn 25</h2><div class="spacer battle-history"><br></div><div class="battle-history">Charizard used <strong>Dragon Pulse</strong>!<br></div><div class="battle-history"><small>It's super effective!</small><br></div><div class="battle-history"><small>(The opposing Altaria lost <abbr title="−166/353">47.0%</abbr> of its health!)</small><br></div><div class="battle-history"><small>Charizard lost some of its HP!</small><br></div><div class="spacer battle-history"><br></div><div class="battle-history">The opposing Altaria used <strong>Dragon Pulse</strong>!<br></div><div class="battle-history"><small>(Charizard lost <abbr title="−90/298">30.2%</abbr> of its health!)</small><br></div><div class="spacer battle-history"><br></div><div class="battle-history"><small>The opposing Altaria restored a little HP using its Leftovers!</small><br></div><div class="spacer battle-history"><br></div><h2 class="battle-history">Turn 26</h2><div class="spacer battle-history"><br></div><div class="battle-history">Charizard used <strong>Dragon Pulse</strong>!<br></div><div class="battle-history"><small>It's super effective!</small><br></div><div class="battle-history"><small>(The opposing Altaria lost <abbr title="−164/353">46.5%</abbr> of its health!)</small><br></div><div class="battle-history"><small>Charizard lost some of its HP!</small><br></div><div class="spacer battle-history"><br></div><div class="battle-history">The opposing Altaria used <strong>Roost</strong>!<br></div><div class="battle-history"><small>The opposing Altaria restored its HP.</small><br></div><div class="spacer battle-history"><br></div><div class="battle-history"><small>The opposing Altaria restored a little HP using its Leftovers!</small><br></div><div class="spacer battle-history"><br></div><h2 class="battle-history">Turn 27</h2><div class="spacer battle-history"><br></div><div class="battle-history">Charizard, come back!<br></div><div class="battle-history">Go! <strong>Tyrantrum</strong>!<br></div><div class="spacer battle-history"><br></div><div class="battle-history">The opposing Altaria used <strong>Roost</strong>!<br></div><div class="battle-history"><small>The opposing Altaria restored its HP.</small><br></div><div class="spacer battle-history"><br></div><h2 class="battle-history">Turn 28</h2><div class="spacer battle-history"><br></div><div class="battle-history">der gaviols withdrew Altaria!<br></div><div class="battle-history">der gaviols sent out <strong>Blastoise</strong>!<br></div><div class="spacer battle-history"><br></div><div class="battle-history">Tyrantrum used <strong>Head Smash</strong>!<br></div><div class="battle-history"><small>The opposing Blastoise avoided the attack!</small><br></div><div class="spacer battle-history"><br></div><h2 class="battle-history">Turn 29</h2><div class="spacer battle-history"><br></div><div class="battle-history">Tyrantrum used <strong>Head Smash</strong>!<br></div><div class="battle-history"><small>(The opposing Blastoise lost <abbr title="−174/350">49.7%</abbr> of its health!)</small><br></div><div class="spacer battle-history"><br></div><div class="battle-history">The opposing Blastoise fainted!<br></div><div class="spacer battle-history"><br></div><div class="battle-history">der gaviols sent out Aggron (<strong>Aggron-Mega</strong>)!<br></div><div class="spacer battle-history"><br></div><h2 class="battle-history">Turn 30</h2><div class="spacer battle-history"><br></div><div class="battle-history">Tyrantrum used <strong>Stealth Rock</strong>!<br></div><div class="battle-history"><small>Pointed stones float in the air around the opposing team!</small><br></div><div class="spacer battle-history"><br></div><div class="battle-history">The opposing Aggron is fast asleep.<br></div><div class="spacer battle-history"><br></div><div class="battle-history">The opposing Aggron used <strong>Sleep Talk</strong>!<br></div><div class="spacer battle-history"><br></div><div class="battle-history">The opposing Aggron used <strong>Rest</strong>!<br></div><div class="battle-history"><small>But it failed!</small><br></div><div class="spacer battle-history"><br></div><h2 class="battle-history">Turn 31</h2><div class="spacer battle-history"><br></div><div class="battle-history">Tyrantrum used <strong>Superpower</strong>!<br></div><div class="battle-history"><small>It's super effective!</small><br></div><div class="battle-history"><small>(The opposing Aggron lost <abbr title="−111/343">32.4%</abbr> of its health!)</small><br></div><div class="battle-history"><small>Tyrantrum's Attack fell!</small><br></div><div class="battle-history"><small>Tyrantrum's Defense fell!</small><br></div><div class="battle-history"><small>The opposing Aggron woke up!</small><br></div><div class="spacer battle-history"><br></div><div class="battle-history">The opposing Aggron used <strong>Iron Head</strong>!<br></div><div class="battle-history"><small>It's super effective!</small><br></div><div class="battle-history"><small>A critical hit!</small><br></div><div class="battle-history"><small>(Tyrantrum lost <abbr title="−320/320">100%</abbr> of its health!)</small><br></div><div class="spacer battle-history"><br></div><div class="battle-history">Tyrantrum fainted!<br></div><div class="spacer battle-history"><br></div><div class="battle-history">Go! <strong>Blastoise</strong>!<br></div><div class="spacer battle-history"><br></div><h2 class="battle-history">Turn 32</h2><div class="spacer battle-history"><br></div><div class="battle-history"><small>Blastoise's Blastoisinite is reacting to DaeWookKim's Mega Bracelet!</small><br>Blastoise has Mega Evolved into Mega Blastoise!<br></div><div class="spacer battle-history"><br></div><div class="battle-history">Blastoise used <strong>Dark Pulse</strong>!<br></div><div class="battle-history"><small>(The opposing Aggron lost <abbr title="−124/343">36.2%</abbr> of its health!)</small><br></div><div class="spacer battle-history"><br></div><div class="battle-history">The opposing Aggron flinched and couldn't move!<br></div><div class="spacer battle-history"><br></div><h2 class="battle-history">Turn 33</h2><div class="spacer battle-history"><br></div><div class="battle-history">der gaviols withdrew Aggron!<br></div><div class="battle-history">der gaviols sent out <strong>Gardevoir</strong>!<br></div><div class="battle-history"><small>Pointed stones dug into the opposing Gardevoir!</small><br></div><div class="battle-history"><small>[The opposing Gardevoir's Trace]</small><br><small>[The opposing Gardevoir's Mega Launcher]</small><br><small>The opposing Gardevoir traced Blastoise's Mega Launcher!</small><br></div><div class="spacer battle-history"><br></div><div class="battle-history">Blastoise used <strong>Hydro Pump</strong>!<br></div><div class="battle-history"><small>(The opposing Gardevoir lost <abbr title="−135/277">48.7%</abbr> of its health!)</small><br></div><div class="spacer battle-history"><br></div><h2 class="battle-history">Turn 34</h2><div class="spacer battle-history"><br></div><div class="battle-history">The opposing Gardevoir used <strong>Moonblast</strong>!<br></div><div class="battle-history"><small>(Blastoise lost <abbr title="−145/345">42.0%</abbr> of its health!)</small><br></div><div class="battle-history"><small>Blastoise's Special Attack fell!</small><br></div><div class="spacer battle-history"><br></div><div class="battle-history">Blastoise used <strong>Hydro Pump</strong>!<br></div><div class="battle-history"><small>(The opposing Gardevoir lost <abbr title="−68/277">24.5%</abbr> of its health!)</small><br></div><div class="spacer battle-history"><br></div><div class="battle-history">The opposing Gardevoir fainted!<br></div><div class="spacer battle-history"><br></div><div class="battle-history">der gaviols sent out <strong>Hoopa</strong>!<br></div><div class="battle-history"><small>Pointed stones dug into the opposing Hoopa!</small><br></div><div class="spacer battle-history"><br></div><h2 class="battle-history">Turn 35</h2><div class="spacer battle-history"><br></div><div class="battle-history">The opposing Hoopa used <strong>Shadow Ball</strong>!<br></div><div class="battle-history"><small>(Blastoise lost <abbr title="−200/345">58.0%</abbr> of its health!)</small><br></div><div class="spacer battle-history"><br></div><div class="battle-history">Blastoise fainted!<br></div><div class="spacer battle-history"><br></div><div class="battle-history">Go! <strong>Flygon</strong>!<br></div><div class="spacer battle-history"><br></div><h2 class="battle-history">Turn 36</h2><div class="spacer battle-history"><br></div><div class="battle-history">Flygon used <strong>Outrage</strong>!<br></div><div class="battle-history"><small>(The opposing Hoopa lost <abbr title="−199/301">66.1%</abbr> of its health!)</small><br></div><div class="spacer battle-history"><br></div><div class="battle-history">The opposing Hoopa fainted!<br></div><div class="spacer battle-history"><br></div><div class="battle-history">der gaviols sent out Aggron (<strong>Aggron-Mega</strong>)!<br></div><div class="battle-history"><small>Pointed stones dug into the opposing Aggron!</small><br></div><div class="spacer battle-history"><br></div><h2 class="battle-history">Turn 37</h2><div class="spacer battle-history"><br></div><div class="battle-history">Flygon used <strong>Outrage</strong>!<br></div><div class="battle-history"><small>It's not very effective...</small><br></div><div class="battle-history"><small>(The opposing Aggron lost <abbr title="−61/343">17.8%</abbr> of its health!)</small><br></div><div class="battle-history"><small>Flygon became confused due to fatigue!</small><br></div><div class="spacer battle-history"><br></div><div class="battle-history">The opposing Aggron used <strong>Rest</strong>!<br></div><div class="battle-history"><small>The opposing Aggron fell asleep!</small><br></div><div class="battle-history"><small>The opposing Aggron slept and became healthy!</small><br></div><div class="spacer battle-history"><br></div><h2 class="battle-history">Turn 38</h2><div class="spacer battle-history"><br></div><div class="battle-history">Flygon, come back!<br></div><div class="battle-history">Go! <strong>Cresselia</strong>!<br></div><div class="spacer battle-history"><br></div><div class="battle-history">The opposing Aggron is fast asleep.<br></div><div class="spacer battle-history"><br></div><div class="battle-history">The opposing Aggron used <strong>Sleep Talk</strong>!<br></div><div class="spacer battle-history"><br></div><div class="battle-history">The opposing Aggron used <strong>Iron Head</strong>!<br></div><div class="battle-history"><small>(Cresselia lost <abbr title="−84/443">19.0%</abbr> of its health!)</small><br></div><div class="spacer battle-history"><br></div><h2 class="battle-history">Turn 39</h2><div class="spacer battle-history"><br></div><div class="battle-history">Cresselia used <strong>Psychic</strong>!<br></div><div class="battle-history"><small>It's not very effective...</small><br></div><div class="battle-history"><small>(The opposing Aggron lost <abbr title="−33/343">9.6%</abbr> of its health!)</small><br></div><div class="spacer battle-history"><br></div><div class="battle-history">The opposing Aggron is fast asleep.<br></div><div class="spacer battle-history"><br></div><div class="battle-history">The opposing Aggron used <strong>Sleep Talk</strong>!<br></div><div class="spacer battle-history"><br></div><div class="battle-history">The opposing Aggron used <strong>Iron Head</strong>!<br></div><div class="battle-history"><small>(Cresselia lost <abbr title="−79/443">17.8%</abbr> of its health!)</small><br></div><div class="spacer battle-history"><br></div><h2 class="battle-history">Turn 40</h2><div class="spacer battle-history"><br></div><div class="battle-history">Cresselia used <strong>Moonblast</strong>!<br></div><div class="battle-history"><small>It's not very effective...</small><br></div><div class="battle-history"><small>(The opposing Aggron lost <abbr title="−27/343">7.9%</abbr> of its health!)</small><br></div><div class="battle-history"><small>The opposing Aggron's Special Attack fell!</small><br></div><div class="battle-history"><small>The opposing Aggron woke up!</small><br></div><div class="spacer battle-history"><br></div><div class="battle-history">The opposing Aggron used <strong>Curse</strong>!<br></div><div class="battle-history"><small>The opposing Aggron's Speed fell!</small><br></div><div class="battle-history"><small>The opposing Aggron's Attack rose!</small><br></div><div class="battle-history"><small>The opposing Aggron's Defense rose!</small><br></div><div class="spacer battle-history"><br></div><h2 class="battle-history">Turn 41</h2><div class="spacer battle-history"><br></div><div class="battle-history">Cresselia used <strong>Psychic</strong>!<br></div><div class="battle-history"><small>It's not very effective...</small><br></div><div class="battle-history"><small>(The opposing Aggron lost <abbr title="−33/343">9.6%</abbr> of its health!)</small><br></div><div class="spacer battle-history"><br></div><div class="battle-history">The opposing Aggron used <strong>Iron Head</strong>!<br></div><div class="battle-history"><small>(Cresselia lost <abbr title="−112/443">25.3%</abbr> of its health!)</small><br></div><div class="spacer battle-history"><br></div><h2 class="battle-history">Turn 42</h2><div class="spacer battle-history"><br></div><div class="battle-history">Cresselia, come back!<br></div><div class="battle-history">Go! <strong>Charizard</strong>!<br></div><div class="spacer battle-history"><br></div><div class="battle-history">The opposing Aggron used <strong>Iron Head</strong>!<br></div><div class="battle-history"><small>It's not very effective...</small><br></div><div class="battle-history"><small>(Charizard lost <abbr title="−37/298">12.4%</abbr> of its health!)</small><br></div><div class="spacer battle-history"><br></div><div class="battle-history">Charizard fainted!<br></div><div class="spacer battle-history"><br></div><div class="battle-history">Go! <strong>Flygon</strong>!<br></div><div class="spacer battle-history"><br></div><h2 class="battle-history">Turn 43</h2><div class="spacer battle-history"><br></div><div class="battle-history">Flygon used <strong>Earthquake</strong>!<br></div><div class="battle-history"><small>It's super effective!</small><br></div><div class="battle-history"><small>(The opposing Aggron lost <abbr title="−109/343">31.8%</abbr> of its health!)</small><br></div><div class="spacer battle-history"><br></div><div class="battle-history">The opposing Aggron used <strong>Curse</strong>!<br></div><div class="battle-history"><small>The opposing Aggron's Speed fell!</small><br></div><div class="battle-history"><small>The opposing Aggron's Attack rose!</small><br></div><div class="battle-history"><small>The opposing Aggron's Defense rose!</small><br></div><div class="spacer battle-history"><br></div><h2 class="battle-history">Turn 44</h2><div class="spacer battle-history"><br></div><div class="battle-history">Flygon used <strong>Earthquake</strong>!<br></div><div class="battle-history"><small>It's super effective!</small><br></div><div class="battle-history"><small>(The opposing Aggron lost <abbr title="−85/343">24.8%</abbr> of its health!)</small><br></div><div class="spacer battle-history"><br></div><div class="battle-history">The opposing Aggron used <strong>Rest</strong>!<br></div><div class="battle-history"><small>The opposing Aggron fell asleep!</small><br></div><div class="battle-history"><small>The opposing Aggron slept and became healthy!</small><br></div><div class="spacer battle-history"><br></div><h2 class="battle-history">Turn 45</h2><div class="spacer battle-history"><br></div><div class="battle-history">Flygon used <strong>Earthquake</strong>!<br></div><div class="battle-history"><small>It's super effective!</small><br></div><div class="battle-history"><small>(The opposing Aggron lost <abbr title="−85/343">24.8%</abbr> of its health!)</small><br></div><div class="spacer battle-history"><br></div><div class="battle-history">The opposing Aggron is fast asleep.<br></div><div class="spacer battle-history"><br></div><div class="battle-history">The opposing Aggron used <strong>Sleep Talk</strong>!<br></div><div class="spacer battle-history"><br></div><div class="battle-history">The opposing Aggron used <strong>Iron Head</strong>!<br></div><div class="battle-history"><small>(Flygon lost <abbr title="−301/301">100%</abbr> of its health!)</small><br></div><div class="spacer battle-history"><br></div><div class="battle-history">Flygon fainted!<br></div><div class="spacer battle-history"><br></div><div class="battle-history"><small>DaeWookKim forfeited.</small><br></div><div class="spacer battle-history"><br></div><div class="battle-history"><strong>der gaviols</strong> won the battle!<br></div><div class="chat"><small>DaeWookKim left.</small></div></div><div class="inner-preempt"></div></div></div>
</div>
<script>
let daily = Math.floor(Date.now()/1000/60/60/24);document.write('<script src="https://play.pokemonshowdown.com/js/replay-embed.js?version'+daily+'"></'+'script>');
</script>
