<!DOCTYPE html>
<meta charset="utf-8" />
<!-- version 1 -->
<title>UU replay: back uf off vs. ngiannas</title>
<style>
html,body {font-family:Verdana, sans-serif;font-size:10pt;margin:0;padding:0;}body{padding:12px 0;} .battle-log {font-family:Verdana, sans-serif;font-size:10pt;} .battle-log-inline {border:1px solid #AAAAAA;background:#EEF2F5;color:black;max-width:640px;margin:0 auto 80px;padding-bottom:5px;} .battle-log .inner {padding:4px 8px 0px 8px;} .battle-log .inner-preempt {padding:0 8px 4px 8px;} .battle-log .inner-after {margin-top:0.5em;} .battle-log h2 {margin:0.5em -8px;padding:4px 8px;border:1px solid #AAAAAA;background:#E0E7EA;border-left:0;border-right:0;font-family:Verdana, sans-serif;font-size:13pt;} .battle-log .chat {vertical-align:middle;padding:3px 0 3px 0;font-size:8pt;} .battle-log .chat strong {color:#40576A;} .battle-log .chat em {padding:1px 4px 1px 3px;color:#000000;font-style:normal;} .chat.mine {background:rgba(0,0,0,0.05);margin-left:-8px;margin-right:-8px;padding-left:8px;padding-right:8px;} .spoiler {color:#BBBBBB;background:#BBBBBB;padding:0px 3px;} .spoiler:hover, .spoiler:active, .spoiler-shown {color:#000000;background:#E2E2E2;padding:0px 3px;} .spoiler a {color:#BBBBBB;} .spoiler:hover a, .spoiler:active a, .spoiler-shown a {color:#2288CC;} .chat code, .chat .spoiler:hover code, .chat .spoiler:active code, .chat .spoiler-shown code {border:1px solid #C0C0C0;background:#EEEEEE;color:black;padding:0 2px;} .chat .spoiler code {border:1px solid #CCCCCC;background:#CCCCCC;color:#CCCCCC;} .battle-log .rated {padding:3px 4px;} .battle-log .rated strong {color:white;background:#89A;padding:1px 4px;border-radius:4px;} .spacer {margin-top:0.5em;} .message-announce {background:#6688AA;color:white;padding:1px 4px 2px;} .message-announce a, .broadcast-green a, .broadcast-blue a, .broadcast-red a {color:#DDEEFF;} .broadcast-green {background-color:#559955;color:white;padding:2px 4px;} .broadcast-blue {background-color:#6688AA;color:white;padding:2px 4px;} .infobox {border:1px solid #6688AA;padding:2px 4px;} .infobox-limited {max-height:200px;overflow:auto;overflow-x:hidden;} .broadcast-red {background-color:#AA5544;color:white;padding:2px 4px;} .message-learn-canlearn {font-weight:bold;color:#228822;text-decoration:underline;} .message-learn-cannotlearn {font-weight:bold;color:#CC2222;text-decoration:underline;} .message-effect-weak {font-weight:bold;color:#CC2222;} .message-effect-resist {font-weight:bold;color:#6688AA;} .message-effect-immune {font-weight:bold;color:#666666;} .message-learn-list {margin-top:0;margin-bottom:0;} .message-throttle-notice, .message-error {color:#992222;} .message-overflow, .chat small.message-overflow {font-size:0pt;} .message-overflow::before {font-size:9pt;content:'...';} .subtle {color:#3A4A66;}
</style>
<div class="wrapper replay-wrapper" style="max-width:1180px;margin:0 auto">
<input type="hidden" name="replayid" value="uu-541818372" />
<div class="battle"></div><div class="battle-log"></div><div class="replay-controls"></div><div class="replay-controls-2"></div>
<h1 style="font-weight:normal;text-align:center"><strong>UU</strong><br /><a href="http://pokemonshowdown.com/users/backufoff" class="subtle" target="_blank">back uf off</a> vs. <a href="http://pokemonshowdown.com/users/ngiannas" class="subtle" target="_blank">ngiannas</a></h1>
<script type="text/plain" class="battle-log-data">|j|back uf off
|j|ngiannas
|player|p1|back uf off|101
|player|p2|ngiannas|265
|gametype|singles
|gen|6
|tier|UU
|rated
|seed|37179,9911,61094,54619
|rule|Sleep Clause Mod: Limit one foe put to sleep
|rule|Species Clause: Limit one of each Pokémon
|rule|OHKO Clause: OHKO moves are banned
|rule|Moody Clause: Moody is banned
|rule|Evasion Moves Clause: Evasion moves are banned
|rule|Endless Battle Clause: Forcing endless battles is banned
|rule|HP Percentage Mod: HP is shown in percentages
|clearpoke
|poke|p1|Sceptile, M|item
|poke|p1|Entei, shiny|item
|poke|p1|Mamoswine, M|item
|poke|p1|Tentacruel, F|item
|poke|p1|Cresselia, F|item
|poke|p1|Krookodile, F|item
|poke|p2|Shuckle, F|item
|poke|p2|Crawdaunt, F|item
|poke|p2|Electivire, M|item
|poke|p2|Conkeldurr, F|item
|poke|p2|Medicham, F|item
|poke|p2|Sableye, M|item
|rule|Swagger Clause: Swagger is banned
|rule|Baton Pass Clause: Limit one Baton Passer, can't pass Spe and other stats simultaneously
|teampreview
|choice|team 4, team 2, team 3, team 1, team 5, team 6|team 1, team 2, team 3, team 4, team 5, team 6
|
|start
|switch|p1a: Tentacruel|Tentacruel, F|364\/364
|switch|p2a: Shuckle|Shuckle, F|244\/244
|turn|1
|choice|move toxicspikes|move gyroball
|
|move|p1a: Tentacruel|Toxic Spikes|p2a: Shuckle
|-sidestart|p2: ngiannas|move: Toxic Spikes
|move|p2a: Shuckle|Gyro Ball|p1a: Tentacruel
|-resisted|p1a: Tentacruel
|-damage|p1a: Tentacruel|350\/364
|
|-heal|p1a: Tentacruel|364\/364|[from] item: Black Sludge
|upkeep
|turn|2
|choice|move toxicspikes|switch 6
|
|switch|p2a: Sableye|Sableye, M|304\/304
|-status|p2a: Sableye|psn
|move|p1a: Tentacruel|Toxic Spikes|p2a: Sableye
|-sidestart|p2: ngiannas|move: Toxic Spikes
|
|-damage|p2a: Sableye|266\/304 psn|[from] psn
|upkeep
|turn|3
|choice|switch 2|move willowisp
|
|switch|p1a: Entei|Entei, shiny|371\/371
|-ability|p1a: Entei|Pressure
|move|p2a: Sableye|Will-O-Wisp|p1a: Entei
|-immune|p1a: Entei|[msg]
|
|-heal|p2a: Sableye|285\/304 psn|[from] item: Leftovers
|-damage|p2a: Sableye|247\/304 psn|[from] psn
|upkeep
|turn|4
|j|EdoMinato_OP
|choice|move sacredfire|move knockoff
|
|move|p1a: Entei|Sacred Fire|p2a: Sableye
|-damage|p2a: Sableye|0 fnt
|faint|p2a: Sableye
|
|upkeep
|choice||switch 5
|
|switch|p2a: Medicham|Medicham, F|262\/262
|-status|p2a: Medicham|tox
|turn|5
|choice|switch 5|move fakeout
|
|switch|p1a: Cresselia|Cresselia, F|444\/444
|move|p2a: Medicham|Fake Out|p1a: Cresselia
|-damage|p1a: Cresselia|388\/444
|-damage|p2a: Medicham|236\/262 tox|[from] item: Life Orb
|
|-heal|p1a: Cresselia|415\/444|[from] item: Leftovers
|-damage|p2a: Medicham|220\/262 tox|[from] psn
|upkeep
|turn|6
|choice|move icebeam|switch 2
|
|switch|p2a: Crawdaunt|Crawdaunt, F|268\/268
|-status|p2a: Crawdaunt|tox
|-enditem|p2a: Crawdaunt|Lum Berry|[eat]
|-curestatus|p2a: Crawdaunt|tox|[msg]
|move|p1a: Cresselia|Ice Beam|p2a: Crawdaunt
|-resisted|p2a: Crawdaunt
|-damage|p2a: Crawdaunt|222\/268
|
|-heal|p1a: Cresselia|442\/444|[from] item: Leftovers
|upkeep
|turn|7
|choice|switch 2|move dragondance
|
|switch|p1a: Tentacruel|Tentacruel, F|364\/364
|move|p2a: Crawdaunt|Dragon Dance|p2a: Crawdaunt
|-boost|p2a: Crawdaunt|atk|1
|-boost|p2a: Crawdaunt|spe|1
|
|upkeep
|turn|8
|choice|move scald|move dragondance
|
|move|p2a: Crawdaunt|Dragon Dance|p2a: Crawdaunt
|-boost|p2a: Crawdaunt|atk|1
|-boost|p2a: Crawdaunt|spe|1
|move|p1a: Tentacruel|Scald|p2a: Crawdaunt
|-resisted|p2a: Crawdaunt
|-damage|p2a: Crawdaunt|162\/268
|
|upkeep
|turn|9
|choice|move scald|move knockoff
|
|move|p2a: Crawdaunt|Knock Off|p1a: Tentacruel
|-damage|p1a: Tentacruel|0 fnt
|-enditem|p1a: Tentacruel|Black Sludge|[from] move: Knock Off|[of] p2a: Crawdaunt
|faint|p1a: Tentacruel
|
|upkeep
|choice|switch 3|
|
|switch|p1a: Mamoswine|Mamoswine, M|361\/361
|turn|10
|choice|move earthquake|move aquajet
|
|move|p2a: Crawdaunt|Aqua Jet|p1a: Mamoswine
|-supereffective|p1a: Mamoswine
|-enditem|p1a: Mamoswine|Focus Sash
|-damage|p1a: Mamoswine|1\/361
|move|p1a: Mamoswine|Earthquake|p2a: Crawdaunt
|-damage|p2a: Crawdaunt|0 fnt
|faint|p2a: Crawdaunt
|
|upkeep
|choice||switch 4
|
|switch|p2a: Conkeldurr|Conkeldurr, F|414\/414
|-status|p2a: Conkeldurr|tox
|turn|11
|choice|switch 2|move machpunch
|
|switch|p1a: Cresselia|Cresselia, F|442\/444
|move|p2a: Conkeldurr|Mach Punch|p1a: Cresselia
|-resisted|p1a: Cresselia
|-damage|p1a: Cresselia|412\/444
|
|-heal|p1a: Cresselia|439\/444|[from] item: Leftovers
|-damage|p2a: Conkeldurr|389\/414 tox|[from] psn
|upkeep
|turn|12
|choice|move psychic|move knockoff
|
|move|p1a: Cresselia|Psychic|p2a: Conkeldurr
|-supereffective|p2a: Conkeldurr
|-damage|p2a: Conkeldurr|155\/414 tox
|move|p2a: Conkeldurr|Knock Off|p1a: Cresselia
|-supereffective|p1a: Cresselia
|-damage|p1a: Cresselia|263\/444
|-enditem|p1a: Cresselia|Leftovers|[from] move: Knock Off|[of] p2a: Conkeldurr
|
|-heal|p2a: Conkeldurr|180\/414 tox|[from] item: Leftovers
|-damage|p2a: Conkeldurr|130\/414 tox|[from] psn
|upkeep
|turn|13
|choice|move moonlight|move icepunch
|
|move|p1a: Cresselia|Moonlight|p1a: Cresselia
|-heal|p1a: Cresselia|444\/444
|move|p2a: Conkeldurr|Ice Punch|p1a: Cresselia
|-damage|p1a: Cresselia|371\/444
|
|-heal|p2a: Conkeldurr|155\/414 tox|[from] item: Leftovers
|-damage|p2a: Conkeldurr|80\/414 tox|[from] psn
|upkeep
|turn|14
|choice|move psychic|move drainpunch
|
|move|p1a: Cresselia|Psychic|p2a: Conkeldurr
|-supereffective|p2a: Conkeldurr
|-damage|p2a: Conkeldurr|0 fnt
|faint|p2a: Conkeldurr
|
|upkeep
|choice||switch 3
|
|switch|p2a: Electivire|Electivire, M|292\/292
|-status|p2a: Electivire|tox
|turn|15
|choice|move calmmind|move thunderpunch
|
|move|p2a: Electivire|Thunder Punch|p1a: Cresselia
|-damage|p1a: Cresselia|246\/444
|-damage|p2a: Electivire|263\/292 tox|[from] item: Life Orb
|move|p1a: Cresselia|Calm Mind|p1a: Cresselia
|-boost|p1a: Cresselia|spa|1
|-boost|p1a: Cresselia|spd|1
|
|-damage|p2a: Electivire|245\/292 tox|[from] psn
|upkeep
|turn|16
|choice|move moonlight|move thunderpunch
|
|move|p2a: Electivire|Thunder Punch|p1a: Cresselia
|-damage|p1a: Cresselia|121\/444
|-damage|p2a: Electivire|216\/292 tox|[from] item: Life Orb
|move|p1a: Cresselia|Moonlight|p1a: Cresselia
|-heal|p1a: Cresselia|343\/444
|
|-damage|p2a: Electivire|180\/292 tox|[from] psn
|upkeep
|turn|17
|choice|move moonlight|move thunderpunch
|
|move|p2a: Electivire|Thunder Punch|p1a: Cresselia
|-crit|p1a: Cresselia
|-damage|p1a: Cresselia|168\/444
|-damage|p2a: Electivire|151\/292 tox|[from] item: Life Orb
|move|p1a: Cresselia|Moonlight|p1a: Cresselia
|-heal|p1a: Cresselia|390\/444
|
|-damage|p2a: Electivire|97\/292 tox|[from] psn
|upkeep
|turn|18
|choice|move moonlight|move thunderpunch
|
|move|p2a: Electivire|Thunder Punch|p1a: Cresselia
|-damage|p1a: Cresselia|276\/444
|-damage|p2a: Electivire|68\/292 tox|[from] item: Life Orb
|move|p1a: Cresselia|Moonlight|p1a: Cresselia
|-heal|p1a: Cresselia|444\/444
|
|-damage|p2a: Electivire|0 fnt|[from] psn
|upkeep
|faint|p2a: Electivire
|-message|ngiannas forfeited.
|
|win|back uf off
|player|p1
|player|p2
|l|ngiannas
|raw|back uf off's rating: 1155 &rarr; <strong>1183<\/strong><br \/>(+28 for winning)
|raw|ngiannas's rating: 1192 &rarr; <strong>1164<\/strong><br \/>(-28 for losing)
|l|EdoMinato_OP</script>
</div>
<div class="battle-log battle-log-inline"><div class="inner"><div class="battle-options"></div><div class="inner"><div class="chat"><small>back uf off joined.</small></div><div class="chat"><small>ngiannas joined.</small></div><div class=""><small>Format:</small> <br><strong>UU</strong></div><div class="rated"><strong>Rated battle</strong></div><div class=""><small><em>Sleep Clause Mod:</em> Limit one foe put to sleep</small></div><div class=""><small><em>Species Clause:</em> Limit one of each Pokémon</small></div><div class=""><small><em>OHKO Clause:</em> OHKO moves are banned</small></div><div class=""><small><em>Moody Clause:</em> Moody is banned</small></div><div class=""><small><em>Evasion Moves Clause:</em> Evasion moves are banned</small></div><div class=""><small><em>Endless Battle Clause:</em> Forcing endless battles is banned</small></div><div class=""><small><em>HP Percentage Mod:</em> HP is shown in percentages</small></div><div class=""><small><em>Swagger Clause:</em> Swagger is banned</small></div><div class=""><small><em>Baton Pass Clause:</em> Limit one Baton Passer, can't pass Spe and other stats simultaneously</small></div><div class="chat battle-history"><strong>back uf off's team:</strong> <em style="color:#445566;display:block;">Sceptile / Entei / Mamoswine / Tentacruel / Cresselia / Krookodile</em></div><div class="chat battle-history"><strong>ngiannas's team:</strong> <em style="color:#445566;display:block;">Shuckle / Crawdaunt / Electivire / Conkeldurr / Medicham / Sableye</em></div><div class="spacer battle-history"><br></div><div class="battle-history">Battle started between back uf off and ngiannas!<br></div><div class="spacer battle-history"><br></div><div class="battle-history">Go! <strong>Tentacruel</strong>!<br></div><div class="spacer battle-history"><br></div><div class="battle-history">ngiannas sent out <strong>Shuckle</strong>!<br></div><div class="spacer battle-history"><br></div><h2 class="battle-history">Turn 1</h2><div class="spacer battle-history"><br></div><div class="battle-history">Tentacruel used <strong>Toxic Spikes</strong>!<br></div><div class="battle-history"><small>Poison spikes were scattered on the ground all around the opposing team!</small><br></div><div class="spacer battle-history"><br></div><div class="battle-history">The opposing Shuckle used <strong>Gyro Ball</strong>!<br></div><div class="battle-history"><small>It's not very effective...</small><br></div><div class="battle-history"><small>(Tentacruel lost <abbr title="−14/364">3.8%</abbr> of its health!)</small><br></div><div class="spacer battle-history"><br></div><div class="battle-history"><small>Tentacruel restored a little HP using its Black Sludge!</small><br></div><div class="spacer battle-history"><br></div><h2 class="battle-history">Turn 2</h2><div class="spacer battle-history"><br></div><div class="battle-history">ngiannas withdrew Shuckle!<br></div><div class="battle-history">ngiannas sent out <strong>Sableye</strong>!<br></div><div class="battle-history"><small>The opposing Sableye was poisoned!</small><br></div><div class="spacer battle-history"><br></div><div class="battle-history">Tentacruel used <strong>Toxic Spikes</strong>!<br></div><div class="battle-history"><small>Poison spikes were scattered on the ground all around the opposing team!</small><br></div><div class="spacer battle-history"><br></div><div class="battle-history"><small>The opposing Sableye was hurt by poison!</small><br></div><div class="spacer battle-history"><br></div><h2 class="battle-history">Turn 3</h2><div class="spacer battle-history"><br></div><div class="battle-history">Tentacruel, come back!<br></div><div class="battle-history">Go! <strong>Entei</strong>!<br></div><div class="battle-history"><small>[Entei's Pressure]</small><br><small>Entei is exerting its pressure!</small><br></div><div class="spacer battle-history"><br></div><div class="battle-history">The opposing Sableye used <strong>Will-O-Wisp</strong>!<br></div><div class="battle-history"><small>It doesn't affect Entei...</small><br></div><div class="spacer battle-history"><br></div><div class="battle-history"><small>The opposing Sableye restored a little HP using its Leftovers!</small><br></div><div class="battle-history"><small>The opposing Sableye was hurt by poison!</small><br></div><div class="spacer battle-history"><br></div><h2 class="battle-history">Turn 4</h2><div class="chat"><small>EdoMinato_OP joined.</small></div><div class="spacer battle-history"><br></div><div class="battle-history">Entei used <strong>Sacred Fire</strong>!<br></div><div class="battle-history"><small>(The opposing Sableye lost <abbr title="−247/304">81.3%</abbr> of its health!)</small><br></div><div class="spacer battle-history"><br></div><div class="battle-history">The opposing Sableye fainted!<br></div><div class="spacer battle-history"><br></div><div class="battle-history">ngiannas sent out <strong>Medicham</strong>!<br></div><div class="battle-history"><small>The opposing Medicham was badly poisoned!</small><br></div><div class="spacer battle-history"><br></div><h2 class="battle-history">Turn 5</h2><div class="spacer battle-history"><br></div><div class="battle-history">Entei, come back!<br></div><div class="battle-history">Go! <strong>Cresselia</strong>!<br></div><div class="spacer battle-history"><br></div><div class="battle-history">The opposing Medicham used <strong>Fake Out</strong>!<br></div><div class="battle-history"><small>(Cresselia lost <abbr title="−56/444">12.6%</abbr> of its health!)</small><br></div><div class="battle-history"><small>The opposing Medicham lost some of its HP!</small><br></div><div class="spacer battle-history"><br></div><div class="battle-history"><small>Cresselia restored a little HP using its Leftovers!</small><br></div><div class="battle-history"><small>The opposing Medicham was hurt by poison!</small><br></div><div class="spacer battle-history"><br></div><h2 class="battle-history">Turn 6</h2><div class="spacer battle-history"><br></div><div class="battle-history">ngiannas withdrew Medicham!<br></div><div class="battle-history">ngiannas sent out <strong>Crawdaunt</strong>!<br></div><div class="battle-history"><small>The opposing Crawdaunt was badly poisoned!</small><br></div><div class="battle-history"><small>The opposing Crawdaunt ate its Lum Berry!</small><br></div><div class="battle-history"><small>The opposing Crawdaunt was cured of its poisoning.</small><br></div><div class="spacer battle-history"><br></div><div class="battle-history">Cresselia used <strong>Ice Beam</strong>!<br></div><div class="battle-history"><small>It's not very effective...</small><br></div><div class="battle-history"><small>(The opposing Crawdaunt lost <abbr title="−46/268">17.2%</abbr> of its health!)</small><br></div><div class="spacer battle-history"><br></div><div class="battle-history"><small>Cresselia restored a little HP using its Leftovers!</small><br></div><div class="spacer battle-history"><br></div><h2 class="battle-history">Turn 7</h2><div class="spacer battle-history"><br></div><div class="battle-history">Cresselia, come back!<br></div><div class="battle-history">Go! <strong>Tentacruel</strong>!<br></div><div class="spacer battle-history"><br></div><div class="battle-history">The opposing Crawdaunt used <strong>Dragon Dance</strong>!<br></div><div class="battle-history"><small>The opposing Crawdaunt's Attack rose!</small><br></div><div class="battle-history"><small>The opposing Crawdaunt's Speed rose!</small><br></div><div class="spacer battle-history"><br></div><h2 class="battle-history">Turn 8</h2><div class="spacer battle-history"><br></div><div class="battle-history">The opposing Crawdaunt used <strong>Dragon Dance</strong>!<br></div><div class="battle-history"><small>The opposing Crawdaunt's Attack rose!</small><br></div><div class="battle-history"><small>The opposing Crawdaunt's Speed rose!</small><br></div><div class="spacer battle-history"><br></div><div class="battle-history">Tentacruel used <strong>Scald</strong>!<br></div><div class="battle-history"><small>It's not very effective...</small><br></div><div class="battle-history"><small>(The opposing Crawdaunt lost <abbr title="−60/268">22.4%</abbr> of its health!)</small><br></div><div class="spacer battle-history"><br></div><h2 class="battle-history">Turn 9</h2><div class="spacer battle-history"><br></div><div class="battle-history">The opposing Crawdaunt used <strong>Knock Off</strong>!<br></div><div class="battle-history"><small>(Tentacruel lost <abbr title="−364/364">100%</abbr> of its health!)</small><br></div><div class="battle-history"><small>The opposing Crawdaunt knocked off Tentacruel's Black Sludge!</small><br></div><div class="spacer battle-history"><br></div><div class="battle-history">Tentacruel fainted!<br></div><div class="spacer battle-history"><br></div><div class="battle-history">Go! <strong>Mamoswine</strong>!<br></div><div class="spacer battle-history"><br></div><h2 class="battle-history">Turn 10</h2><div class="spacer battle-history"><br></div><div class="battle-history">The opposing Crawdaunt used <strong>Aqua Jet</strong>!<br></div><div class="battle-history"><small>It's super effective!</small><br></div><div class="battle-history"><small>Mamoswine hung on using its Focus Sash!</small><br></div><div class="battle-history"><small>(Mamoswine lost <abbr title="−360/361">99.7%</abbr> of its health!)</small><br></div><div class="spacer battle-history"><br></div><div class="battle-history">Mamoswine used <strong>Earthquake</strong>!<br></div><div class="battle-history"><small>(The opposing Crawdaunt lost <abbr title="−162/268">60.4%</abbr> of its health!)</small><br></div><div class="spacer battle-history"><br></div><div class="battle-history">The opposing Crawdaunt fainted!<br></div><div class="spacer battle-history"><br></div><div class="battle-history">ngiannas sent out <strong>Conkeldurr</strong>!<br></div><div class="battle-history"><small>The opposing Conkeldurr was badly poisoned!</small><br></div><div class="spacer battle-history"><br></div><h2 class="battle-history">Turn 11</h2><div class="spacer battle-history"><br></div><div class="battle-history">Mamoswine, come back!<br></div><div class="battle-history">Go! <strong>Cresselia</strong>!<br></div><div class="spacer battle-history"><br></div><div class="battle-history">The opposing Conkeldurr used <strong>Mach Punch</strong>!<br></div><div class="battle-history"><small>It's not very effective...</small><br></div><div class="battle-history"><small>(Cresselia lost <abbr title="−30/444">6.8%</abbr> of its health!)</small><br></div><div class="spacer battle-history"><br></div><div class="battle-history"><small>Cresselia restored a little HP using its Leftovers!</small><br></div><div class="battle-history"><small>The opposing Conkeldurr was hurt by poison!</small><br></div><div class="spacer battle-history"><br></div><h2 class="battle-history">Turn 12</h2><div class="spacer battle-history"><br></div><div class="battle-history">Cresselia used <strong>Psychic</strong>!<br></div><div class="battle-history"><small>It's super effective!</small><br></div><div class="battle-history"><small>(The opposing Conkeldurr lost <abbr title="−234/414">56.5%</abbr> of its health!)</small><br></div><div class="spacer battle-history"><br></div><div class="battle-history">The opposing Conkeldurr used <strong>Knock Off</strong>!<br></div><div class="battle-history"><small>It's super effective!</small><br></div><div class="battle-history"><small>(Cresselia lost <abbr title="−176/444">39.6%</abbr> of its health!)</small><br></div><div class="battle-history"><small>The opposing Conkeldurr knocked off Cresselia's Leftovers!</small><br></div><div class="spacer battle-history"><br></div><div class="battle-history"><small>The opposing Conkeldurr restored a little HP using its Leftovers!</small><br></div><div class="battle-history"><small>The opposing Conkeldurr was hurt by poison!</small><br></div><div class="spacer battle-history"><br></div><h2 class="battle-history">Turn 13</h2><div class="spacer battle-history"><br></div><div class="battle-history">Cresselia used <strong>Moonlight</strong>!<br></div><div class="battle-history"><small>Cresselia restored its HP.</small><br></div><div class="spacer battle-history"><br></div><div class="battle-history">The opposing Conkeldurr used <strong>Ice Punch</strong>!<br></div><div class="battle-history"><small>(Cresselia lost <abbr title="−73/444">16.4%</abbr> of its health!)</small><br></div><div class="spacer battle-history"><br></div><div class="battle-history"><small>The opposing Conkeldurr restored a little HP using its Leftovers!</small><br></div><div class="battle-history"><small>The opposing Conkeldurr was hurt by poison!</small><br></div><div class="spacer battle-history"><br></div><h2 class="battle-history">Turn 14</h2><div class="spacer battle-history"><br></div><div class="battle-history">Cresselia used <strong>Psychic</strong>!<br></div><div class="battle-history"><small>It's super effective!</small><br></div><div class="battle-history"><small>(The opposing Conkeldurr lost <abbr title="−80/414">19.3%</abbr> of its health!)</small><br></div><div class="spacer battle-history"><br></div><div class="battle-history">The opposing Conkeldurr fainted!<br></div><div class="spacer battle-history"><br></div><div class="battle-history">ngiannas sent out <strong>Electivire</strong>!<br></div><div class="battle-history"><small>The opposing Electivire was badly poisoned!</small><br></div><div class="spacer battle-history"><br></div><h2 class="battle-history">Turn 15</h2><div class="spacer battle-history"><br></div><div class="battle-history">The opposing Electivire used <strong>Thunder Punch</strong>!<br></div><div class="battle-history"><small>(Cresselia lost <abbr title="−125/444">28.2%</abbr> of its health!)</small><br></div><div class="battle-history"><small>The opposing Electivire lost some of its HP!</small><br></div><div class="spacer battle-history"><br></div><div class="battle-history">Cresselia used <strong>Calm Mind</strong>!<br></div><div class="battle-history"><small>Cresselia's Special Attack rose!</small><br></div><div class="battle-history"><small>Cresselia's Special Defense rose!</small><br></div><div class="spacer battle-history"><br></div><div class="battle-history"><small>The opposing Electivire was hurt by poison!</small><br></div><div class="spacer battle-history"><br></div><h2 class="battle-history">Turn 16</h2><div class="spacer battle-history"><br></div><div class="battle-history">The opposing Electivire used <strong>Thunder Punch</strong>!<br></div><div class="battle-history"><small>(Cresselia lost <abbr title="−125/444">28.2%</abbr> of its health!)</small><br></div><div class="battle-history"><small>The opposing Electivire lost some of its HP!</small><br></div><div class="spacer battle-history"><br></div><div class="battle-history">Cresselia used <strong>Moonlight</strong>!<br></div><div class="battle-history"><small>Cresselia restored its HP.</small><br></div><div class="spacer battle-history"><br></div><div class="battle-history"><small>The opposing Electivire was hurt by poison!</small><br></div><div class="spacer battle-history"><br></div><h2 class="battle-history">Turn 17</h2><div class="spacer battle-history"><br></div><div class="battle-history">The opposing Electivire used <strong>Thunder Punch</strong>!<br></div><div class="battle-history"><small>A critical hit!</small><br></div><div class="battle-history"><small>(Cresselia lost <abbr title="−175/444">39.4%</abbr> of its health!)</small><br></div><div class="battle-history"><small>The opposing Electivire lost some of its HP!</small><br></div><div class="spacer battle-history"><br></div><div class="battle-history">Cresselia used <strong>Moonlight</strong>!<br></div><div class="battle-history"><small>Cresselia restored its HP.</small><br></div><div class="spacer battle-history"><br></div><div class="battle-history"><small>The opposing Electivire was hurt by poison!</small><br></div><div class="spacer battle-history"><br></div><h2 class="battle-history">Turn 18</h2><div class="spacer battle-history"><br></div><div class="battle-history">The opposing Electivire used <strong>Thunder Punch</strong>!<br></div><div class="battle-history"><small>(Cresselia lost <abbr title="−114/444">25.7%</abbr> of its health!)</small><br></div><div class="battle-history"><small>The opposing Electivire lost some of its HP!</small><br></div><div class="spacer battle-history"><br></div><div class="battle-history">Cresselia used <strong>Moonlight</strong>!<br></div><div class="battle-history"><small>Cresselia restored its HP.</small><br></div><div class="spacer battle-history"><br></div><div class="battle-history"><small>The opposing Electivire was hurt by poison!</small><br></div><div class="spacer battle-history"><br></div><div class="battle-history">The opposing Electivire fainted!<br></div><div class="battle-history"><small>ngiannas forfeited.</small><br></div><div class="spacer battle-history"><br></div><div class="battle-history"><strong>back uf off</strong> won the battle!<br></div><div class="chat"><small>ngiannas left.</small></div><div class="chat">back uf off's rating: 1155 → <strong>1183</strong><br>(+28 for winning)</div><div class="chat">ngiannas's rating: 1192 → <strong>1164</strong><br>(-28 for losing)</div><div class="chat"><small>EdoMinato_OP left.</small></div></div><div class="inner-preempt"></div></div></div>
</div>
<script>
let daily = Math.floor(Date.now()/1000/60/60/24);document.write('<script src="https://play.pokemonshowdown.com/js/replay-embed.js?version'+daily+'"></'+'script>');
</script>
