<!DOCTYPE html>
<meta charset="utf-8" />
<!-- version 1 -->
<title>UU replay: Flamita vs. tabla</title>
<style>
html,body {font-family:Verdana, sans-serif;font-size:10pt;margin:0;padding:0;}body{padding:12px 0;} .battle-log {font-family:Verdana, sans-serif;font-size:10pt;} .battle-log-inline {border:1px solid #AAAAAA;background:#EEF2F5;color:black;max-width:640px;margin:0 auto 80px;padding-bottom:5px;} .battle-log .inner {padding:4px 8px 0px 8px;} .battle-log .inner-preempt {padding:0 8px 4px 8px;} .battle-log .inner-after {margin-top:0.5em;} .battle-log h2 {margin:0.5em -8px;padding:4px 8px;border:1px solid #AAAAAA;background:#E0E7EA;border-left:0;border-right:0;font-family:Verdana, sans-serif;font-size:13pt;} .battle-log .chat {vertical-align:middle;padding:3px 0 3px 0;font-size:8pt;} .battle-log .chat strong {color:#40576A;} .battle-log .chat em {padding:1px 4px 1px 3px;color:#000000;font-style:normal;} .chat.mine {background:rgba(0,0,0,0.05);margin-left:-8px;margin-right:-8px;padding-left:8px;padding-right:8px;} .spoiler {color:#BBBBBB;background:#BBBBBB;padding:0px 3px;} .spoiler:hover, .spoiler:active, .spoiler-shown {color:#000000;background:#E2E2E2;padding:0px 3px;} .spoiler a {color:#BBBBBB;} .spoiler:hover a, .spoiler:active a, .spoiler-shown a {color:#2288CC;} .chat code, .chat .spoiler:hover code, .chat .spoiler:active code, .chat .spoiler-shown code {border:1px solid #C0C0C0;background:#EEEEEE;color:black;padding:0 2px;} .chat .spoiler code {border:1px solid #CCCCCC;background:#CCCCCC;color:#CCCCCC;} .battle-log .rated {padding:3px 4px;} .battle-log .rated strong {color:white;background:#89A;padding:1px 4px;border-radius:4px;} .spacer {margin-top:0.5em;} .message-announce {background:#6688AA;color:white;padding:1px 4px 2px;} .message-announce a, .broadcast-green a, .broadcast-blue a, .broadcast-red a {color:#DDEEFF;} .broadcast-green {background-color:#559955;color:white;padding:2px 4px;} .broadcast-blue {background-color:#6688AA;color:white;padding:2px 4px;} .infobox {border:1px solid #6688AA;padding:2px 4px;} .infobox-limited {max-height:200px;overflow:auto;overflow-x:hidden;} .broadcast-red {background-color:#AA5544;color:white;padding:2px 4px;} .message-learn-canlearn {font-weight:bold;color:#228822;text-decoration:underline;} .message-learn-cannotlearn {font-weight:bold;color:#CC2222;text-decoration:underline;} .message-effect-weak {font-weight:bold;color:#CC2222;} .message-effect-resist {font-weight:bold;color:#6688AA;} .message-effect-immune {font-weight:bold;color:#666666;} .message-learn-list {margin-top:0;margin-bottom:0;} .message-throttle-notice, .message-error {color:#992222;} .message-overflow, .chat small.message-overflow {font-size:0pt;} .message-overflow::before {font-size:9pt;content:'...';} .subtle {color:#3A4A66;}
</style>
<div class="wrapper replay-wrapper" style="max-width:1180px;margin:0 auto">
<input type="hidden" name="replayid" value="destiny-uu-530298" />
<div class="battle"></div><div class="battle-log"></div><div class="replay-controls"></div><div class="replay-controls-2"></div>
<h1 style="font-weight:normal;text-align:center"><strong>UU</strong><br /><a href="http://pokemonshowdown.com/users/flamita" class="subtle" target="_blank">Flamita</a> vs. <a href="http://pokemonshowdown.com/users/tabla" class="subtle" target="_blank">tabla</a></h1>
<script type="text/plain" class="battle-log-data">|player|p1|Flamita|flamita-56.gif?ee84ca11
|teamsize|p1|6
|player|p2|tabla|183
|teamsize|p2|6
|teamsize|p1|6
|teamsize|p2|6
|gametype|singles
|gen|7
|tier|UU
|seed|24631,18296,25607,30934
|rule|Cláusula-Mod de Dormir: solo puedes dormir a uno de tus oponentes a la vez.
|rule|Cláusula de Especie: Hasta un Pokémon de cada especie
|rule|Cláusula de Golpe Fulminante: los movimientos fulminantes (OHKO) estan prohibidos
|rule|Cláusula de Veleta: la habilidad Veleta está prohibida
|rule|Cláusula de Movimientos Evasivos: los movimientos de Evasión están prohibidos.
|rule|Cláusula de Batallas Eternas: forzar batallas eternas está prohibido
|clearpoke
|poke|p1|Reuniclus, M, shiny|item
|poke|p1|Hydreigon, F|item
|poke|p1|Magneton|item
|poke|p1|Primarina, F|item
|poke|p1|Steelix, M|item
|poke|p1|Amoonguss, F, shiny|item
|poke|p2|Celebi|item
|poke|p2|Sylveon, F|item
|poke|p2|Scizor, M|item
|poke|p2|Manectric, M|item
|poke|p2|Tentacruel, F|item
|poke|p2|Krookodile, M|item
|teampreview|undefined
|c|☆tabla|0 miedo
|choice|*|*team 423156
|choice|*team 213456|*
|choice|*|*team 423156
|choice|team 2, 1, 3, 4, 5, 6|team 4, 2, 3, 1, 5, 6
|
|start
|switch|p1a: Hydreigon|Hydreigon, F|325\/325
|switch|p2a: Manectric|Manectric, M|281\/281
|turn|1
|choice|*|*move 1 mega
|c|☆tabla|A
|choice|*move 4|*
|choice|move roost|move voltswitch mega
|
|-mega|p2a: Manectric|Manectric|Manectite
|detailschange|p2a: Manectric|Manectric-Mega, M
|-ability|p2a: Manectric|Intimidate|boost
|-unboost|p1a: Hydreigon|atk|1
|move|p2a: Manectric|Volt Switch|p1a: Hydreigon
|-resisted|p1a: Hydreigon
|-damage|p1a: Hydreigon|252\/325
|choice|*|*switch 2
|choice||switch 2
|
|switch|p2a: Sylveon|Sylveon, F|393\/393|[from]move: Volt Switch
|move|p1a: Hydreigon|Roost|p1a: Hydreigon
|-heal|p1a: Hydreigon|325\/325
|
|upkeep
|turn|2
|choice|*switch 5|*
|choice|*|*move 4
|choice|switch 5|move hypervoice
|
|switch|p1a: Steelix|Steelix, M|354\/354
|move|p2a: Sylveon|Hyper Voice|p1a: Steelix
|-resisted|p1a: Steelix
|-damage|p1a: Steelix|265\/354
|
|upkeep
|turn|3
|choice|*move 4 mega|*
|choice|*|*switch 3
|choice|move stealthrock mega|switch 3
|
|switch|p2a: Scizor|Scizor, M|319\/319
|-mega|p1a: Steelix|Steelix|Steelixite
|detailschange|p1a: Steelix|Steelix-Mega, M
|move|p1a: Steelix|Stealth Rock|p2a: Scizor
|-sidestart|p2: tabla|move: Stealth Rock
|
|upkeep
|turn|4
|choice|*|*move 3
|choice|*switch 3|*
|choice|switch 3|move uturn
|
|switch|p1a: Magneton|Magneton|241\/241
|move|p2a: Scizor|U-turn|p1a: Magneton
|-resisted|p1a: Magneton
|-damage|p1a: Magneton|172\/241
|choice|*|*switch 6
|choice||switch 6
|
|switch|p2a: Krookodile|Krookodile, M|331\/331|[from]move: U-turn
|-damage|p2a: Krookodile|311\/331|[from] Stealth Rock
|-ability|p2a: Krookodile|Intimidate|boost
|-unboost|p1a: Magneton|atk|1
|
|upkeep
|turn|5
|choice|*|*move 3
|choice|*switch 5|*
|choice|switch 5|move knockoff
|
|switch|p1a: Hydreigon|Hydreigon, F|325\/325
|move|p2a: Krookodile|Knock Off|p1a: Hydreigon
|-resisted|p1a: Hydreigon
|-crit|p1a: Hydreigon
|-damage|p1a: Hydreigon|244\/325
|
|upkeep
|turn|6
|choice|*switch 3|*
|choice|*switch 3|*
|choice|*|*switch 3
|choice|switch 3|switch 3
|
|switch|p1a: Steelix|Steelix-Mega, M|265\/354
|switch|p2a: Sylveon|Sylveon, F|393\/393
|-damage|p2a: Sylveon|344\/393|[from] Stealth Rock
|
|-heal|p2a: Sylveon|368\/393|[from] item: Leftovers
|upkeep
|turn|7
|choice|*move 3|*
|choice|*|*move 3
|choice|move curse|move protect
|
|move|p2a: Sylveon|Protect|p2a: Sylveon
|-singleturn|p2a: Sylveon|Protect
|move|p1a: Steelix|Curse|p1a: Steelix
|-unboost|p1a: Steelix|spe|1
|-boost|p1a: Steelix|atk|1
|-boost|p1a: Steelix|def|1
|
|-heal|p2a: Sylveon|392\/393|[from] item: Leftovers
|upkeep
|turn|8
|choice|*|*switch 5
|choice|*|*switch 6
|choice|*move 2|*
|choice|move earthquake|switch 6
|
|switch|p2a: Scizor|Scizor, M|319\/319
|-damage|p2a: Scizor|280\/319|[from] Stealth Rock
|move|p1a: Steelix|Earthquake|p2a: Scizor
|-damage|p2a: Scizor|18\/319
|
|upkeep
|turn|9
|choice|*move 1|*
|choice|*|*move 2
|choice|move gyroball|move roost
|
|move|p2a: Scizor|Roost|p2a: Scizor
|-heal|p2a: Scizor|178\/319
|move|p1a: Steelix|Gyro Ball|p2a: Scizor
|-resisted|p2a: Scizor
|-damage|p2a: Scizor|16\/319
|
|upkeep
|turn|10
|choice|*|*move 3
|choice|*move 2|*
|choice|move earthquake|move uturn
|
|move|p2a: Scizor|U-turn|p1a: Steelix
|-resisted|p1a: Steelix
|-damage|p1a: Steelix|244\/354
|choice|*|*switch 5
|choice||switch 5
|
|switch|p2a: Tentacruel|Tentacruel, F|363\/363|[from]move: U-turn
|-damage|p2a: Tentacruel|318\/363|[from] Stealth Rock
|move|p1a: Steelix|Earthquake|p2a: Tentacruel
|-supereffective|p2a: Tentacruel
|-damage|p2a: Tentacruel|0 fnt
|faint|p2a: Tentacruel
|
|upkeep
|choice|*|*switch 2
|choice||switch 2
|
|switch|p2a: Manectric|Manectric-Mega, M|281\/281
|-damage|p2a: Manectric|246\/281|[from] Stealth Rock
|-ability|p2a: Manectric|Intimidate|boost
|-unboost|p1a: Steelix|atk|1
|turn|11
|choice|*|*move 3
|choice|*switch 3|*
|choice|switch 3|move flamethrower
|
|switch|p1a: Hydreigon|Hydreigon, F|244\/325
|move|p2a: Manectric|Flamethrower|p1a: Hydreigon
|-resisted|p1a: Hydreigon
|-damage|p1a: Hydreigon|182\/325
|
|upkeep
|turn|12
|choice|*move 4|*
|choice|*|*move 1
|choice|move roost|move voltswitch
|
|move|p2a: Manectric|Volt Switch|p1a: Hydreigon
|-resisted|p1a: Hydreigon
|-crit|p1a: Hydreigon
|-damage|p1a: Hydreigon|84\/325
|choice|*|*switch 5
|choice||switch 5
|
|switch|p2a: Scizor|Scizor, M|16\/319|[from]move: Volt Switch
|-damage|p2a: Scizor|0 fnt|[from] Stealth Rock
|faint|p2a: Scizor
|move|p1a: Hydreigon|Roost|p1a: Hydreigon
|-heal|p1a: Hydreigon|247\/325
|
|upkeep
|choice|*|*switch 6
|choice||switch 6
|
|switch|p2a: Sylveon|Sylveon, F|392\/393
|-damage|p2a: Sylveon|343\/393|[from] Stealth Rock
|turn|13
|choice|*|*move 4
|choice|*switch 6|*
|choice|switch 6|move hypervoice
|
|switch|p1a: Amoonguss|Amoonguss, F, shiny|432\/432
|move|p2a: Sylveon|Hyper Voice|p1a: Amoonguss
|-resisted|p1a: Amoonguss
|-damage|p1a: Amoonguss|359\/432
|-enditem|p1a: Amoonguss|Eject Button
|choice|*switch 3|*
|choice|switch 3|
|
|switch|p1a: Steelix|Steelix-Mega, M|244\/354
|
|-heal|p2a: Sylveon|367\/393|[from] item: Leftovers
|upkeep
|turn|14
|choice|*move 2|*
|choice|*|*switch 3
|choice|move earthquake|switch 3
|
|switch|p2a: Krookodile|Krookodile, M|311\/331
|-damage|p2a: Krookodile|291\/331|[from] Stealth Rock
|-ability|p2a: Krookodile|Intimidate|boost
|-unboost|p1a: Steelix|atk|1
|move|p1a: Steelix|Earthquake|p2a: Krookodile
|-damage|p2a: Krookodile|131\/331
|
|upkeep
|turn|15
|choice|*|*move 2
|choice|*move 1|*
|choice|move gyroball|move earthquake
|
|move|p2a: Krookodile|Earthquake|p1a: Steelix
|-supereffective|p1a: Steelix
|-damage|p1a: Steelix|44\/354
|move|p1a: Steelix|Gyro Ball|p2a: Krookodile
|-damage|p2a: Krookodile|0 fnt
|faint|p2a: Krookodile
|
|upkeep
|choice|*|*switch 5
|choice||switch 5
|
|switch|p2a: Manectric|Manectric-Mega, M|246\/281
|-damage|p2a: Manectric|211\/281|[from] Stealth Rock
|-ability|p2a: Manectric|Intimidate|boost
|-unboost|p1a: Steelix|atk|1
|turn|16
|choice|*|*move 3
|choice|*switch 6|*
|choice|switch 6|move flamethrower
|
|switch|p1a: Hydreigon|Hydreigon, F|247\/325
|move|p2a: Manectric|Flamethrower|p1a: Hydreigon
|-resisted|p1a: Hydreigon
|-damage|p1a: Hydreigon|182\/325
|
|upkeep
|turn|17
|choice|*move 4|*
|choice|*|*move 2
|choice|move roost|move thunderbolt
|
|move|p2a: Manectric|Thunderbolt|p1a: Hydreigon
|-resisted|p1a: Hydreigon
|-damage|p1a: Hydreigon|84\/325
|move|p1a: Hydreigon|Roost|p1a: Hydreigon
|-heal|p1a: Hydreigon|247\/325
|
|upkeep
|turn|18
|choice|*|*move 1
|choice|*move 4|*
|choice|move roost|move voltswitch
|
|move|p2a: Manectric|Volt Switch|p1a: Hydreigon
|-resisted|p1a: Hydreigon
|-damage|p1a: Hydreigon|173\/325
|choice|*|*switch 3
|choice||switch 3
|
|switch|p2a: Sylveon|Sylveon, F|367\/393|[from]move: Volt Switch
|-damage|p2a: Sylveon|318\/393|[from] Stealth Rock
|move|p1a: Hydreigon|Roost|p1a: Hydreigon
|-heal|p1a: Hydreigon|325\/325
|
|-heal|p2a: Sylveon|342\/393|[from] item: Leftovers
|upkeep
|turn|19
|choice|*|*move 4
|choice|*switch 3|*
|choice|switch 3|move hypervoice
|
|switch|p1a: Amoonguss|Amoonguss, F, shiny|432\/432
|move|p2a: Sylveon|Hyper Voice|p1a: Amoonguss
|-resisted|p1a: Amoonguss
|-damage|p1a: Amoonguss|363\/432
|
|-heal|p2a: Sylveon|366\/393|[from] item: Leftovers
|upkeep
|turn|20
|choice|*|*move 1
|choice|*|*move 1
|choice|*move 1|*
|choice|move spore|move wish
|
|move|p2a: Sylveon|Wish|p2a: Sylveon
|move|p1a: Amoonguss|Spore|p2a: Sylveon
|-status|p2a: Sylveon|slp
|
|-heal|p2a: Sylveon|390\/393 slp|[from] item: Leftovers
|upkeep
|turn|21
|choice|*|*switch 4
|choice|*switch 3|*
|choice|switch 3|switch 4
|
|switch|p2a: Celebi|Celebi|341\/341
|-damage|p2a: Celebi|299\/341|[from] Stealth Rock
|switch|p1a: Hydreigon|Hydreigon, F|325\/325
|
|-heal|p2a: Celebi|341\/341|[from] move: Wish|[wisher] Sylveon
|upkeep
|turn|22
|choice|*move 2|*
|choice|*|*switch 4
|choice|move darkpulse|switch 4
|
|switch|p2a: Sylveon|Sylveon, F|390\/393 slp
|-damage|p2a: Sylveon|341\/393 slp|[from] Stealth Rock
|move|p1a: Hydreigon|Dark Pulse|p2a: Sylveon
|-resisted|p2a: Sylveon
|-damage|p2a: Sylveon|290\/393 slp
|
|-heal|p2a: Sylveon|314\/393 slp|[from] item: Leftovers
|upkeep
|turn|23
|choice|*|*move 1
|choice|*switch 5|*
|choice|switch 5|move wish
|
|switch|p1a: Magneton|Magneton|172\/241
|cant|p2a: Sylveon|slp
|
|-heal|p2a: Sylveon|338\/393 slp|[from] item: Leftovers
|upkeep
|turn|24
|choice|*move 3|*
|choice|*|*move 3
|choice|move flashcannon|move protect
|
|cant|p2a: Sylveon|slp
|move|p1a: Magneton|Flash Cannon|p2a: Sylveon
|-supereffective|p2a: Sylveon
|-damage|p2a: Sylveon|128\/393 slp
|
|-heal|p2a: Sylveon|152\/393 slp|[from] item: Leftovers
|upkeep
|turn|25
|choice|*move 3|*
|choice|*|*move 3
|choice|move flashcannon|move protect
|
|-curestatus|p2a: Sylveon|slp|[msg]
|move|p2a: Sylveon|Protect|p2a: Sylveon
|-singleturn|p2a: Sylveon|Protect
|move|p1a: Magneton|Flash Cannon|p2a: Sylveon
|-activate|p2a: Sylveon|move: Protect
|
|-heal|p2a: Sylveon|176\/393|[from] item: Leftovers
|upkeep
|turn|26
|choice|*move 3|*
|choice|*|*switch 4
|choice|move flashcannon|switch 4
|
|switch|p2a: Celebi|Celebi|341\/341
|-damage|p2a: Celebi|299\/341|[from] Stealth Rock
|move|p1a: Magneton|Flash Cannon|p2a: Celebi
|-damage|p2a: Celebi|173\/341
|
|upkeep
|turn|27
|choice|*|*move 1
|choice|*move 3|*
|choice|move flashcannon|move swordsdance
|
|move|p1a: Magneton|Flash Cannon|p2a: Celebi
|-crit|p2a: Celebi
|-damage|p2a: Celebi|0 fnt
|faint|p2a: Celebi
|
|upkeep
|choice|*|*switch 3
|choice||switch 3
|
|switch|p2a: Manectric|Manectric-Mega, M|211\/281
|-damage|p2a: Manectric|176\/281|[from] Stealth Rock
|-ability|p2a: Manectric|Intimidate|boost
|-unboost|p1a: Magneton|atk|1
|turn|28
|choice|*|*move 3
|choice|*switch 3|*
|choice|switch 3|move flamethrower
|
|switch|p1a: Amoonguss|Amoonguss, F, shiny|432\/432
|move|p2a: Manectric|Flamethrower|p1a: Amoonguss
|-supereffective|p1a: Amoonguss
|-damage|p1a: Amoonguss|226\/432
|
|upkeep
|turn|29
|choice|*move 1|*
|choice|*|*move 3
|choice|move spore|move flamethrower
|
|move|p2a: Manectric|Flamethrower|p1a: Amoonguss
|-supereffective|p1a: Amoonguss
|-crit|p1a: Amoonguss
|-damage|p1a: Amoonguss|0 fnt
|faint|p1a: Amoonguss
|
|upkeep
|choice|*switch 5|*
|choice|switch 5|
|
|switch|p1a: Hydreigon|Hydreigon, F|325\/325
|turn|30
|choice|*|*move 1
|choice|*move 2|*
|choice|move darkpulse|move voltswitch
|
|move|p2a: Manectric|Volt Switch|p1a: Hydreigon
|-resisted|p1a: Hydreigon
|-damage|p1a: Hydreigon|261\/325
|choice|*|*switch 4
|choice||switch 4
|
|switch|p2a: Sylveon|Sylveon, F|176\/393|[from]move: Volt Switch
|-damage|p2a: Sylveon|127\/393|[from] Stealth Rock
|move|p1a: Hydreigon|Dark Pulse|p2a: Sylveon
|-resisted|p2a: Sylveon
|-damage|p2a: Sylveon|76\/393
|
|-heal|p2a: Sylveon|100\/393|[from] item: Leftovers
|upkeep
|turn|31
|choice|*|*move 1
|choice|*switch 2|*
|choice|switch 2|move wish
|
|switch|p1a: Reuniclus|Reuniclus, M, shiny|424\/424
|move|p2a: Sylveon|Wish|p2a: Sylveon
|
|-heal|p2a: Sylveon|124\/393|[from] item: Leftovers
|upkeep
|turn|32
|choice|*move 1|*
|choice|*|*move 4
|choice|move calmmind|move hypervoice
|
|move|p2a: Sylveon|Hyper Voice|p1a: Reuniclus
|-damage|p1a: Reuniclus|274\/424
|move|p1a: Reuniclus|Calm Mind|p1a: Reuniclus
|-boost|p1a: Reuniclus|spa|1
|-boost|p1a: Reuniclus|spd|1
|
|-heal|p2a: Sylveon|320\/393|[from] move: Wish|[wisher] Sylveon
|-heal|p2a: Sylveon|344\/393|[from] item: Leftovers
|-heal|p1a: Reuniclus|300\/424|[from] item: Leftovers
|upkeep
|turn|33
|choice|*|*move 4
|choice|*move 1|*
|choice|move calmmind|move hypervoice
|
|move|p2a: Sylveon|Hyper Voice|p1a: Reuniclus
|-damage|p1a: Reuniclus|191\/424
|move|p1a: Reuniclus|Calm Mind|p1a: Reuniclus
|-boost|p1a: Reuniclus|spa|1
|-boost|p1a: Reuniclus|spd|1
|
|-heal|p2a: Sylveon|368\/393|[from] item: Leftovers
|-heal|p1a: Reuniclus|217\/424|[from] item: Leftovers
|upkeep
|turn|34
|choice|*|*move 4
|choice|*move 2|*
|choice|move recover|move hypervoice
|
|move|p2a: Sylveon|Hyper Voice|p1a: Reuniclus
|-damage|p1a: Reuniclus|142\/424
|move|p1a: Reuniclus|Recover|p1a: Reuniclus
|-heal|p1a: Reuniclus|354\/424
|
|-heal|p2a: Sylveon|392\/393|[from] item: Leftovers
|-heal|p1a: Reuniclus|380\/424|[from] item: Leftovers
|upkeep
|turn|35
|choice|*|*move 4
|choice|*move 3|*
|choice|move psyshock|move hypervoice
|
|move|p2a: Sylveon|Hyper Voice|p1a: Reuniclus
|-damage|p1a: Reuniclus|304\/424
|move|p1a: Reuniclus|Psyshock|p2a: Sylveon
|-damage|p2a: Sylveon|196\/393
|
|-heal|p2a: Sylveon|220\/393|[from] item: Leftovers
|-heal|p1a: Reuniclus|330\/424|[from] item: Leftovers
|upkeep
|turn|36
|choice|*|*move 4
|choice|*move 1|*
|choice|move calmmind|move hypervoice
|
|move|p2a: Sylveon|Hyper Voice|p1a: Reuniclus
|-damage|p1a: Reuniclus|246\/424
|move|p1a: Reuniclus|Calm Mind|p1a: Reuniclus
|-boost|p1a: Reuniclus|spa|1
|-boost|p1a: Reuniclus|spd|1
|
|-heal|p2a: Sylveon|244\/393|[from] item: Leftovers
|-heal|p1a: Reuniclus|272\/424|[from] item: Leftovers
|upkeep
|turn|37
|choice|*|*move 4
|choice|*move 2|*
|choice|move recover|move hypervoice
|
|move|p2a: Sylveon|Hyper Voice|p1a: Reuniclus
|-damage|p1a: Reuniclus|206\/424
|move|p1a: Reuniclus|Recover|p1a: Reuniclus
|-heal|p1a: Reuniclus|418\/424
|
|-heal|p2a: Sylveon|268\/393|[from] item: Leftovers
|-heal|p1a: Reuniclus|424\/424|[from] item: Leftovers
|upkeep
|turn|38
|choice|*move 3|*
|choice|*|*move 4
|choice|move psyshock|move hypervoice
|
|move|p2a: Sylveon|Hyper Voice|p1a: Reuniclus
|-damage|p1a: Reuniclus|358\/424
|move|p1a: Reuniclus|Psyshock|p2a: Sylveon
|-damage|p2a: Sylveon|21\/393
|
|-heal|p2a: Sylveon|45\/393|[from] item: Leftovers
|-heal|p1a: Reuniclus|384\/424|[from] item: Leftovers
|upkeep
|turn|39
|choice|*|*move 4
|choice|*move 3|*
|choice|move psyshock|move hypervoice
|
|move|p2a: Sylveon|Hyper Voice|p1a: Reuniclus
|-damage|p1a: Reuniclus|315\/424
|move|p1a: Reuniclus|Psyshock|p2a: Sylveon
|-damage|p2a: Sylveon|0 fnt
|faint|p2a: Sylveon
|
|-heal|p1a: Reuniclus|341\/424|[from] item: Leftovers
|upkeep
|choice|*|*switch 4
|choice||switch 4
|
|switch|p2a: Manectric|Manectric-Mega, M|176\/281
|-damage|p2a: Manectric|141\/281|[from] Stealth Rock
|-ability|p2a: Manectric|Intimidate|boost
|-unboost|p1a: Reuniclus|atk|1
|turn|40
|choice|*|*move 2
|choice|*move 3|*
|choice|move psyshock|move thunderbolt
|
|move|p2a: Manectric|Thunderbolt|p1a: Reuniclus
|-damage|p1a: Reuniclus|268\/424
|move|p1a: Reuniclus|Psyshock|p2a: Manectric
|-damage|p2a: Manectric|0 fnt
|faint|p2a: Manectric
|
|win|Flamita
</script>
</div>
<div class="battle-log battle-log-inline"><div class="inner"><div class="battle-options"></div><div class="inner"><div class=""><small>Format:</small> <br><strong>UU</strong></div><div class=""><small><em>Cláusula-Mod de Dormir:</em> solo puedes dormir a uno de tus oponentes a la vez.</small></div><div class=""><small><em>Cláusula de Especie:</em> Hasta un Pokémon de cada especie</small></div><div class=""><small><em>Cláusula de Golpe Fulminante:</em> los movimientos fulminantes (OHKO) estan prohibidos</small></div><div class=""><small><em>Cláusula de Veleta:</em> la habilidad Veleta está prohibida</small></div><div class=""><small><em>Cláusula de Movimientos Evasivos:</em> los movimientos de Evasión están prohibidos.</small></div><div class=""><small><em>Cláusula de Batallas Eternas:</em> forzar batallas eternas está prohibido</small></div><div class="chat battle-history"><strong>Flamita's team:</strong> <em style="color:#445566;display:block;">Reuniclus / Hydreigon / Magneton / Primarina / Steelix / Amoonguss</em></div><div class="chat battle-history"><strong>tabla's team:</strong> <em style="color:#445566;display:block;">Celebi / Sylveon / Scizor / Manectric / Tentacruel / Krookodile</em></div><div class="chat chatmessage-tabla"><strong style="color:hsl(241,40%,63.63937069400748%)"><small>☆</small><span class="username" data-name="tabla">tabla</span>:</strong> <em>0 miedo</em></div><div class="spacer battle-history"><br></div><div class="battle-history">Battle started between Flamita and tabla!<br></div><div class="spacer battle-history"><br></div><div class="battle-history">Go! <strong>Hydreigon</strong>!<br></div><div class="spacer battle-history"><br></div><div class="battle-history">tabla sent out <strong>Manectric</strong>!<br></div><div class="spacer battle-history"><br></div><h2 class="battle-history">Turn 1</h2><div class="chat chatmessage-tabla"><strong style="color:hsl(241,40%,63.63937069400748%)"><small>☆</small><span class="username" data-name="tabla">tabla</span>:</strong> <em>A</em></div><div class="spacer battle-history"><br></div><div class="battle-history"><small>The opposing Manectric's Manectite is reacting to the Key Stone!</small><br>The opposing Manectric has Mega Evolved into Mega Manectric!<br></div><div class="battle-history"><small>[The opposing Manectric's Intimidate]</small><br></div><div class="battle-history"><small>Hydreigon's Attack fell!</small><br></div><div class="spacer battle-history"><br></div><div class="battle-history">The opposing Manectric used <strong>Volt Switch</strong>!<br></div><div class="battle-history"><small>It's not very effective...</small><br></div><div class="battle-history"><small>(Hydreigon lost <abbr title="−73/325">22.5%</abbr> of its health!)</small><br></div><div class="spacer battle-history"><br></div><div class="battle-history">The opposing Manectric went back to tabla!<br></div><div class="battle-history">tabla sent out <strong>Sylveon</strong>!<br></div><div class="spacer battle-history"><br></div><div class="battle-history">Hydreigon used <strong>Roost</strong>!<br></div><div class="battle-history"><small>Hydreigon restored its HP.</small><br></div><div class="spacer battle-history"><br></div><h2 class="battle-history">Turn 2</h2><div class="spacer battle-history"><br></div><div class="battle-history">Hydreigon, come back!<br></div><div class="battle-history">Go! <strong>Steelix</strong>!<br></div><div class="spacer battle-history"><br></div><div class="battle-history">The opposing Sylveon used <strong>Hyper Voice</strong>!<br></div><div class="battle-history"><small>It's not very effective...</small><br></div><div class="battle-history"><small>(Steelix lost <abbr title="−89/354">25.1%</abbr> of its health!)</small><br></div><div class="spacer battle-history"><br></div><h2 class="battle-history">Turn 3</h2><div class="spacer battle-history"><br></div><div class="battle-history">tabla withdrew Sylveon!<br></div><div class="battle-history">tabla sent out <strong>Scizor</strong>!<br></div><div class="spacer battle-history"><br></div><div class="battle-history"><small>Steelix's Steelixite is reacting to the Key Stone!</small><br>Steelix has Mega Evolved into Mega Steelix!<br></div><div class="spacer battle-history"><br></div><div class="battle-history">Steelix used <strong>Stealth Rock</strong>!<br></div><div class="battle-history"><small>Pointed stones float in the air around the opposing team!</small><br></div><div class="spacer battle-history"><br></div><h2 class="battle-history">Turn 4</h2><div class="spacer battle-history"><br></div><div class="battle-history">Steelix, come back!<br></div><div class="battle-history">Go! <strong>Magneton</strong>!<br></div><div class="spacer battle-history"><br></div><div class="battle-history">The opposing Scizor used <strong>U-turn</strong>!<br></div><div class="battle-history"><small>It's not very effective...</small><br></div><div class="battle-history"><small>(Magneton lost <abbr title="−69/241">28.6%</abbr> of its health!)</small><br></div><div class="spacer battle-history"><br></div><div class="battle-history">The opposing Scizor went back to tabla!<br></div><div class="battle-history">tabla sent out <strong>Krookodile</strong>!<br></div><div class="battle-history"><small>Pointed stones dug into the opposing Krookodile!</small><br></div><div class="battle-history"><small>[The opposing Krookodile's Intimidate]</small><br></div><div class="battle-history"><small>Magneton's Attack fell!</small><br></div><div class="spacer battle-history"><br></div><h2 class="battle-history">Turn 5</h2><div class="spacer battle-history"><br></div><div class="battle-history">Magneton, come back!<br></div><div class="battle-history">Go! <strong>Hydreigon</strong>!<br></div><div class="spacer battle-history"><br></div><div class="battle-history">The opposing Krookodile used <strong>Knock Off</strong>!<br></div><div class="battle-history"><small>It's not very effective...</small><br></div><div class="battle-history"><small>A critical hit!</small><br></div><div class="battle-history"><small>(Hydreigon lost <abbr title="−81/325">24.9%</abbr> of its health!)</small><br></div><div class="spacer battle-history"><br></div><h2 class="battle-history">Turn 6</h2><div class="spacer battle-history"><br></div><div class="battle-history">Hydreigon, come back!<br></div><div class="battle-history">Go! Steelix (<strong>Steelix-Mega</strong>)!<br></div><div class="spacer battle-history"><br></div><div class="battle-history">tabla withdrew Krookodile!<br></div><div class="battle-history">tabla sent out <strong>Sylveon</strong>!<br></div><div class="battle-history"><small>Pointed stones dug into the opposing Sylveon!</small><br></div><div class="spacer battle-history"><br></div><div class="battle-history"><small>The opposing Sylveon restored a little HP using its Leftovers!</small><br></div><div class="spacer battle-history"><br></div><h2 class="battle-history">Turn 7</h2><div class="spacer battle-history"><br></div><div class="battle-history">The opposing Sylveon used <strong>Protect</strong>!<br></div><div class="battle-history"><small>The opposing Sylveon protected itself!</small><br></div><div class="spacer battle-history"><br></div><div class="battle-history">Steelix used <strong>Curse</strong>!<br></div><div class="battle-history"><small>Steelix's Speed fell!</small><br></div><div class="battle-history"><small>Steelix's Attack rose!</small><br></div><div class="battle-history"><small>Steelix's Defense rose!</small><br></div><div class="spacer battle-history"><br></div><div class="battle-history"><small>The opposing Sylveon restored a little HP using its Leftovers!</small><br></div><div class="spacer battle-history"><br></div><h2 class="battle-history">Turn 8</h2><div class="spacer battle-history"><br></div><div class="battle-history">tabla withdrew Sylveon!<br></div><div class="battle-history">tabla sent out <strong>Scizor</strong>!<br></div><div class="battle-history"><small>Pointed stones dug into the opposing Scizor!</small><br></div><div class="spacer battle-history"><br></div><div class="battle-history">Steelix used <strong>Earthquake</strong>!<br></div><div class="battle-history"><small>(The opposing Scizor lost <abbr title="−262/319">82.1%</abbr> of its health!)</small><br></div><div class="spacer battle-history"><br></div><h2 class="battle-history">Turn 9</h2><div class="spacer battle-history"><br></div><div class="battle-history">The opposing Scizor used <strong>Roost</strong>!<br></div><div class="battle-history"><small>The opposing Scizor restored its HP.</small><br></div><div class="spacer battle-history"><br></div><div class="battle-history">Steelix used <strong>Gyro Ball</strong>!<br></div><div class="battle-history"><small>It's not very effective...</small><br></div><div class="battle-history"><small>(The opposing Scizor lost <abbr title="−162/319">50.8%</abbr> of its health!)</small><br></div><div class="spacer battle-history"><br></div><h2 class="battle-history">Turn 10</h2><div class="spacer battle-history"><br></div><div class="battle-history">The opposing Scizor used <strong>U-turn</strong>!<br></div><div class="battle-history"><small>It's not very effective...</small><br></div><div class="battle-history"><small>(Steelix lost <abbr title="−21/354">5.9%</abbr> of its health!)</small><br></div><div class="spacer battle-history"><br></div><div class="battle-history">The opposing Scizor went back to tabla!<br></div><div class="battle-history">tabla sent out <strong>Tentacruel</strong>!<br></div><div class="battle-history"><small>Pointed stones dug into the opposing Tentacruel!</small><br></div><div class="spacer battle-history"><br></div><div class="battle-history">Steelix used <strong>Earthquake</strong>!<br></div><div class="battle-history"><small>It's super effective!</small><br></div><div class="battle-history"><small>(The opposing Tentacruel lost <abbr title="−318/363">87.6%</abbr> of its health!)</small><br></div><div class="spacer battle-history"><br></div><div class="battle-history">The opposing Tentacruel fainted!<br></div><div class="spacer battle-history"><br></div><div class="battle-history">tabla sent out Manectric (<strong>Manectric-Mega</strong>)!<br></div><div class="battle-history"><small>Pointed stones dug into the opposing Manectric!</small><br></div><div class="battle-history"><small>[The opposing Manectric's Intimidate]</small><br></div><div class="battle-history"><small>Steelix's Attack fell!</small><br></div><div class="spacer battle-history"><br></div><h2 class="battle-history">Turn 11</h2><div class="spacer battle-history"><br></div><div class="battle-history">Steelix, come back!<br></div><div class="battle-history">Go! <strong>Hydreigon</strong>!<br></div><div class="spacer battle-history"><br></div><div class="battle-history">The opposing Manectric used <strong>Flamethrower</strong>!<br></div><div class="battle-history"><small>It's not very effective...</small><br></div><div class="battle-history"><small>(Hydreigon lost <abbr title="−62/325">19.1%</abbr> of its health!)</small><br></div><div class="spacer battle-history"><br></div><h2 class="battle-history">Turn 12</h2><div class="spacer battle-history"><br></div><div class="battle-history">The opposing Manectric used <strong>Volt Switch</strong>!<br></div><div class="battle-history"><small>It's not very effective...</small><br></div><div class="battle-history"><small>A critical hit!</small><br></div><div class="battle-history"><small>(Hydreigon lost <abbr title="−98/325">30.2%</abbr> of its health!)</small><br></div><div class="spacer battle-history"><br></div><div class="battle-history">The opposing Manectric went back to tabla!<br></div><div class="battle-history">tabla sent out <strong>Scizor</strong>!<br></div><div class="battle-history"><small>Pointed stones dug into the opposing Scizor!</small><br></div><div class="spacer battle-history"><br></div><div class="battle-history">The opposing Scizor fainted!<br></div><div class="battle-history">Hydreigon used <strong>Roost</strong>!<br></div><div class="battle-history"><small>Hydreigon restored its HP.</small><br></div><div class="spacer battle-history"><br></div><div class="battle-history">tabla sent out <strong>Sylveon</strong>!<br></div><div class="battle-history"><small>Pointed stones dug into the opposing Sylveon!</small><br></div><div class="spacer battle-history"><br></div><h2 class="battle-history">Turn 13</h2><div class="spacer battle-history"><br></div><div class="battle-history">Hydreigon, come back!<br></div><div class="battle-history">Go! <strong>Amoonguss</strong>!<br></div><div class="spacer battle-history"><br></div><div class="battle-history">The opposing Sylveon used <strong>Hyper Voice</strong>!<br></div><div class="battle-history"><small>It's not very effective...</small><br></div><div class="battle-history"><small>(Amoonguss lost <abbr title="−73/432">16.9%</abbr> of its health!)</small><br></div><div class="battle-history"><small>Amoonguss is switched out with the Eject Button!</small><br></div><div class="spacer battle-history"><br></div><div class="battle-history">Amoonguss, come back!<br></div><div class="battle-history">Go! Steelix (<strong>Steelix-Mega</strong>)!<br></div><div class="spacer battle-history"><br></div><div class="battle-history"><small>The opposing Sylveon restored a little HP using its Leftovers!</small><br></div><div class="spacer battle-history"><br></div><h2 class="battle-history">Turn 14</h2><div class="spacer battle-history"><br></div><div class="battle-history">tabla withdrew Sylveon!<br></div><div class="battle-history">tabla sent out <strong>Krookodile</strong>!<br></div><div class="battle-history"><small>Pointed stones dug into the opposing Krookodile!</small><br></div><div class="battle-history"><small>[The opposing Krookodile's Intimidate]</small><br></div><div class="battle-history"><small>Steelix's Attack fell!</small><br></div><div class="spacer battle-history"><br></div><div class="battle-history">Steelix used <strong>Earthquake</strong>!<br></div><div class="battle-history"><small>(The opposing Krookodile lost <abbr title="−160/331">48.3%</abbr> of its health!)</small><br></div><div class="spacer battle-history"><br></div><h2 class="battle-history">Turn 15</h2><div class="spacer battle-history"><br></div><div class="battle-history">The opposing Krookodile used <strong>Earthquake</strong>!<br></div><div class="battle-history"><small>It's super effective!</small><br></div><div class="battle-history"><small>(Steelix lost <abbr title="−200/354">56.5%</abbr> of its health!)</small><br></div><div class="spacer battle-history"><br></div><div class="battle-history">Steelix used <strong>Gyro Ball</strong>!<br></div><div class="battle-history"><small>(The opposing Krookodile lost <abbr title="−131/331">39.6%</abbr> of its health!)</small><br></div><div class="spacer battle-history"><br></div><div class="battle-history">The opposing Krookodile fainted!<br></div><div class="spacer battle-history"><br></div><div class="battle-history">tabla sent out Manectric (<strong>Manectric-Mega</strong>)!<br></div><div class="battle-history"><small>Pointed stones dug into the opposing Manectric!</small><br></div><div class="battle-history"><small>[The opposing Manectric's Intimidate]</small><br></div><div class="battle-history"><small>Steelix's Attack fell!</small><br></div><div class="spacer battle-history"><br></div><h2 class="battle-history">Turn 16</h2><div class="spacer battle-history"><br></div><div class="battle-history">Steelix, come back!<br></div><div class="battle-history">Go! <strong>Hydreigon</strong>!<br></div><div class="spacer battle-history"><br></div><div class="battle-history">The opposing Manectric used <strong>Flamethrower</strong>!<br></div><div class="battle-history"><small>It's not very effective...</small><br></div><div class="battle-history"><small>(Hydreigon lost <abbr title="−65/325">20%</abbr> of its health!)</small><br></div><div class="spacer battle-history"><br></div><h2 class="battle-history">Turn 17</h2><div class="spacer battle-history"><br></div><div class="battle-history">The opposing Manectric used <strong>Thunderbolt</strong>!<br></div><div class="battle-history"><small>It's not very effective...</small><br></div><div class="battle-history"><small>(Hydreigon lost <abbr title="−98/325">30.2%</abbr> of its health!)</small><br></div><div class="spacer battle-history"><br></div><div class="battle-history">Hydreigon used <strong>Roost</strong>!<br></div><div class="battle-history"><small>Hydreigon restored its HP.</small><br></div><div class="spacer battle-history"><br></div><h2 class="battle-history">Turn 18</h2><div class="spacer battle-history"><br></div><div class="battle-history">The opposing Manectric used <strong>Volt Switch</strong>!<br></div><div class="battle-history"><small>It's not very effective...</small><br></div><div class="battle-history"><small>(Hydreigon lost <abbr title="−74/325">22.8%</abbr> of its health!)</small><br></div><div class="spacer battle-history"><br></div><div class="battle-history">The opposing Manectric went back to tabla!<br></div><div class="battle-history">tabla sent out <strong>Sylveon</strong>!<br></div><div class="battle-history"><small>Pointed stones dug into the opposing Sylveon!</small><br></div><div class="spacer battle-history"><br></div><div class="battle-history">Hydreigon used <strong>Roost</strong>!<br></div><div class="battle-history"><small>Hydreigon restored its HP.</small><br></div><div class="spacer battle-history"><br></div><div class="battle-history"><small>The opposing Sylveon restored a little HP using its Leftovers!</small><br></div><div class="spacer battle-history"><br></div><h2 class="battle-history">Turn 19</h2><div class="spacer battle-history"><br></div><div class="battle-history">Hydreigon, come back!<br></div><div class="battle-history">Go! <strong>Amoonguss</strong>!<br></div><div class="spacer battle-history"><br></div><div class="battle-history">The opposing Sylveon used <strong>Hyper Voice</strong>!<br></div><div class="battle-history"><small>It's not very effective...</small><br></div><div class="battle-history"><small>(Amoonguss lost <abbr title="−69/432">16.0%</abbr> of its health!)</small><br></div><div class="spacer battle-history"><br></div><div class="battle-history"><small>The opposing Sylveon restored a little HP using its Leftovers!</small><br></div><div class="spacer battle-history"><br></div><h2 class="battle-history">Turn 20</h2><div class="spacer battle-history"><br></div><div class="battle-history">The opposing Sylveon used <strong>Wish</strong>!<br></div><div class="spacer battle-history"><br></div><div class="battle-history">Amoonguss used <strong>Spore</strong>!<br></div><div class="battle-history"><small>The opposing Sylveon fell asleep!</small><br></div><div class="spacer battle-history"><br></div><div class="battle-history"><small>The opposing Sylveon restored a little HP using its Leftovers!</small><br></div><div class="spacer battle-history"><br></div><h2 class="battle-history">Turn 21</h2><div class="spacer battle-history"><br></div><div class="battle-history">tabla withdrew Sylveon!<br></div><div class="battle-history">tabla sent out <strong>Celebi</strong>!<br></div><div class="battle-history"><small>Pointed stones dug into the opposing Celebi!</small><br></div><div class="spacer battle-history"><br></div><div class="battle-history">Amoonguss, come back!<br></div><div class="battle-history">Go! <strong>Hydreigon</strong>!<br></div><div class="spacer battle-history"><br></div><div class="battle-history"><small>Sylveon's wish came true!</small><br></div><div class="spacer battle-history"><br></div><h2 class="battle-history">Turn 22</h2><div class="spacer battle-history"><br></div><div class="battle-history">tabla withdrew Celebi!<br></div><div class="battle-history">tabla sent out <strong>Sylveon</strong>!<br></div><div class="battle-history"><small>Pointed stones dug into the opposing Sylveon!</small><br></div><div class="spacer battle-history"><br></div><div class="battle-history">Hydreigon used <strong>Dark Pulse</strong>!<br></div><div class="battle-history"><small>It's not very effective...</small><br></div><div class="battle-history"><small>(The opposing Sylveon lost <abbr title="−51/393">13.0%</abbr> of its health!)</small><br></div><div class="spacer battle-history"><br></div><div class="battle-history"><small>The opposing Sylveon restored a little HP using its Leftovers!</small><br></div><div class="spacer battle-history"><br></div><h2 class="battle-history">Turn 23</h2><div class="spacer battle-history"><br></div><div class="battle-history">Hydreigon, come back!<br></div><div class="battle-history">Go! <strong>Magneton</strong>!<br></div><div class="spacer battle-history"><br></div><div class="battle-history">The opposing Sylveon is fast asleep.<br></div><div class="spacer battle-history"><br></div><div class="battle-history"><small>The opposing Sylveon restored a little HP using its Leftovers!</small><br></div><div class="spacer battle-history"><br></div><h2 class="battle-history">Turn 24</h2><div class="spacer battle-history"><br></div><div class="battle-history">The opposing Sylveon is fast asleep.<br></div><div class="spacer battle-history"><br></div><div class="battle-history">Magneton used <strong>Flash Cannon</strong>!<br></div><div class="battle-history"><small>It's super effective!</small><br></div><div class="battle-history"><small>(The opposing Sylveon lost <abbr title="−210/393">53.4%</abbr> of its health!)</small><br></div><div class="spacer battle-history"><br></div><div class="battle-history"><small>The opposing Sylveon restored a little HP using its Leftovers!</small><br></div><div class="spacer battle-history"><br></div><h2 class="battle-history">Turn 25</h2><div class="spacer battle-history"><br></div><div class="battle-history"><small>The opposing Sylveon woke up!</small><br></div><div class="spacer battle-history"><br></div><div class="battle-history">The opposing Sylveon used <strong>Protect</strong>!<br></div><div class="battle-history"><small>The opposing Sylveon protected itself!</small><br></div><div class="spacer battle-history"><br></div><div class="battle-history">Magneton used <strong>Flash Cannon</strong>!<br></div><div class="battle-history"><small>The opposing Sylveon protected itself!</small><br></div><div class="spacer battle-history"><br></div><div class="battle-history"><small>The opposing Sylveon restored a little HP using its Leftovers!</small><br></div><div class="spacer battle-history"><br></div><h2 class="battle-history">Turn 26</h2><div class="spacer battle-history"><br></div><div class="battle-history">tabla withdrew Sylveon!<br></div><div class="battle-history">tabla sent out <strong>Celebi</strong>!<br></div><div class="battle-history"><small>Pointed stones dug into the opposing Celebi!</small><br></div><div class="spacer battle-history"><br></div><div class="battle-history">Magneton used <strong>Flash Cannon</strong>!<br></div><div class="battle-history"><small>(The opposing Celebi lost <abbr title="−126/341">37.0%</abbr> of its health!)</small><br></div><div class="spacer battle-history"><br></div><h2 class="battle-history">Turn 27</h2><div class="spacer battle-history"><br></div><div class="battle-history">Magneton used <strong>Flash Cannon</strong>!<br></div><div class="battle-history"><small>A critical hit!</small><br></div><div class="battle-history"><small>(The opposing Celebi lost <abbr title="−173/341">50.7%</abbr> of its health!)</small><br></div><div class="spacer battle-history"><br></div><div class="battle-history">The opposing Celebi fainted!<br></div><div class="spacer battle-history"><br></div><div class="battle-history">tabla sent out Manectric (<strong>Manectric-Mega</strong>)!<br></div><div class="battle-history"><small>Pointed stones dug into the opposing Manectric!</small><br></div><div class="battle-history"><small>[The opposing Manectric's Intimidate]</small><br></div><div class="battle-history"><small>Magneton's Attack fell!</small><br></div><div class="spacer battle-history"><br></div><h2 class="battle-history">Turn 28</h2><div class="spacer battle-history"><br></div><div class="battle-history">Magneton, come back!<br></div><div class="battle-history">Go! <strong>Amoonguss</strong>!<br></div><div class="spacer battle-history"><br></div><div class="battle-history">The opposing Manectric used <strong>Flamethrower</strong>!<br></div><div class="battle-history"><small>It's super effective!</small><br></div><div class="battle-history"><small>(Amoonguss lost <abbr title="−206/432">47.7%</abbr> of its health!)</small><br></div><div class="spacer battle-history"><br></div><h2 class="battle-history">Turn 29</h2><div class="spacer battle-history"><br></div><div class="battle-history">The opposing Manectric used <strong>Flamethrower</strong>!<br></div><div class="battle-history"><small>It's super effective!</small><br></div><div class="battle-history"><small>A critical hit!</small><br></div><div class="battle-history"><small>(Amoonguss lost <abbr title="−226/432">52.3%</abbr> of its health!)</small><br></div><div class="spacer battle-history"><br></div><div class="battle-history">Amoonguss fainted!<br></div><div class="spacer battle-history"><br></div><div class="battle-history">Go! <strong>Hydreigon</strong>!<br></div><div class="spacer battle-history"><br></div><h2 class="battle-history">Turn 30</h2><div class="spacer battle-history"><br></div><div class="battle-history">The opposing Manectric used <strong>Volt Switch</strong>!<br></div><div class="battle-history"><small>It's not very effective...</small><br></div><div class="battle-history"><small>(Hydreigon lost <abbr title="−64/325">19.7%</abbr> of its health!)</small><br></div><div class="spacer battle-history"><br></div><div class="battle-history">The opposing Manectric went back to tabla!<br></div><div class="battle-history">tabla sent out <strong>Sylveon</strong>!<br></div><div class="battle-history"><small>Pointed stones dug into the opposing Sylveon!</small><br></div><div class="spacer battle-history"><br></div><div class="battle-history">Hydreigon used <strong>Dark Pulse</strong>!<br></div><div class="battle-history"><small>It's not very effective...</small><br></div><div class="battle-history"><small>(The opposing Sylveon lost <abbr title="−51/393">13.0%</abbr> of its health!)</small><br></div><div class="spacer battle-history"><br></div><div class="battle-history"><small>The opposing Sylveon restored a little HP using its Leftovers!</small><br></div><div class="spacer battle-history"><br></div><h2 class="battle-history">Turn 31</h2><div class="spacer battle-history"><br></div><div class="battle-history">Hydreigon, come back!<br></div><div class="battle-history">Go! <strong>Reuniclus</strong>!<br></div><div class="spacer battle-history"><br></div><div class="battle-history">The opposing Sylveon used <strong>Wish</strong>!<br></div><div class="spacer battle-history"><br></div><div class="battle-history"><small>The opposing Sylveon restored a little HP using its Leftovers!</small><br></div><div class="spacer battle-history"><br></div><h2 class="battle-history">Turn 32</h2><div class="spacer battle-history"><br></div><div class="battle-history">The opposing Sylveon used <strong>Hyper Voice</strong>!<br></div><div class="battle-history"><small>(Reuniclus lost <abbr title="−150/424">35.4%</abbr> of its health!)</small><br></div><div class="spacer battle-history"><br></div><div class="battle-history">Reuniclus used <strong>Calm Mind</strong>!<br></div><div class="battle-history"><small>Reuniclus's Special Attack rose!</small><br></div><div class="battle-history"><small>Reuniclus's Special Defense rose!</small><br></div><div class="spacer battle-history"><br></div><div class="battle-history"><small>Sylveon's wish came true!</small><br></div><div class="battle-history"><small>The opposing Sylveon restored a little HP using its Leftovers!</small><br></div><div class="battle-history"><small>Reuniclus restored a little HP using its Leftovers!</small><br></div><div class="spacer battle-history"><br></div><h2 class="battle-history">Turn 33</h2><div class="spacer battle-history"><br></div><div class="battle-history">The opposing Sylveon used <strong>Hyper Voice</strong>!<br></div><div class="battle-history"><small>(Reuniclus lost <abbr title="−109/424">25.7%</abbr> of its health!)</small><br></div><div class="spacer battle-history"><br></div><div class="battle-history">Reuniclus used <strong>Calm Mind</strong>!<br></div><div class="battle-history"><small>Reuniclus's Special Attack rose!</small><br></div><div class="battle-history"><small>Reuniclus's Special Defense rose!</small><br></div><div class="spacer battle-history"><br></div><div class="battle-history"><small>The opposing Sylveon restored a little HP using its Leftovers!</small><br></div><div class="battle-history"><small>Reuniclus restored a little HP using its Leftovers!</small><br></div><div class="spacer battle-history"><br></div><h2 class="battle-history">Turn 34</h2><div class="spacer battle-history"><br></div><div class="battle-history">The opposing Sylveon used <strong>Hyper Voice</strong>!<br></div><div class="battle-history"><small>(Reuniclus lost <abbr title="−75/424">17.7%</abbr> of its health!)</small><br></div><div class="spacer battle-history"><br></div><div class="battle-history">Reuniclus used <strong>Recover</strong>!<br></div><div class="battle-history"><small>Reuniclus restored its HP.</small><br></div><div class="spacer battle-history"><br></div><div class="battle-history"><small>The opposing Sylveon restored a little HP using its Leftovers!</small><br></div><div class="battle-history"><small>Reuniclus restored a little HP using its Leftovers!</small><br></div><div class="spacer battle-history"><br></div><h2 class="battle-history">Turn 35</h2><div class="spacer battle-history"><br></div><div class="battle-history">The opposing Sylveon used <strong>Hyper Voice</strong>!<br></div><div class="battle-history"><small>(Reuniclus lost <abbr title="−76/424">17.9%</abbr> of its health!)</small><br></div><div class="spacer battle-history"><br></div><div class="battle-history">Reuniclus used <strong>Psyshock</strong>!<br></div><div class="battle-history"><small>(The opposing Sylveon lost <abbr title="−196/393">49.9%</abbr> of its health!)</small><br></div><div class="spacer battle-history"><br></div><div class="battle-history"><small>The opposing Sylveon restored a little HP using its Leftovers!</small><br></div><div class="battle-history"><small>Reuniclus restored a little HP using its Leftovers!</small><br></div><div class="spacer battle-history"><br></div><h2 class="battle-history">Turn 36</h2><div class="spacer battle-history"><br></div><div class="battle-history">The opposing Sylveon used <strong>Hyper Voice</strong>!<br></div><div class="battle-history"><small>(Reuniclus lost <abbr title="−84/424">19.8%</abbr> of its health!)</small><br></div><div class="spacer battle-history"><br></div><div class="battle-history">Reuniclus used <strong>Calm Mind</strong>!<br></div><div class="battle-history"><small>Reuniclus's Special Attack rose!</small><br></div><div class="battle-history"><small>Reuniclus's Special Defense rose!</small><br></div><div class="spacer battle-history"><br></div><div class="battle-history"><small>The opposing Sylveon restored a little HP using its Leftovers!</small><br></div><div class="battle-history"><small>Reuniclus restored a little HP using its Leftovers!</small><br></div><div class="spacer battle-history"><br></div><h2 class="battle-history">Turn 37</h2><div class="spacer battle-history"><br></div><div class="battle-history">The opposing Sylveon used <strong>Hyper Voice</strong>!<br></div><div class="battle-history"><small>(Reuniclus lost <abbr title="−66/424">15.6%</abbr> of its health!)</small><br></div><div class="spacer battle-history"><br></div><div class="battle-history">Reuniclus used <strong>Recover</strong>!<br></div><div class="battle-history"><small>Reuniclus restored its HP.</small><br></div><div class="spacer battle-history"><br></div><div class="battle-history"><small>The opposing Sylveon restored a little HP using its Leftovers!</small><br></div><div class="battle-history"><small>Reuniclus restored a little HP using its Leftovers!</small><br></div><div class="spacer battle-history"><br></div><h2 class="battle-history">Turn 38</h2><div class="spacer battle-history"><br></div><div class="battle-history">The opposing Sylveon used <strong>Hyper Voice</strong>!<br></div><div class="battle-history"><small>(Reuniclus lost <abbr title="−66/424">15.6%</abbr> of its health!)</small><br></div><div class="spacer battle-history"><br></div><div class="battle-history">Reuniclus used <strong>Psyshock</strong>!<br></div><div class="battle-history"><small>(The opposing Sylveon lost <abbr title="−247/393">62.8%</abbr> of its health!)</small><br></div><div class="spacer battle-history"><br></div><div class="battle-history"><small>The opposing Sylveon restored a little HP using its Leftovers!</small><br></div><div class="battle-history"><small>Reuniclus restored a little HP using its Leftovers!</small><br></div><div class="spacer battle-history"><br></div><h2 class="battle-history">Turn 39</h2><div class="spacer battle-history"><br></div><div class="battle-history">The opposing Sylveon used <strong>Hyper Voice</strong>!<br></div><div class="battle-history"><small>(Reuniclus lost <abbr title="−69/424">16.3%</abbr> of its health!)</small><br></div><div class="spacer battle-history"><br></div><div class="battle-history">Reuniclus used <strong>Psyshock</strong>!<br></div><div class="battle-history"><small>(The opposing Sylveon lost <abbr title="−45/393">11.5%</abbr> of its health!)</small><br></div><div class="spacer battle-history"><br></div><div class="battle-history">The opposing Sylveon fainted!<br></div><div class="spacer battle-history"><br></div><div class="battle-history"><small>Reuniclus restored a little HP using its Leftovers!</small><br></div><div class="spacer battle-history"><br></div><div class="battle-history">tabla sent out Manectric (<strong>Manectric-Mega</strong>)!<br></div><div class="battle-history"><small>Pointed stones dug into the opposing Manectric!</small><br></div><div class="battle-history"><small>[The opposing Manectric's Intimidate]</small><br></div><div class="battle-history"><small>Reuniclus's Attack fell!</small><br></div><div class="spacer battle-history"><br></div><h2 class="battle-history">Turn 40</h2><div class="spacer battle-history"><br></div><div class="battle-history">The opposing Manectric used <strong>Thunderbolt</strong>!<br></div><div class="battle-history"><small>(Reuniclus lost <abbr title="−73/424">17.2%</abbr> of its health!)</small><br></div><div class="spacer battle-history"><br></div><div class="battle-history">Reuniclus used <strong>Psyshock</strong>!<br></div><div class="battle-history"><small>(The opposing Manectric lost <abbr title="−141/281">50.2%</abbr> of its health!)</small><br></div><div class="spacer battle-history"><br></div><div class="battle-history">The opposing Manectric fainted!<br></div><div class="spacer battle-history"><br></div><div class="battle-history"><strong>Flamita</strong> won the battle!<br></div></div><div class="inner-preempt"></div></div></div>
</div>
<script>
let daily = Math.floor(Date.now()/1000/60/60/24);document.write('<script src="https://play.pokemonshowdown.com/js/replay-embed.js?version'+daily+'"></'+'script>');
</script>
