<!DOCTYPE html>
<meta charset="utf-8" />
<!-- version 1 -->
<title>UU replay: Parnstar vs. the rug man 23</title>
<style>
html,body {font-family:Verdana, sans-serif;font-size:10pt;margin:0;padding:0;}body{padding:12px 0;} .battle-log {font-family:Verdana, sans-serif;font-size:10pt;} .battle-log-inline {border:1px solid #AAAAAA;background:#EEF2F5;color:black;max-width:640px;margin:0 auto 80px;padding-bottom:5px;} .battle-log .inner {padding:4px 8px 0px 8px;} .battle-log .inner-preempt {padding:0 8px 4px 8px;} .battle-log .inner-after {margin-top:0.5em;} .battle-log h2 {margin:0.5em -8px;padding:4px 8px;border:1px solid #AAAAAA;background:#E0E7EA;border-left:0;border-right:0;font-family:Verdana, sans-serif;font-size:13pt;} .battle-log .chat {vertical-align:middle;padding:3px 0 3px 0;font-size:8pt;} .battle-log .chat strong {color:#40576A;} .battle-log .chat em {padding:1px 4px 1px 3px;color:#000000;font-style:normal;} .chat.mine {background:rgba(0,0,0,0.05);margin-left:-8px;margin-right:-8px;padding-left:8px;padding-right:8px;} .spoiler {color:#BBBBBB;background:#BBBBBB;padding:0px 3px;} .spoiler:hover, .spoiler:active, .spoiler-shown {color:#000000;background:#E2E2E2;padding:0px 3px;} .spoiler a {color:#BBBBBB;} .spoiler:hover a, .spoiler:active a, .spoiler-shown a {color:#2288CC;} .chat code, .chat .spoiler:hover code, .chat .spoiler:active code, .chat .spoiler-shown code {border:1px solid #C0C0C0;background:#EEEEEE;color:black;padding:0 2px;} .chat .spoiler code {border:1px solid #CCCCCC;background:#CCCCCC;color:#CCCCCC;} .battle-log .rated {padding:3px 4px;} .battle-log .rated strong {color:white;background:#89A;padding:1px 4px;border-radius:4px;} .spacer {margin-top:0.5em;} .message-announce {background:#6688AA;color:white;padding:1px 4px 2px;} .message-announce a, .broadcast-green a, .broadcast-blue a, .broadcast-red a {color:#DDEEFF;} .broadcast-green {background-color:#559955;color:white;padding:2px 4px;} .broadcast-blue {background-color:#6688AA;color:white;padding:2px 4px;} .infobox {border:1px solid #6688AA;padding:2px 4px;} .infobox-limited {max-height:200px;overflow:auto;overflow-x:hidden;} .broadcast-red {background-color:#AA5544;color:white;padding:2px 4px;} .message-learn-canlearn {font-weight:bold;color:#228822;text-decoration:underline;} .message-learn-cannotlearn {font-weight:bold;color:#CC2222;text-decoration:underline;} .message-effect-weak {font-weight:bold;color:#CC2222;} .message-effect-resist {font-weight:bold;color:#6688AA;} .message-effect-immune {font-weight:bold;color:#666666;} .message-learn-list {margin-top:0;margin-bottom:0;} .message-throttle-notice, .message-error {color:#992222;} .message-overflow, .chat small.message-overflow {font-size:0pt;} .message-overflow::before {font-size:9pt;content:'...';} .subtle {color:#3A4A66;}
</style>
<div class="wrapper replay-wrapper" style="max-width:1180px;margin:0 auto">
<input type="hidden" name="replayid" value="uu-547860847" />
<div class="battle"></div><div class="battle-log"></div><div class="replay-controls"></div><div class="replay-controls-2"></div>
<h1 style="font-weight:normal;text-align:center"><strong>UU</strong><br /><a href="http://pokemonshowdown.com/users/parnstar" class="subtle" target="_blank">Parnstar</a> vs. <a href="http://pokemonshowdown.com/users/therugman23" class="subtle" target="_blank">the rug man 23</a></h1>
<script type="text/plain" class="battle-log-data">|j|Parnstar
|j|the rug man 23
|player|p1|Parnstar|21
|player|p2|the rug man 23|169
|gametype|singles
|gen|6
|tier|UU
|rated
|seed|20036,22182,28843,19390
|rule|Sleep Clause Mod: Limit one foe put to sleep
|rule|Species Clause: Limit one of each Pokémon
|rule|OHKO Clause: OHKO moves are banned
|rule|Moody Clause: Moody is banned
|rule|Evasion Moves Clause: Evasion moves are banned
|rule|Endless Battle Clause: Forcing endless battles is banned
|rule|HP Percentage Mod: HP is shown in percentages
|clearpoke
|poke|p1|Conkeldurr, M, shiny|item
|poke|p1|Magneton, shiny|item
|poke|p1|Porygon-Z|item
|poke|p1|Whimsicott, M, shiny|item
|poke|p1|Entei, shiny|item
|poke|p1|Tentacruel, F|item
|poke|p2|Steelix, M|item
|poke|p2|Hitmontop, M|item
|poke|p2|Cresselia, F|item
|poke|p2|Arcanine, M|item
|poke|p2|Haxorus, M, shiny|item
|poke|p2|Machamp, M|item
|rule|Swagger Clause: Swagger is banned
|rule|Baton Pass Clause: Limit one Baton Passer, can't pass Spe and other stats simultaneously
|teampreview
|choice|team 5, team 2, team 3, team 4, team 1, team 6|team 5, team 2, team 3, team 4, team 1, team 6
|
|start
|switch|p1a: Ash could of caugh|Entei, shiny|371\/371
|switch|p2a: Haxorus|Haxorus, M, shiny|294\/294
|-ability|p2a: Haxorus|Mold Breaker
|-ability|p1a: Ash could of caugh|Pressure
|turn|1
|choice|move sacredfire|move dragondance
|
|move|p2a: Haxorus|Dragon Dance|p2a: Haxorus
|-boost|p2a: Haxorus|atk|1
|-boost|p2a: Haxorus|spe|1
|move|p1a: Ash could of caugh|Sacred Fire|p2a: Haxorus
|-resisted|p2a: Haxorus
|-damage|p2a: Haxorus|185\/294
|-status|p2a: Haxorus|brn
|
|-damage|p2a: Haxorus|149\/294 brn|[from] brn
|upkeep
|turn|2
|choice|move bulldoze|move earthquake
|
|move|p2a: Haxorus|Earthquake|p1a: Ash could of caugh
|-supereffective|p1a: Ash could of caugh
|-damage|p1a: Ash could of caugh|103\/371
|-damage|p2a: Haxorus|120\/294 brn|[from] item: Life Orb
|move|p1a: Ash could of caugh|Bulldoze|p2a: Haxorus
|-damage|p2a: Haxorus|43\/294 brn
|-unboost|p2a: Haxorus|spe|1
|
|-damage|p2a: Haxorus|7\/294 brn|[from] brn
|upkeep
|turn|3
|choice|move extremespeed|move dragonclaw
|
|move|p1a: Ash could of caugh|Extreme Speed|p2a: Haxorus
|-damage|p2a: Haxorus|0 fnt
|faint|p2a: Haxorus
|
|upkeep
|choice||switch 3
|
|switch|p2a: Cresselia|Cresselia, F|444\/444
|turn|4
|choice|move sacredfire|move reflect
|
|move|p1a: Ash could of caugh|Sacred Fire|p2a: Cresselia
|-damage|p2a: Cresselia|293\/444
|move|p2a: Cresselia|Reflect|p2a: Cresselia
|-sidestart|p2: the rug man 23|Reflect
|
|upkeep
|turn|5
|choice|move sacredfire|move lightscreen
|
|move|p1a: Ash could of caugh|Sacred Fire|p2a: Cresselia
|-damage|p2a: Cresselia|210\/444
|move|p2a: Cresselia|Light Screen|p2a: Cresselia
|-sidestart|p2: the rug man 23|move: Light Screen
|
|upkeep
|turn|6
|choice|move sacredfire|switch 5
|
|switch|p2a: Steelix|Steelix, M|354\/354
|move|p1a: Ash could of caugh|Sacred Fire|p2a: Steelix
|-supereffective|p2a: Steelix
|-damage|p2a: Steelix|243\/354
|
|upkeep
|turn|7
|choice|move sacredfire|move substitute mega
|
|detailschange|p2a: Steelix|Steelix-Mega, M
|-mega|p2a: Steelix|Steelix|Steelixite
|move|p1a: Ash could of caugh|Sacred Fire|p2a: Steelix
|-supereffective|p2a: Steelix
|-damage|p2a: Steelix|143\/354
|-status|p2a: Steelix|brn
|move|p2a: Steelix|Substitute|p2a: Steelix
|-start|p2a: Steelix|Substitute
|-damage|p2a: Steelix|55\/354 brn
|
|-damage|p2a: Steelix|11\/354 brn|[from] brn
|upkeep
|turn|8
|choice|move sacredfire|switch 5
|
|switch|p2a: Cresselia|Cresselia, F|210\/444
|move|p1a: Ash could of caugh|Sacred Fire|p2a: Cresselia
|-damage|p2a: Cresselia|136\/444
|-status|p2a: Cresselia|brn
|
|-damage|p2a: Cresselia|81\/444 brn|[from] brn
|upkeep
|turn|9
|-message|the rug man 23 forfeited.
|
|win|Parnstar
|player|p1
|player|p2
|l|the rug man 23
|raw|Parnstar's rating: 1316 &rarr; <strong>1321<\/strong><br \/>(+5 for winning)
|raw|the rug man 23's rating: 1011 &rarr; <strong>1007<\/strong><br \/>(-4 for losing)
|c|☆Parnstar|G
|c|☆Parnstar|g</script>
</div>
<div class="battle-log battle-log-inline"><div class="inner"><div class="battle-options"></div><div class="inner"><div class="chat"><small>Parnstar joined.</small></div><div class="chat"><small>the rug man 23 joined.</small></div><div class=""><small>Format:</small> <br><strong>UU</strong></div><div class="rated"><strong>Rated battle</strong></div><div class=""><small><em>Sleep Clause Mod:</em> Limit one foe put to sleep</small></div><div class=""><small><em>Species Clause:</em> Limit one of each Pokémon</small></div><div class=""><small><em>OHKO Clause:</em> OHKO moves are banned</small></div><div class=""><small><em>Moody Clause:</em> Moody is banned</small></div><div class=""><small><em>Evasion Moves Clause:</em> Evasion moves are banned</small></div><div class=""><small><em>Endless Battle Clause:</em> Forcing endless battles is banned</small></div><div class=""><small><em>HP Percentage Mod:</em> HP is shown in percentages</small></div><div class=""><small><em>Swagger Clause:</em> Swagger is banned</small></div><div class=""><small><em>Baton Pass Clause:</em> Limit one Baton Passer, can't pass Spe and other stats simultaneously</small></div><div class="chat battle-history"><strong>Parnstar's team:</strong> <em style="color:#445566;display:block;">Conkeldurr / Magneton / Porygon-Z / Whimsicott / Entei / Tentacruel</em></div><div class="chat battle-history"><strong>the rug man 23's team:</strong> <em style="color:#445566;display:block;">Steelix / Hitmontop / Cresselia / Arcanine / Haxorus / Machamp</em></div><div class="spacer battle-history"><br></div><div class="battle-history">Battle started between Parnstar and the rug man 23!<br></div><div class="spacer battle-history"><br></div><div class="battle-history">Go! Ash could of caugh (<strong>Entei</strong>)!<br></div><div class="spacer battle-history"><br></div><div class="battle-history">the rug man 23 sent out <strong>Haxorus</strong>!<br></div><div class="battle-history"><small>[The opposing Haxorus's Mold Breaker]</small><br><small>The opposing Haxorus breaks the mold!</small><br></div><div class="battle-history"><small>[Ash could of caugh's Pressure]</small><br><small>Ash could of caugh is exerting its pressure!</small><br></div><div class="spacer battle-history"><br></div><h2 class="battle-history">Turn 1</h2><div class="spacer battle-history"><br></div><div class="battle-history">The opposing Haxorus used <strong>Dragon Dance</strong>!<br></div><div class="battle-history"><small>The opposing Haxorus's Attack rose!</small><br></div><div class="battle-history"><small>The opposing Haxorus's Speed rose!</small><br></div><div class="spacer battle-history"><br></div><div class="battle-history">Ash could of caugh used <strong>Sacred Fire</strong>!<br></div><div class="battle-history"><small>It's not very effective...</small><br></div><div class="battle-history"><small>(The opposing Haxorus lost <abbr title="−109/294">37.1%</abbr> of its health!)</small><br></div><div class="battle-history"><small>The opposing Haxorus was burned!</small><br></div><div class="spacer battle-history"><br></div><div class="battle-history"><small>The opposing Haxorus was hurt by its burn!</small><br></div><div class="spacer battle-history"><br></div><h2 class="battle-history">Turn 2</h2><div class="spacer battle-history"><br></div><div class="battle-history">The opposing Haxorus used <strong>Earthquake</strong>!<br></div><div class="battle-history"><small>It's super effective!</small><br></div><div class="battle-history"><small>(Ash could of caugh lost <abbr title="−268/371">72.2%</abbr> of its health!)</small><br></div><div class="battle-history"><small>The opposing Haxorus lost some of its HP!</small><br></div><div class="spacer battle-history"><br></div><div class="battle-history">Ash could of caugh used <strong>Bulldoze</strong>!<br></div><div class="battle-history"><small>(The opposing Haxorus lost <abbr title="−77/294">26.2%</abbr> of its health!)</small><br></div><div class="battle-history"><small>The opposing Haxorus's Speed fell!</small><br></div><div class="spacer battle-history"><br></div><div class="battle-history"><small>The opposing Haxorus was hurt by its burn!</small><br></div><div class="spacer battle-history"><br></div><h2 class="battle-history">Turn 3</h2><div class="spacer battle-history"><br></div><div class="battle-history">Ash could of caugh used <strong>Extreme Speed</strong>!<br></div><div class="battle-history"><small>(The opposing Haxorus lost <abbr title="−7/294">2.4%</abbr> of its health!)</small><br></div><div class="spacer battle-history"><br></div><div class="battle-history">The opposing Haxorus fainted!<br></div><div class="spacer battle-history"><br></div><div class="battle-history">the rug man 23 sent out <strong>Cresselia</strong>!<br></div><div class="spacer battle-history"><br></div><h2 class="battle-history">Turn 4</h2><div class="spacer battle-history"><br></div><div class="battle-history">Ash could of caugh used <strong>Sacred Fire</strong>!<br></div><div class="battle-history"><small>(The opposing Cresselia lost <abbr title="−151/444">34.0%</abbr> of its health!)</small><br></div><div class="spacer battle-history"><br></div><div class="battle-history">The opposing Cresselia used <strong>Reflect</strong>!<br></div><div class="battle-history"><small>Reflect made the opposing team stronger against physical moves!</small><br></div><div class="spacer battle-history"><br></div><h2 class="battle-history">Turn 5</h2><div class="spacer battle-history"><br></div><div class="battle-history">Ash could of caugh used <strong>Sacred Fire</strong>!<br></div><div class="battle-history"><small>(The opposing Cresselia lost <abbr title="−83/444">18.7%</abbr> of its health!)</small><br></div><div class="spacer battle-history"><br></div><div class="battle-history">The opposing Cresselia used <strong>Light Screen</strong>!<br></div><div class="battle-history"><small>Light Screen made the opposing team stronger against special moves!</small><br></div><div class="spacer battle-history"><br></div><h2 class="battle-history">Turn 6</h2><div class="spacer battle-history"><br></div><div class="battle-history">the rug man 23 withdrew Cresselia!<br></div><div class="battle-history">the rug man 23 sent out <strong>Steelix</strong>!<br></div><div class="spacer battle-history"><br></div><div class="battle-history">Ash could of caugh used <strong>Sacred Fire</strong>!<br></div><div class="battle-history"><small>It's super effective!</small><br></div><div class="battle-history"><small>(The opposing Steelix lost <abbr title="−111/354">31.4%</abbr> of its health!)</small><br></div><div class="spacer battle-history"><br></div><h2 class="battle-history">Turn 7</h2><div class="spacer battle-history"><br></div><div class="battle-history"><small>The opposing Steelix's Steelixite is reacting to the rug man 23's Mega Bracelet!</small><br>The opposing Steelix has Mega Evolved into Mega Steelix!<br></div><div class="spacer battle-history"><br></div><div class="battle-history">Ash could of caugh used <strong>Sacred Fire</strong>!<br></div><div class="battle-history"><small>It's super effective!</small><br></div><div class="battle-history"><small>(The opposing Steelix lost <abbr title="−100/354">28.2%</abbr> of its health!)</small><br></div><div class="battle-history"><small>The opposing Steelix was burned!</small><br></div><div class="spacer battle-history"><br></div><div class="battle-history">The opposing Steelix used <strong>Substitute</strong>!<br></div><div class="battle-history"><small>The opposing Steelix put in a substitute!</small><br></div><div class="battle-history"><small>(The opposing Steelix lost <abbr title="−88/354">24.9%</abbr> of its health!)</small><br></div><div class="spacer battle-history"><br></div><div class="battle-history"><small>The opposing Steelix was hurt by its burn!</small><br></div><div class="spacer battle-history"><br></div><h2 class="battle-history">Turn 8</h2><div class="spacer battle-history"><br></div><div class="battle-history">the rug man 23 withdrew Steelix!<br></div><div class="battle-history">the rug man 23 sent out <strong>Cresselia</strong>!<br></div><div class="spacer battle-history"><br></div><div class="battle-history">Ash could of caugh used <strong>Sacred Fire</strong>!<br></div><div class="battle-history"><small>(The opposing Cresselia lost <abbr title="−74/444">16.7%</abbr> of its health!)</small><br></div><div class="battle-history"><small>The opposing Cresselia was burned!</small><br></div><div class="spacer battle-history"><br></div><div class="battle-history"><small>The opposing Cresselia was hurt by its burn!</small><br></div><div class="spacer battle-history"><br></div><h2 class="battle-history">Turn 9</h2><div class="spacer battle-history"><br></div><div class="battle-history"><small>the rug man 23 forfeited.</small><br></div><div class="spacer battle-history"><br></div><div class="battle-history"><strong>Parnstar</strong> won the battle!<br></div><div class="chat"><small>the rug man 23 left.</small></div><div class="chat">Parnstar's rating: 1316 → <strong>1321</strong><br>(+5 for winning)</div><div class="chat">the rug man 23's rating: 1011 → <strong>1007</strong><br>(-4 for losing)</div><div class="chat chatmessage-parnstar"><strong style="color:hsl(41,84%,41.163999978976825%)"><small>☆</small><span class="username" data-name="Parnstar">Parnstar</span>:</strong> <em>G</em></div><div class="chat chatmessage-parnstar"><strong style="color:hsl(41,84%,41.163999978976825%)"><small>☆</small><span class="username" data-name="Parnstar">Parnstar</span>:</strong> <em>g</em></div></div><div class="inner-preempt"></div></div></div>
</div>
<script>
let daily = Math.floor(Date.now()/1000/60/60/24);document.write('<script src="https://play.pokemonshowdown.com/js/replay-embed.js?version'+daily+'"></'+'script>');
</script>
