<!DOCTYPE html>
<meta charset="utf-8" />
<!-- version 1 -->
<title>UU replay: fskay vs. hamhamhamham</title>
<style>
html,body {font-family:Verdana, sans-serif;font-size:10pt;margin:0;padding:0;}body{padding:12px 0;} .battle-log {font-family:Verdana, sans-serif;font-size:10pt;} .battle-log-inline {border:1px solid #AAAAAA;background:#EEF2F5;color:black;max-width:640px;margin:0 auto 80px;padding-bottom:5px;} .battle-log .inner {padding:4px 8px 0px 8px;} .battle-log .inner-preempt {padding:0 8px 4px 8px;} .battle-log .inner-after {margin-top:0.5em;} .battle-log h2 {margin:0.5em -8px;padding:4px 8px;border:1px solid #AAAAAA;background:#E0E7EA;border-left:0;border-right:0;font-family:Verdana, sans-serif;font-size:13pt;} .battle-log .chat {vertical-align:middle;padding:3px 0 3px 0;font-size:8pt;} .battle-log .chat strong {color:#40576A;} .battle-log .chat em {padding:1px 4px 1px 3px;color:#000000;font-style:normal;} .chat.mine {background:rgba(0,0,0,0.05);margin-left:-8px;margin-right:-8px;padding-left:8px;padding-right:8px;} .spoiler {color:#BBBBBB;background:#BBBBBB;padding:0px 3px;} .spoiler:hover, .spoiler:active, .spoiler-shown {color:#000000;background:#E2E2E2;padding:0px 3px;} .spoiler a {color:#BBBBBB;} .spoiler:hover a, .spoiler:active a, .spoiler-shown a {color:#2288CC;} .chat code, .chat .spoiler:hover code, .chat .spoiler:active code, .chat .spoiler-shown code {border:1px solid #C0C0C0;background:#EEEEEE;color:black;padding:0 2px;} .chat .spoiler code {border:1px solid #CCCCCC;background:#CCCCCC;color:#CCCCCC;} .battle-log .rated {padding:3px 4px;} .battle-log .rated strong {color:white;background:#89A;padding:1px 4px;border-radius:4px;} .spacer {margin-top:0.5em;} .message-announce {background:#6688AA;color:white;padding:1px 4px 2px;} .message-announce a, .broadcast-green a, .broadcast-blue a, .broadcast-red a {color:#DDEEFF;} .broadcast-green {background-color:#559955;color:white;padding:2px 4px;} .broadcast-blue {background-color:#6688AA;color:white;padding:2px 4px;} .infobox {border:1px solid #6688AA;padding:2px 4px;} .infobox-limited {max-height:200px;overflow:auto;overflow-x:hidden;} .broadcast-red {background-color:#AA5544;color:white;padding:2px 4px;} .message-learn-canlearn {font-weight:bold;color:#228822;text-decoration:underline;} .message-learn-cannotlearn {font-weight:bold;color:#CC2222;text-decoration:underline;} .message-effect-weak {font-weight:bold;color:#CC2222;} .message-effect-resist {font-weight:bold;color:#6688AA;} .message-effect-immune {font-weight:bold;color:#666666;} .message-learn-list {margin-top:0;margin-bottom:0;} .message-throttle-notice, .message-error {color:#992222;} .message-overflow, .chat small.message-overflow {font-size:0pt;} .message-overflow::before {font-size:9pt;content:'...';} .subtle {color:#3A4A66;}
</style>
<div class="wrapper replay-wrapper" style="max-width:1180px;margin:0 auto">
<input type="hidden" name="replayid" value="smogtours-uu-284999" />
<div class="battle"></div><div class="battle-log"></div><div class="replay-controls"></div><div class="replay-controls-2"></div>
<h1 style="font-weight:normal;text-align:center"><strong>UU</strong><br /><a href="http://pokemonshowdown.com/users/fskay" class="subtle" target="_blank">fskay</a> vs. <a href="http://pokemonshowdown.com/users/hamhamhamham" class="subtle" target="_blank">hamhamhamham</a></h1>
<script type="text/plain" class="battle-log-data">|inactive|Battle timer is ON: inactive players will automatically lose when time's up.
|J|fskay
|J|hamhamhamham
|player|p1|fskay|43
|player|p2|hamhamhamham|63
|gametype|singles
|gen|6
|tier|UU
|seed|7362,38510,45215,54744
|rule|Sleep Clause Mod: Limit one foe put to sleep
|rule|Species Clause: Limit one of each Pokémon
|rule|OHKO Clause: OHKO moves are banned
|rule|Moody Clause: Moody is banned
|rule|Evasion Moves Clause: Evasion moves are banned
|rule|Endless Battle Clause: Forcing endless battles is banned
|rule|HP Percentage Mod: HP is shown in percentages
|clearpoke
|poke|p1|Tornadus, M|item
|poke|p1|Conkeldurr, F|item
|poke|p1|Swampert, M|item
|poke|p1|Metagross|item
|poke|p1|Hydreigon, F|item
|poke|p1|Nidoking, M|item
|poke|p2|Tornadus, M|item
|poke|p2|Entei, shiny|item
|poke|p2|Sceptile, M|item
|poke|p2|Sylveon, F|item
|poke|p2|Forretress, M|item
|poke|p2|Swampert, M|item
|rule|Swagger Clause: Swagger is banned
|rule|Baton Pass Clause: Limit one Baton Passer, can't pass Spe and other stats simultaneously
|teampreview
|J|Pearl ❤
|J|ChainsmokersVEVO
|J|Lcans\\\
|J|Shadestep
|J|Baxstenias
|J|Osha Wott? Fan
|L|Baxstenias
|J|Empo
|L|Empo
|J|rozes
|c|☆hamhamhamham|hf
|J|YABO
|L|Osha Wott? Fan
|J|kamisama_no49
|L|kamisama_no49
|J|Feliburn
|J|Amaroq
|J|ict ️
|J|Kushalos
|J|LazerGoesPew
|J|menci
|choice|team 5, team 2, team 3, team 4, team 1, team 6|team 3, team 2, team 1, team 4, team 5, team 6
|
|start
|switch|p1a: Hydreigon|Hydreigon, F|325\/325
|switch|p2a: Sceptile|Sceptile, M|281\/281
|turn|1
|c|☆fskay|u2
|J|Sacri !!_!!
|choice|move uturn|move protect mega
|
|detailschange|p2a: Sceptile|Sceptile-Mega, M
|-mega|p2a: Sceptile|Sceptile|Sceptilite
|move|p2a: Sceptile|Protect|p2a: Sceptile
|-singleturn|p2a: Sceptile|Protect
|move|p1a: Hydreigon|U-turn|p2a: Sceptile
|-activate|p2a: Sceptile|move: Protect
|
|upkeep
|turn|2
|L|Sacri !!_!!
|J|Aquadext
|J|Sacri !!_!!
|choice|move uturn|move hiddenpower
|
|move|p1a: Hydreigon|U-turn|p2a: Sceptile
|-supereffective|p2a: Sceptile
|-damage|p2a: Sceptile|155\/281
|choice|switch 4|
|
|switch|p1a: Metagross|Metagross|361\/361
|move|p2a: Sceptile|Hidden Power|p1a: Metagross
|-supereffective|p1a: Metagross
|-damage|p1a: Metagross|219\/361
|
|-heal|p1a: Metagross|241\/361|[from] item: Leftovers
|upkeep
|turn|3
|L|Aquadext
|choice|move stealthrock|switch 5
|
|switch|p2a: Forretress|Forretress, M|353\/353
|move|p1a: Metagross|Stealth Rock|p2a: Forretress
|-sidestart|p2: hamhamhamham|move: Stealth Rock
|
|-heal|p1a: Metagross|263\/361|[from] item: Leftovers
|upkeep
|turn|4
|choice|move hiddenpower|move rapidspin
|
|move|p1a: Metagross|Hidden Power|p2a: Forretress
|-supereffective|p2a: Forretress
|-damage|p2a: Forretress|85\/353
|move|p2a: Forretress|Rapid Spin|p1a: Metagross
|-resisted|p1a: Metagross
|-damage|p1a: Metagross|257\/361
|-sideend|p2: hamhamhamham|Stealth Rock|[from] move: Rapid Spin|[of] p2a: Forretress
|
|-heal|p1a: Metagross|279\/361|[from] item: Leftovers
|-heal|p2a: Forretress|107\/353|[from] item: Leftovers
|upkeep
|turn|5
|choice|move stealthrock|switch 6
|
|switch|p2a: Swampert|Swampert, M|403\/403
|move|p1a: Metagross|Stealth Rock|p2a: Swampert
|-sidestart|p2: hamhamhamham|move: Stealth Rock
|
|-heal|p1a: Metagross|301\/361|[from] item: Leftovers
|upkeep
|turn|6
|choice|switch 5|move stealthrock
|
|switch|p1a: Tornadus|Tornadus, M|359\/359
|move|p2a: Swampert|Stealth Rock|p1a: Tornadus
|-sidestart|p1: fskay|move: Stealth Rock
|
|upkeep
|turn|7
|J|little sebastian
|J|kamisama_no49
|choice|move bulkup|switch 4
|
|switch|p2a: Sylveon|Sylveon, F|393\/393
|-damage|p2a: Sylveon|344\/393|[from] Stealth Rock
|move|p1a: Tornadus|Bulk Up|p1a: Tornadus
|-boost|p1a: Tornadus|atk|1
|-boost|p1a: Tornadus|def|1
|
|-heal|p2a: Sylveon|368\/393|[from] item: Leftovers
|upkeep
|turn|8
|J|Megazard
|L|Shadestep
|choice|move bulkup|move hypervoice
|
|move|p1a: Tornadus|Bulk Up|p1a: Tornadus
|-boost|p1a: Tornadus|atk|1
|-boost|p1a: Tornadus|def|1
|move|p2a: Sylveon|Hyper Voice|p1a: Tornadus
|-damage|p1a: Tornadus|178\/359
|
|-heal|p2a: Sylveon|392\/393|[from] item: Leftovers
|upkeep
|turn|9
|J|meat
|choice|move rest|switch 4
|
|switch|p2a: Swampert|Swampert, M|403\/403
|-damage|p2a: Swampert|378\/403|[from] Stealth Rock
|move|p1a: Tornadus|Rest|p1a: Tornadus
|-status|p1a: Tornadus|slp
|-heal|p1a: Tornadus|359\/359 slp|[silent]
|-status|p1a: Tornadus|slp|[from] move: Rest
|-enditem|p1a: Tornadus|Chesto Berry|[eat]
|-curestatus|p1a: Tornadus|slp|[msg]
|
|-heal|p2a: Swampert|403\/403|[from] item: Leftovers
|upkeep
|turn|10
|choice|move acrobatics|move roar
|
|move|p1a: Tornadus|Acrobatics|p2a: Swampert
|-damage|p2a: Swampert|196\/403
|move|p2a: Swampert|Roar|p1a: Tornadus
|drag|p1a: Swampert|Swampert, M|404\/404
|-damage|p1a: Swampert|379\/404|[from] Stealth Rock
|
|-heal|p2a: Swampert|221\/403|[from] item: Leftovers
|upkeep
|turn|11
|J|PokemonMasterTJ
|choice|switch 2|move scald
|
|switch|p1a: Conkeldurr|Conkeldurr, F|411\/411
|-damage|p1a: Conkeldurr|386\/411|[from] Stealth Rock
|move|p2a: Swampert|Scald|p1a: Conkeldurr
|-damage|p1a: Conkeldurr|307\/411
|-status|p1a: Conkeldurr|brn
|
|-heal|p2a: Swampert|246\/403|[from] item: Leftovers
|-heal|p1a: Conkeldurr|332\/411 brn|[from] item: Leftovers
|-damage|p1a: Conkeldurr|281\/411 brn|[from] brn
|upkeep
|turn|12
|choice|move knockoff|switch 4
|
|switch|p2a: Sylveon|Sylveon, F|392\/393
|-damage|p2a: Sylveon|343\/393|[from] Stealth Rock
|move|p1a: Conkeldurr|Knock Off|p2a: Sylveon
|-resisted|p2a: Sylveon
|-crit|p2a: Sylveon
|-damage|p2a: Sylveon|195\/393
|-enditem|p2a: Sylveon|Leftovers|[from] move: Knock Off|[of] p1a: Conkeldurr
|
|-heal|p1a: Conkeldurr|306\/411 brn|[from] item: Leftovers
|-damage|p1a: Conkeldurr|255\/411 brn|[from] brn
|upkeep
|turn|13
|choice|switch 6|move wish
|
|switch|p1a: Nidoking|Nidoking, M|303\/303
|-damage|p1a: Nidoking|285\/303|[from] Stealth Rock
|move|p2a: Sylveon|Wish|p2a: Sylveon
|
|upkeep
|turn|14
|choice|move earthpower|move protect
|
|move|p2a: Sylveon|Protect|p2a: Sylveon
|-singleturn|p2a: Sylveon|Protect
|move|p1a: Nidoking|Earth Power|p2a: Sylveon
|-activate|p2a: Sylveon|move: Protect
|
|-heal|p2a: Sylveon|391\/393|[from] move: Wish|[wisher] Sylveon
|upkeep
|turn|15
|choice|move icebeam|switch 6
|
|switch|p2a: Forretress|Forretress, M|107\/353
|-damage|p2a: Forretress|63\/353|[from] Stealth Rock
|move|p1a: Nidoking|Ice Beam|p2a: Forretress
|-resisted|p2a: Forretress
|-damage|p2a: Forretress|0 fnt
|faint|p2a: Forretress
|
|upkeep
|choice||switch 2
|
|switch|p2a: Entei|Entei, shiny|371\/371
|-damage|p2a: Entei|279\/371|[from] Stealth Rock
|-ability|p2a: Entei|Pressure
|turn|16
|choice|switch 2|move sacredfire
|
|switch|p1a: Swampert|Swampert, M|379\/404
|-damage|p1a: Swampert|354\/404|[from] Stealth Rock
|move|p2a: Entei|Sacred Fire|p1a: Swampert
|-resisted|p1a: Swampert
|-crit|p1a: Swampert
|-damage|p1a: Swampert|203\/404
|
|upkeep
|turn|17
|choice|move roar mega|switch 4
|
|switch|p2a: Swampert|Swampert, M|246\/403
|-damage|p2a: Swampert|221\/403|[from] Stealth Rock
|detailschange|p1a: Swampert|Swampert-Mega, M
|-mega|p1a: Swampert|Swampert|Swampertite
|move|p1a: Swampert|Roar|p2a: Swampert
|drag|p2a: Sceptile|Sceptile-Mega, M|155\/281
|-damage|p2a: Sceptile|120\/281|[from] Stealth Rock
|
|upkeep
|turn|18
|choice|switch 5|move energyball
|
|switch|p1a: Metagross|Metagross|301\/361
|-damage|p1a: Metagross|279\/361|[from] Stealth Rock
|move|p2a: Sceptile|Energy Ball|p1a: Metagross
|-resisted|p1a: Metagross
|-damage|p1a: Metagross|204\/361
|
|-heal|p1a: Metagross|226\/361|[from] item: Leftovers
|upkeep
|turn|19
|choice|move toxic|switch 5
|
|switch|p2a: Swampert|Swampert, M|221\/403
|-damage|p2a: Swampert|196\/403|[from] Stealth Rock
|move|p1a: Metagross|Toxic|p2a: Swampert
|-status|p2a: Swampert|tox
|
|-heal|p1a: Metagross|248\/361|[from] item: Leftovers
|-heal|p2a: Swampert|221\/403 tox|[from] item: Leftovers
|-damage|p2a: Swampert|196\/403 tox|[from] psn
|upkeep
|turn|20
|J|Mazary ♔
|c|+Mazary ♔|wie läufts
|c|+Mazary ♔|:o
|L|kamisama_no49
|c|+Mazary ♔|cash squad
|J|Koolhydraten
|choice|switch 6|move scald
|
|switch|p1a: Conkeldurr|Conkeldurr, F|255\/411 brn
|-damage|p1a: Conkeldurr|230\/411 brn|[from] Stealth Rock
|move|p2a: Swampert|Scald|p1a: Conkeldurr
|-damage|p1a: Conkeldurr|143\/411 brn
|
|-heal|p2a: Swampert|221\/403 tox|[from] item: Leftovers
|-heal|p1a: Conkeldurr|168\/411 brn|[from] item: Leftovers
|-damage|p2a: Swampert|171\/403 tox|[from] psn
|-damage|p1a: Conkeldurr|117\/411 brn|[from] brn
|upkeep
|turn|21
|choice|move machpunch|move earthquake
|
|move|p1a: Conkeldurr|Mach Punch|p2a: Swampert
|-damage|p2a: Swampert|84\/403 tox
|move|p2a: Swampert|Earthquake|p1a: Conkeldurr
|-crit|p1a: Conkeldurr
|-damage|p1a: Conkeldurr|0 fnt
|faint|p1a: Conkeldurr
|
|-heal|p2a: Swampert|109\/403 tox|[from] item: Leftovers
|-damage|p2a: Swampert|34\/403 tox|[from] psn
|upkeep
|choice|switch 2|
|
|switch|p1a: Nidoking|Nidoking, M|285\/303
|-damage|p1a: Nidoking|267\/303|[from] Stealth Rock
|turn|22
|choice|move sludgewave|move scald
|
|move|p1a: Nidoking|Sludge Wave|p2a: Swampert
|-resisted|p2a: Swampert
|-crit|p2a: Swampert
|-damage|p2a: Swampert|0 fnt
|faint|p2a: Swampert
|
|upkeep
|choice||switch 4
|
|switch|p2a: Entei|Entei, shiny|279\/371
|-damage|p2a: Entei|187\/371|[from] Stealth Rock
|-ability|p2a: Entei|Pressure
|turn|23
|L|LazerGoesPew
|choice|switch 5|move sacredfire
|
|switch|p1a: Swampert|Swampert-Mega, M|203\/404
|-damage|p1a: Swampert|178\/404|[from] Stealth Rock
|move|p2a: Entei|Sacred Fire|p1a: Swampert
|-resisted|p1a: Swampert
|-damage|p1a: Swampert|92\/404
|
|upkeep
|turn|24
|J|lax
|choice|move earthquake|move sacredfire
|
|move|p2a: Entei|Sacred Fire|p1a: Swampert
|-resisted|p1a: Swampert
|-damage|p1a: Swampert|0 fnt
|faint|p1a: Swampert
|
|upkeep
|L|Mazary ♔
|J|LazerGoesPew
|J|Mazary ♔
|L|Mazary ♔
|L|little sebastian
|J|Mazary ♔
|J|little sebastian
|L|YABO
|choice|switch 4|
|
|switch|p1a: Hydreigon|Hydreigon, F|325\/325
|-damage|p1a: Hydreigon|285\/325|[from] Stealth Rock
|turn|25
|L|Mazary ♔
|J|Osha Wott? Fan
|choice|move dracometeor|switch 6
|
|switch|p2a: Sylveon|Sylveon, F|391\/393
|-damage|p2a: Sylveon|342\/393|[from] Stealth Rock
|move|p1a: Hydreigon|Draco Meteor|p2a: Sylveon
|-immune|p2a: Sylveon|[msg]
|
|upkeep
|turn|26
|J|Mazary ♔
|choice|move dracometeor|switch 5
|
|switch|p2a: Sceptile|Sceptile-Mega, M|120\/281
|-damage|p2a: Sceptile|85\/281|[from] Stealth Rock
|move|p1a: Hydreigon|Draco Meteor|p2a: Sceptile
|-supereffective|p2a: Sceptile
|-damage|p2a: Sceptile|0 fnt
|-unboost|p1a: Hydreigon|spa|2
|faint|p2a: Sceptile
|
|upkeep
|choice||switch 3
|
|switch|p2a: Tornadus|Tornadus, M|353\/353
|-damage|p2a: Tornadus|265\/353|[from] Stealth Rock
|turn|27
|J|Sand Castleツ
|J|Century Express
|choice|switch 6|move bulkup
|
|switch|p1a: Metagross|Metagross|248\/361
|-damage|p1a: Metagross|226\/361|[from] Stealth Rock
|move|p2a: Tornadus|Bulk Up|p2a: Tornadus
|-boost|p2a: Tornadus|atk|1
|-boost|p2a: Tornadus|def|1
|
|-heal|p1a: Metagross|248\/361|[from] item: Leftovers
|upkeep
|turn|28
|L|Sacri !!_!!
|choice|move toxic|move bulkup
|
|move|p2a: Tornadus|Bulk Up|p2a: Tornadus
|-boost|p2a: Tornadus|atk|1
|-boost|p2a: Tornadus|def|1
|move|p1a: Metagross|Toxic|p2a: Tornadus
|-status|p2a: Tornadus|tox
|
|-heal|p1a: Metagross|270\/361|[from] item: Leftovers
|-damage|p2a: Tornadus|243\/353 tox|[from] psn
|upkeep
|turn|29
|J|lighthouses
|J|SamT10
|L|SamT10
|choice|switch 3|move rest
|
|switch|p1a: Tornadus|Tornadus, M|359\/359
|-damage|p1a: Tornadus|270\/359|[from] Stealth Rock
|move|p2a: Tornadus|Rest|p2a: Tornadus
|-status|p2a: Tornadus|slp
|-heal|p2a: Tornadus|353\/353 slp|[silent]
|-status|p2a: Tornadus|slp|[from] move: Rest
|-enditem|p2a: Tornadus|Chesto Berry|[eat]
|-curestatus|p2a: Tornadus|slp|[msg]
|
|upkeep
|turn|30
|J|Brawl~MK
|choice|move acrobatics|move acrobatics
|
|move|p1a: Tornadus|Acrobatics|p2a: Tornadus
|-damage|p2a: Tornadus|263\/353
|move|p2a: Tornadus|Acrobatics|p1a: Tornadus
|-damage|p1a: Tornadus|0 fnt
|faint|p1a: Tornadus
|
|upkeep
|choice|switch 6|
|
|switch|p1a: Hydreigon|Hydreigon, F|285\/325
|-damage|p1a: Hydreigon|245\/325|[from] Stealth Rock
|turn|31
|J|high & ways
|choice|move dracometeor|move acrobatics
|
|move|p1a: Hydreigon|Draco Meteor|p2a: Tornadus
|-damage|p2a: Tornadus|25\/353
|-unboost|p1a: Hydreigon|spa|2
|move|p2a: Tornadus|Acrobatics|p1a: Hydreigon
|-damage|p1a: Hydreigon|0 fnt
|faint|p1a: Hydreigon
|
|upkeep
|choice|switch 3|
|
|switch|p1a: Metagross|Metagross|270\/361
|-damage|p1a: Metagross|248\/361|[from] Stealth Rock
|turn|32
|choice|move meteormash|move rest
|
|move|p2a: Tornadus|Rest|p2a: Tornadus
|-status|p2a: Tornadus|slp
|-heal|p2a: Tornadus|353\/353 slp|[silent]
|-status|p2a: Tornadus|slp|[from] move: Rest
|move|p1a: Metagross|Meteor Mash|p2a: Tornadus
|-damage|p2a: Tornadus|268\/353 slp
|
|-heal|p1a: Metagross|270\/361|[from] item: Leftovers
|upkeep
|turn|33
|choice|move meteormash|move sleeptalk
|
|cant|p2a: Tornadus|slp
|move|p2a: Tornadus|Sleep Talk|p2a: Tornadus
|move|p2a: Tornadus|Rest|p2a: Tornadus|[from]Sleep Talk
|-fail|p2a: Tornadus
|move|p1a: Metagross|Meteor Mash|p2a: Tornadus
|-damage|p2a: Tornadus|172\/353 slp
|
|-heal|p1a: Metagross|292\/361|[from] item: Leftovers
|upkeep
|turn|34
|choice|move meteormash|move sleeptalk
|
|cant|p2a: Tornadus|slp
|move|p2a: Tornadus|Sleep Talk|p2a: Tornadus
|move|p2a: Tornadus|Rest|p2a: Tornadus|[from]Sleep Talk
|-fail|p2a: Tornadus
|move|p1a: Metagross|Meteor Mash|p2a: Tornadus
|-damage|p2a: Tornadus|81\/353 slp
|
|-heal|p1a: Metagross|314\/361|[from] item: Leftovers
|upkeep
|turn|35
|choice|move meteormash|move rest
|
|-curestatus|p2a: Tornadus|slp|[msg]
|move|p2a: Tornadus|Rest|p2a: Tornadus
|-status|p2a: Tornadus|slp
|-heal|p2a: Tornadus|353\/353 slp|[silent]
|-status|p2a: Tornadus|slp|[from] move: Rest
|move|p1a: Metagross|Meteor Mash|p2a: Tornadus
|-crit|p2a: Tornadus
|-damage|p2a: Tornadus|74\/353 slp
|
|-heal|p1a: Metagross|336\/361|[from] item: Leftovers
|upkeep
|turn|36
|choice|move meteormash|move sleeptalk
|
|cant|p2a: Tornadus|slp
|move|p2a: Tornadus|Sleep Talk|p2a: Tornadus
|move|p2a: Tornadus|Rest|p2a: Tornadus|[from]Sleep Talk
|-fail|p2a: Tornadus
|move|p1a: Metagross|Meteor Mash|p2a: Tornadus
|-damage|p2a: Tornadus|0 fnt
|faint|p2a: Tornadus
|
|-heal|p1a: Metagross|358\/361|[from] item: Leftovers
|upkeep
|choice||switch 6
|
|switch|p2a: Entei|Entei, shiny|187\/371
|-damage|p2a: Entei|95\/371|[from] Stealth Rock
|-ability|p2a: Entei|Pressure
|turn|37
|c|+ict ️|DODGE.
|c|+Kushalos|doge
|choice|move meteormash|move sacredfire
|
|move|p2a: Entei|Sacred Fire|p1a: Metagross
|-supereffective|p1a: Metagross
|-damage|p1a: Metagross|0 fnt
|faint|p1a: Metagross
|
|upkeep
|choice|switch 5|
|
|switch|p1a: Nidoking|Nidoking, M|267\/303
|-damage|p1a: Nidoking|249\/303|[from] Stealth Rock
|turn|38
|c|+ict ️|Sub rn
|choice|move sludgewave|move sacredfire
|
|move|p2a: Entei|Sacred Fire|p1a: Nidoking
|-damage|p1a: Nidoking|0 fnt
|faint|p1a: Nidoking
|
|win|hamhamhamham
|c|+ict ️|wut
|c|+Kushalos|he didnt
|c|+ict ️|u risked that?
|c|+Kushalos|switch out
|c|+ict ️|lol
|c|+Kushalos|LOL
|L|Lcans\\\
|c|☆fskay|gg
|L|PokemonMasterTJ
|c|☆hamhamhamham|gg
|c|+ict ️|why tho
|L|menci
|L|Megazard
|L|LazerGoesPew
|L|Amaroq
|J|Pak
|c|☆hamhamhamham|i dont have blitz unfort
|c|+ict ️|Ah
|L|Mazary ♔
|c|+ict ️|alright
|L|high & ways
|L|Pak
|L|Koolhydraten
|J|Mazary ♔
|L|Mazary ♔
|L|little sebastian
|L|fskay
|c|%Pearl ❤|ENTEI
|c|%Pearl ❤|SO FUCKING BALANCED
|c|%Pearl ❤|HNGGGGGG
|L|rozes</script>
</div>
<div class="battle-log battle-log-inline"><div class="inner"><div class="battle-options"></div><div class="inner"><div class="chat message-error">Battle timer is ON: inactive players will automatically lose when time's up.</div><div class=""><small>Format:</small> <br><strong>UU</strong></div><div class=""><small><em>Sleep Clause Mod:</em> Limit one foe put to sleep</small></div><div class=""><small><em>Species Clause:</em> Limit one of each Pokémon</small></div><div class=""><small><em>OHKO Clause:</em> OHKO moves are banned</small></div><div class=""><small><em>Moody Clause:</em> Moody is banned</small></div><div class=""><small><em>Evasion Moves Clause:</em> Evasion moves are banned</small></div><div class=""><small><em>Endless Battle Clause:</em> Forcing endless battles is banned</small></div><div class=""><small><em>HP Percentage Mod:</em> HP is shown in percentages</small></div><div class=""><small><em>Swagger Clause:</em> Swagger is banned</small></div><div class=""><small><em>Baton Pass Clause:</em> Limit one Baton Passer, can't pass Spe and other stats simultaneously</small></div><div class="chat battle-history"><strong>fskay's team:</strong> <em style="color:#445566;display:block;">Tornadus / Conkeldurr / Swampert / Metagross / Hydreigon / Nidoking</em></div><div class="chat battle-history"><strong>hamhamhamham's team:</strong> <em style="color:#445566;display:block;">Tornadus / Entei / Sceptile / Sylveon / Forretress / Swampert</em></div><div class="chat chatmessage-hamhamhamham"><strong style="color:hsl(320,86%,43%)"><small>☆</small><span class="username" data-name="hamhamhamham">hamhamhamham</span>:</strong> <em>hf</em></div><div class="spacer battle-history"><br></div><div class="battle-history">Battle started between fskay and hamhamhamham!<br></div><div class="spacer battle-history"><br></div><div class="battle-history">Go! <strong>Hydreigon</strong>!<br></div><div class="spacer battle-history"><br></div><div class="battle-history">hamhamhamham sent out <strong>Sceptile</strong>!<br></div><div class="spacer battle-history"><br></div><h2 class="battle-history">Turn 1</h2><div class="chat chatmessage-fskay"><strong style="color:hsl(17,42%,49%)"><small>☆</small><span class="username" data-name="fskay">fskay</span>:</strong> <em>u2</em></div><div class="spacer battle-history"><br></div><div class="battle-history"><small>The opposing Sceptile's Sceptilite is reacting to hamhamhamham's Mega Bracelet!</small><br>The opposing Sceptile has Mega Evolved into Mega Sceptile!<br></div><div class="spacer battle-history"><br></div><div class="battle-history">The opposing Sceptile used <strong>Protect</strong>!<br></div><div class="battle-history"><small>The opposing Sceptile protected itself!</small><br></div><div class="spacer battle-history"><br></div><div class="battle-history">Hydreigon used <strong>U-turn</strong>!<br></div><div class="battle-history"><small>The opposing Sceptile protected itself!</small><br></div><div class="spacer battle-history"><br></div><h2 class="battle-history">Turn 2</h2><div class="spacer battle-history"><br></div><div class="battle-history">Hydreigon used <strong>U-turn</strong>!<br></div><div class="battle-history"><small>It's super effective!</small><br></div><div class="battle-history"><small>(The opposing Sceptile lost <abbr title="−126/281">44.8%</abbr> of its health!)</small><br></div><div class="spacer battle-history"><br></div><div class="battle-history">Hydreigon went back to fskay!<br></div><div class="battle-history">Go! <strong>Metagross</strong>!<br></div><div class="spacer battle-history"><br></div><div class="battle-history">The opposing Sceptile used <strong>Hidden Power</strong>!<br></div><div class="battle-history"><small>It's super effective!</small><br></div><div class="battle-history"><small>(Metagross lost <abbr title="−142/361">39.3%</abbr> of its health!)</small><br></div><div class="spacer battle-history"><br></div><div class="battle-history"><small>Metagross restored a little HP using its Leftovers!</small><br></div><div class="spacer battle-history"><br></div><h2 class="battle-history">Turn 3</h2><div class="spacer battle-history"><br></div><div class="battle-history">hamhamhamham withdrew Sceptile!<br></div><div class="battle-history">hamhamhamham sent out <strong>Forretress</strong>!<br></div><div class="spacer battle-history"><br></div><div class="battle-history">Metagross used <strong>Stealth Rock</strong>!<br></div><div class="battle-history"><small>Pointed stones float in the air around the opposing team!</small><br></div><div class="spacer battle-history"><br></div><div class="battle-history"><small>Metagross restored a little HP using its Leftovers!</small><br></div><div class="spacer battle-history"><br></div><h2 class="battle-history">Turn 4</h2><div class="spacer battle-history"><br></div><div class="battle-history">Metagross used <strong>Hidden Power</strong>!<br></div><div class="battle-history"><small>It's super effective!</small><br></div><div class="battle-history"><small>(The opposing Forretress lost <abbr title="−268/353">75.9%</abbr> of its health!)</small><br></div><div class="spacer battle-history"><br></div><div class="battle-history">The opposing Forretress used <strong>Rapid Spin</strong>!<br></div><div class="battle-history"><small>It's not very effective...</small><br></div><div class="battle-history"><small>(Metagross lost <abbr title="−6/361">1.7%</abbr> of its health!)</small><br></div><div class="battle-history"><small>The pointed stones disappeared from around the opposing team!</small><br></div><div class="spacer battle-history"><br></div><div class="battle-history"><small>Metagross restored a little HP using its Leftovers!</small><br></div><div class="battle-history"><small>The opposing Forretress restored a little HP using its Leftovers!</small><br></div><div class="spacer battle-history"><br></div><h2 class="battle-history">Turn 5</h2><div class="spacer battle-history"><br></div><div class="battle-history">hamhamhamham withdrew Forretress!<br></div><div class="battle-history">hamhamhamham sent out <strong>Swampert</strong>!<br></div><div class="spacer battle-history"><br></div><div class="battle-history">Metagross used <strong>Stealth Rock</strong>!<br></div><div class="battle-history"><small>Pointed stones float in the air around the opposing team!</small><br></div><div class="spacer battle-history"><br></div><div class="battle-history"><small>Metagross restored a little HP using its Leftovers!</small><br></div><div class="spacer battle-history"><br></div><h2 class="battle-history">Turn 6</h2><div class="spacer battle-history"><br></div><div class="battle-history">Metagross, come back!<br></div><div class="battle-history">Go! <strong>Tornadus</strong>!<br></div><div class="spacer battle-history"><br></div><div class="battle-history">The opposing Swampert used <strong>Stealth Rock</strong>!<br></div><div class="battle-history"><small>Pointed stones float in the air around your team!</small><br></div><div class="spacer battle-history"><br></div><h2 class="battle-history">Turn 7</h2><div class="spacer battle-history"><br></div><div class="battle-history">hamhamhamham withdrew Swampert!<br></div><div class="battle-history">hamhamhamham sent out <strong>Sylveon</strong>!<br></div><div class="battle-history"><small>Pointed stones dug into the opposing Sylveon!</small><br></div><div class="spacer battle-history"><br></div><div class="battle-history">Tornadus used <strong>Bulk Up</strong>!<br></div><div class="battle-history"><small>Tornadus's Attack rose!</small><br></div><div class="battle-history"><small>Tornadus's Defense rose!</small><br></div><div class="spacer battle-history"><br></div><div class="battle-history"><small>The opposing Sylveon restored a little HP using its Leftovers!</small><br></div><div class="spacer battle-history"><br></div><h2 class="battle-history">Turn 8</h2><div class="spacer battle-history"><br></div><div class="battle-history">Tornadus used <strong>Bulk Up</strong>!<br></div><div class="battle-history"><small>Tornadus's Attack rose!</small><br></div><div class="battle-history"><small>Tornadus's Defense rose!</small><br></div><div class="spacer battle-history"><br></div><div class="battle-history">The opposing Sylveon used <strong>Hyper Voice</strong>!<br></div><div class="battle-history"><small>(Tornadus lost <abbr title="−181/359">50.4%</abbr> of its health!)</small><br></div><div class="spacer battle-history"><br></div><div class="battle-history"><small>The opposing Sylveon restored a little HP using its Leftovers!</small><br></div><div class="spacer battle-history"><br></div><h2 class="battle-history">Turn 9</h2><div class="spacer battle-history"><br></div><div class="battle-history">hamhamhamham withdrew Sylveon!<br></div><div class="battle-history">hamhamhamham sent out <strong>Swampert</strong>!<br></div><div class="battle-history"><small>Pointed stones dug into the opposing Swampert!</small><br></div><div class="spacer battle-history"><br></div><div class="battle-history">Tornadus used <strong>Rest</strong>!<br></div><div class="battle-history"><small>Tornadus fell asleep!</small><br></div><div class="battle-history"><small>Tornadus slept and became healthy!</small><br></div><div class="battle-history"><small>Tornadus ate its Chesto Berry!</small><br></div><div class="battle-history"><small>Tornadus woke up!</small><br></div><div class="spacer battle-history"><br></div><div class="battle-history"><small>The opposing Swampert restored a little HP using its Leftovers!</small><br></div><div class="spacer battle-history"><br></div><h2 class="battle-history">Turn 10</h2><div class="spacer battle-history"><br></div><div class="battle-history">Tornadus used <strong>Acrobatics</strong>!<br></div><div class="battle-history"><small>(The opposing Swampert lost <abbr title="−207/403">51.4%</abbr> of its health!)</small><br></div><div class="spacer battle-history"><br></div><div class="battle-history">The opposing Swampert used <strong>Roar</strong>!<br></div><div class="spacer battle-history"><br></div><div class="battle-history"><strong>Swampert</strong> was dragged out!<br></div><div class="battle-history"><small>Pointed stones dug into Swampert!</small><br></div><div class="spacer battle-history"><br></div><div class="battle-history"><small>The opposing Swampert restored a little HP using its Leftovers!</small><br></div><div class="spacer battle-history"><br></div><h2 class="battle-history">Turn 11</h2><div class="spacer battle-history"><br></div><div class="battle-history">Swampert, come back!<br></div><div class="battle-history">Go! <strong>Conkeldurr</strong>!<br></div><div class="battle-history"><small>Pointed stones dug into Conkeldurr!</small><br></div><div class="spacer battle-history"><br></div><div class="battle-history">The opposing Swampert used <strong>Scald</strong>!<br></div><div class="battle-history"><small>(Conkeldurr lost <abbr title="−79/411">19.2%</abbr> of its health!)</small><br></div><div class="battle-history"><small>Conkeldurr was burned!</small><br></div><div class="spacer battle-history"><br></div><div class="battle-history"><small>The opposing Swampert restored a little HP using its Leftovers!</small><br></div><div class="battle-history"><small>Conkeldurr restored a little HP using its Leftovers!</small><br></div><div class="battle-history"><small>Conkeldurr was hurt by its burn!</small><br></div><div class="spacer battle-history"><br></div><h2 class="battle-history">Turn 12</h2><div class="spacer battle-history"><br></div><div class="battle-history">hamhamhamham withdrew Swampert!<br></div><div class="battle-history">hamhamhamham sent out <strong>Sylveon</strong>!<br></div><div class="battle-history"><small>Pointed stones dug into the opposing Sylveon!</small><br></div><div class="spacer battle-history"><br></div><div class="battle-history">Conkeldurr used <strong>Knock Off</strong>!<br></div><div class="battle-history"><small>It's not very effective...</small><br></div><div class="battle-history"><small>A critical hit!</small><br></div><div class="battle-history"><small>(The opposing Sylveon lost <abbr title="−148/393">37.7%</abbr> of its health!)</small><br></div><div class="battle-history"><small>Conkeldurr knocked off the opposing Sylveon's Leftovers!</small><br></div><div class="spacer battle-history"><br></div><div class="battle-history"><small>Conkeldurr restored a little HP using its Leftovers!</small><br></div><div class="battle-history"><small>Conkeldurr was hurt by its burn!</small><br></div><div class="spacer battle-history"><br></div><h2 class="battle-history">Turn 13</h2><div class="spacer battle-history"><br></div><div class="battle-history">Conkeldurr, come back!<br></div><div class="battle-history">Go! <strong>Nidoking</strong>!<br></div><div class="battle-history"><small>Pointed stones dug into Nidoking!</small><br></div><div class="spacer battle-history"><br></div><div class="battle-history">The opposing Sylveon used <strong>Wish</strong>!<br></div><div class="spacer battle-history"><br></div><h2 class="battle-history">Turn 14</h2><div class="spacer battle-history"><br></div><div class="battle-history">The opposing Sylveon used <strong>Protect</strong>!<br></div><div class="battle-history"><small>The opposing Sylveon protected itself!</small><br></div><div class="spacer battle-history"><br></div><div class="battle-history">Nidoking used <strong>Earth Power</strong>!<br></div><div class="battle-history"><small>The opposing Sylveon protected itself!</small><br></div><div class="spacer battle-history"><br></div><div class="battle-history"><small>Sylveon's wish came true!</small><br></div><div class="spacer battle-history"><br></div><h2 class="battle-history">Turn 15</h2><div class="spacer battle-history"><br></div><div class="battle-history">hamhamhamham withdrew Sylveon!<br></div><div class="battle-history">hamhamhamham sent out <strong>Forretress</strong>!<br></div><div class="battle-history"><small>Pointed stones dug into the opposing Forretress!</small><br></div><div class="spacer battle-history"><br></div><div class="battle-history">Nidoking used <strong>Ice Beam</strong>!<br></div><div class="battle-history"><small>It's not very effective...</small><br></div><div class="battle-history"><small>(The opposing Forretress lost <abbr title="−63/353">17.8%</abbr> of its health!)</small><br></div><div class="spacer battle-history"><br></div><div class="battle-history">The opposing Forretress fainted!<br></div><div class="spacer battle-history"><br></div><div class="battle-history">hamhamhamham sent out <strong>Entei</strong>!<br></div><div class="battle-history"><small>Pointed stones dug into the opposing Entei!</small><br></div><div class="battle-history"><small>[The opposing Entei's Pressure]</small><br><small>The opposing Entei is exerting its pressure!</small><br></div><div class="spacer battle-history"><br></div><h2 class="battle-history">Turn 16</h2><div class="spacer battle-history"><br></div><div class="battle-history">Nidoking, come back!<br></div><div class="battle-history">Go! <strong>Swampert</strong>!<br></div><div class="battle-history"><small>Pointed stones dug into Swampert!</small><br></div><div class="spacer battle-history"><br></div><div class="battle-history">The opposing Entei used <strong>Sacred Fire</strong>!<br></div><div class="battle-history"><small>It's not very effective...</small><br></div><div class="battle-history"><small>A critical hit!</small><br></div><div class="battle-history"><small>(Swampert lost <abbr title="−151/404">37.4%</abbr> of its health!)</small><br></div><div class="spacer battle-history"><br></div><h2 class="battle-history">Turn 17</h2><div class="spacer battle-history"><br></div><div class="battle-history">hamhamhamham withdrew Entei!<br></div><div class="battle-history">hamhamhamham sent out <strong>Swampert</strong>!<br></div><div class="battle-history"><small>Pointed stones dug into the opposing Swampert!</small><br></div><div class="spacer battle-history"><br></div><div class="battle-history"><small>Swampert's Swampertite is reacting to fskay's Mega Bracelet!</small><br>Swampert has Mega Evolved into Mega Swampert!<br></div><div class="spacer battle-history"><br></div><div class="battle-history">Swampert used <strong>Roar</strong>!<br></div><div class="spacer battle-history"><br></div><div class="battle-history">Sceptile (<strong>Sceptile-Mega</strong>) was dragged out!<br></div><div class="battle-history"><small>Pointed stones dug into the opposing Sceptile!</small><br></div><div class="spacer battle-history"><br></div><h2 class="battle-history">Turn 18</h2><div class="spacer battle-history"><br></div><div class="battle-history">Swampert, come back!<br></div><div class="battle-history">Go! <strong>Metagross</strong>!<br></div><div class="battle-history"><small>Pointed stones dug into Metagross!</small><br></div><div class="spacer battle-history"><br></div><div class="battle-history">The opposing Sceptile used <strong>Energy Ball</strong>!<br></div><div class="battle-history"><small>It's not very effective...</small><br></div><div class="battle-history"><small>(Metagross lost <abbr title="−75/361">20.8%</abbr> of its health!)</small><br></div><div class="spacer battle-history"><br></div><div class="battle-history"><small>Metagross restored a little HP using its Leftovers!</small><br></div><div class="spacer battle-history"><br></div><h2 class="battle-history">Turn 19</h2><div class="spacer battle-history"><br></div><div class="battle-history">hamhamhamham withdrew Sceptile!<br></div><div class="battle-history">hamhamhamham sent out <strong>Swampert</strong>!<br></div><div class="battle-history"><small>Pointed stones dug into the opposing Swampert!</small><br></div><div class="spacer battle-history"><br></div><div class="battle-history">Metagross used <strong>Toxic</strong>!<br></div><div class="battle-history"><small>The opposing Swampert was badly poisoned!</small><br></div><div class="spacer battle-history"><br></div><div class="battle-history"><small>Metagross restored a little HP using its Leftovers!</small><br></div><div class="battle-history"><small>The opposing Swampert restored a little HP using its Leftovers!</small><br></div><div class="battle-history"><small>The opposing Swampert was hurt by poison!</small><br></div><div class="spacer battle-history"><br></div><h2 class="battle-history">Turn 20</h2><div class="chat chatmessage-mazary"><strong style="color:hsl(352,83%,46.728585147925216%)"><small>+</small><span class="username" data-name="Mazary ♔">Mazary ♔</span>:</strong> <em>wie läufts</em></div><div class="chat chatmessage-mazary"><strong style="color:hsl(352,83%,46.728585147925216%)"><small>+</small><span class="username" data-name="Mazary ♔">Mazary ♔</span>:</strong> <em>:o</em></div><div class="chat chatmessage-mazary"><strong style="color:hsl(352,83%,46.728585147925216%)"><small>+</small><span class="username" data-name="Mazary ♔">Mazary ♔</span>:</strong> <em>cash squad</em></div><div class="spacer battle-history"><br></div><div class="battle-history">Metagross, come back!<br></div><div class="battle-history">Go! <strong>Conkeldurr</strong>!<br></div><div class="battle-history"><small>Pointed stones dug into Conkeldurr!</small><br></div><div class="spacer battle-history"><br></div><div class="battle-history">The opposing Swampert used <strong>Scald</strong>!<br></div><div class="battle-history"><small>(Conkeldurr lost <abbr title="−87/411">21.2%</abbr> of its health!)</small><br></div><div class="spacer battle-history"><br></div><div class="battle-history"><small>The opposing Swampert restored a little HP using its Leftovers!</small><br></div><div class="battle-history"><small>Conkeldurr restored a little HP using its Leftovers!</small><br></div><div class="battle-history"><small>The opposing Swampert was hurt by poison!</small><br></div><div class="battle-history"><small>Conkeldurr was hurt by its burn!</small><br></div><div class="spacer battle-history"><br></div><h2 class="battle-history">Turn 21</h2><div class="spacer battle-history"><br></div><div class="battle-history">Conkeldurr used <strong>Mach Punch</strong>!<br></div><div class="battle-history"><small>(The opposing Swampert lost <abbr title="−87/403">21.6%</abbr> of its health!)</small><br></div><div class="spacer battle-history"><br></div><div class="battle-history">The opposing Swampert used <strong>Earthquake</strong>!<br></div><div class="battle-history"><small>A critical hit!</small><br></div><div class="battle-history"><small>(Conkeldurr lost <abbr title="−117/411">28.5%</abbr> of its health!)</small><br></div><div class="spacer battle-history"><br></div><div class="battle-history">Conkeldurr fainted!<br></div><div class="spacer battle-history"><br></div><div class="battle-history"><small>The opposing Swampert restored a little HP using its Leftovers!</small><br></div><div class="battle-history"><small>The opposing Swampert was hurt by poison!</small><br></div><div class="spacer battle-history"><br></div><div class="battle-history">Go! <strong>Nidoking</strong>!<br></div><div class="battle-history"><small>Pointed stones dug into Nidoking!</small><br></div><div class="spacer battle-history"><br></div><h2 class="battle-history">Turn 22</h2><div class="spacer battle-history"><br></div><div class="battle-history">Nidoking used <strong>Sludge Wave</strong>!<br></div><div class="battle-history"><small>It's not very effective...</small><br></div><div class="battle-history"><small>A critical hit!</small><br></div><div class="battle-history"><small>(The opposing Swampert lost <abbr title="−34/403">8.4%</abbr> of its health!)</small><br></div><div class="spacer battle-history"><br></div><div class="battle-history">The opposing Swampert fainted!<br></div><div class="spacer battle-history"><br></div><div class="battle-history">hamhamhamham sent out <strong>Entei</strong>!<br></div><div class="battle-history"><small>Pointed stones dug into the opposing Entei!</small><br></div><div class="battle-history"><small>[The opposing Entei's Pressure]</small><br><small>The opposing Entei is exerting its pressure!</small><br></div><div class="spacer battle-history"><br></div><h2 class="battle-history">Turn 23</h2><div class="spacer battle-history"><br></div><div class="battle-history">Nidoking, come back!<br></div><div class="battle-history">Go! Swampert (<strong>Swampert-Mega</strong>)!<br></div><div class="battle-history"><small>Pointed stones dug into Swampert!</small><br></div><div class="spacer battle-history"><br></div><div class="battle-history">The opposing Entei used <strong>Sacred Fire</strong>!<br></div><div class="battle-history"><small>It's not very effective...</small><br></div><div class="battle-history"><small>(Swampert lost <abbr title="−86/404">21.3%</abbr> of its health!)</small><br></div><div class="spacer battle-history"><br></div><h2 class="battle-history">Turn 24</h2><div class="spacer battle-history"><br></div><div class="battle-history">The opposing Entei used <strong>Sacred Fire</strong>!<br></div><div class="battle-history"><small>It's not very effective...</small><br></div><div class="battle-history"><small>(Swampert lost <abbr title="−92/404">22.8%</abbr> of its health!)</small><br></div><div class="spacer battle-history"><br></div><div class="battle-history">Swampert fainted!<br></div><div class="spacer battle-history"><br></div><div class="battle-history">Go! <strong>Hydreigon</strong>!<br></div><div class="battle-history"><small>Pointed stones dug into Hydreigon!</small><br></div><div class="spacer battle-history"><br></div><h2 class="battle-history">Turn 25</h2><div class="spacer battle-history"><br></div><div class="battle-history">hamhamhamham withdrew Entei!<br></div><div class="battle-history">hamhamhamham sent out <strong>Sylveon</strong>!<br></div><div class="battle-history"><small>Pointed stones dug into the opposing Sylveon!</small><br></div><div class="spacer battle-history"><br></div><div class="battle-history">Hydreigon used <strong>Draco Meteor</strong>!<br></div><div class="battle-history"><small>It doesn't affect the opposing Sylveon...</small><br></div><div class="spacer battle-history"><br></div><h2 class="battle-history">Turn 26</h2><div class="spacer battle-history"><br></div><div class="battle-history">hamhamhamham withdrew Sylveon!<br></div><div class="battle-history">hamhamhamham sent out Sceptile (<strong>Sceptile-Mega</strong>)!<br></div><div class="battle-history"><small>Pointed stones dug into the opposing Sceptile!</small><br></div><div class="spacer battle-history"><br></div><div class="battle-history">Hydreigon used <strong>Draco Meteor</strong>!<br></div><div class="battle-history"><small>It's super effective!</small><br></div><div class="battle-history"><small>(The opposing Sceptile lost <abbr title="−85/281">30.2%</abbr> of its health!)</small><br></div><div class="battle-history"><small>Hydreigon's Special Attack fell harshly!</small><br></div><div class="spacer battle-history"><br></div><div class="battle-history">The opposing Sceptile fainted!<br></div><div class="spacer battle-history"><br></div><div class="battle-history">hamhamhamham sent out <strong>Tornadus</strong>!<br></div><div class="battle-history"><small>Pointed stones dug into the opposing Tornadus!</small><br></div><div class="spacer battle-history"><br></div><h2 class="battle-history">Turn 27</h2><div class="spacer battle-history"><br></div><div class="battle-history">Hydreigon, come back!<br></div><div class="battle-history">Go! <strong>Metagross</strong>!<br></div><div class="battle-history"><small>Pointed stones dug into Metagross!</small><br></div><div class="spacer battle-history"><br></div><div class="battle-history">The opposing Tornadus used <strong>Bulk Up</strong>!<br></div><div class="battle-history"><small>The opposing Tornadus's Attack rose!</small><br></div><div class="battle-history"><small>The opposing Tornadus's Defense rose!</small><br></div><div class="spacer battle-history"><br></div><div class="battle-history"><small>Metagross restored a little HP using its Leftovers!</small><br></div><div class="spacer battle-history"><br></div><h2 class="battle-history">Turn 28</h2><div class="spacer battle-history"><br></div><div class="battle-history">The opposing Tornadus used <strong>Bulk Up</strong>!<br></div><div class="battle-history"><small>The opposing Tornadus's Attack rose!</small><br></div><div class="battle-history"><small>The opposing Tornadus's Defense rose!</small><br></div><div class="spacer battle-history"><br></div><div class="battle-history">Metagross used <strong>Toxic</strong>!<br></div><div class="battle-history"><small>The opposing Tornadus was badly poisoned!</small><br></div><div class="spacer battle-history"><br></div><div class="battle-history"><small>Metagross restored a little HP using its Leftovers!</small><br></div><div class="battle-history"><small>The opposing Tornadus was hurt by poison!</small><br></div><div class="spacer battle-history"><br></div><h2 class="battle-history">Turn 29</h2><div class="spacer battle-history"><br></div><div class="battle-history">Metagross, come back!<br></div><div class="battle-history">Go! <strong>Tornadus</strong>!<br></div><div class="battle-history"><small>Pointed stones dug into Tornadus!</small><br></div><div class="spacer battle-history"><br></div><div class="battle-history">The opposing Tornadus used <strong>Rest</strong>!<br></div><div class="battle-history"><small>The opposing Tornadus fell asleep!</small><br></div><div class="battle-history"><small>The opposing Tornadus slept and became healthy!</small><br></div><div class="battle-history"><small>The opposing Tornadus ate its Chesto Berry!</small><br></div><div class="battle-history"><small>The opposing Tornadus woke up!</small><br></div><div class="spacer battle-history"><br></div><h2 class="battle-history">Turn 30</h2><div class="spacer battle-history"><br></div><div class="battle-history">Tornadus used <strong>Acrobatics</strong>!<br></div><div class="battle-history"><small>(The opposing Tornadus lost <abbr title="−90/353">25.5%</abbr> of its health!)</small><br></div><div class="spacer battle-history"><br></div><div class="battle-history">The opposing Tornadus used <strong>Acrobatics</strong>!<br></div><div class="battle-history"><small>(Tornadus lost <abbr title="−270/359">75.2%</abbr> of its health!)</small><br></div><div class="spacer battle-history"><br></div><div class="battle-history">Tornadus fainted!<br></div><div class="spacer battle-history"><br></div><div class="battle-history">Go! <strong>Hydreigon</strong>!<br></div><div class="battle-history"><small>Pointed stones dug into Hydreigon!</small><br></div><div class="spacer battle-history"><br></div><h2 class="battle-history">Turn 31</h2><div class="spacer battle-history"><br></div><div class="battle-history">Hydreigon used <strong>Draco Meteor</strong>!<br></div><div class="battle-history"><small>(The opposing Tornadus lost <abbr title="−238/353">67.4%</abbr> of its health!)</small><br></div><div class="battle-history"><small>Hydreigon's Special Attack fell harshly!</small><br></div><div class="spacer battle-history"><br></div><div class="battle-history">The opposing Tornadus used <strong>Acrobatics</strong>!<br></div><div class="battle-history"><small>(Hydreigon lost <abbr title="−245/325">75.4%</abbr> of its health!)</small><br></div><div class="spacer battle-history"><br></div><div class="battle-history">Hydreigon fainted!<br></div><div class="spacer battle-history"><br></div><div class="battle-history">Go! <strong>Metagross</strong>!<br></div><div class="battle-history"><small>Pointed stones dug into Metagross!</small><br></div><div class="spacer battle-history"><br></div><h2 class="battle-history">Turn 32</h2><div class="spacer battle-history"><br></div><div class="battle-history">The opposing Tornadus used <strong>Rest</strong>!<br></div><div class="battle-history"><small>The opposing Tornadus fell asleep!</small><br></div><div class="battle-history"><small>The opposing Tornadus slept and became healthy!</small><br></div><div class="spacer battle-history"><br></div><div class="battle-history">Metagross used <strong>Meteor Mash</strong>!<br></div><div class="battle-history"><small>(The opposing Tornadus lost <abbr title="−85/353">24.1%</abbr> of its health!)</small><br></div><div class="spacer battle-history"><br></div><div class="battle-history"><small>Metagross restored a little HP using its Leftovers!</small><br></div><div class="spacer battle-history"><br></div><h2 class="battle-history">Turn 33</h2><div class="spacer battle-history"><br></div><div class="battle-history">The opposing Tornadus is fast asleep.<br></div><div class="spacer battle-history"><br></div><div class="battle-history">The opposing Tornadus used <strong>Sleep Talk</strong>!<br></div><div class="spacer battle-history"><br></div><div class="battle-history">The opposing Tornadus used <strong>Rest</strong>!<br></div><div class="battle-history"><small>But it failed!</small><br></div><div class="spacer battle-history"><br></div><div class="battle-history">Metagross used <strong>Meteor Mash</strong>!<br></div><div class="battle-history"><small>(The opposing Tornadus lost <abbr title="−96/353">27.2%</abbr> of its health!)</small><br></div><div class="spacer battle-history"><br></div><div class="battle-history"><small>Metagross restored a little HP using its Leftovers!</small><br></div><div class="spacer battle-history"><br></div><h2 class="battle-history">Turn 34</h2><div class="spacer battle-history"><br></div><div class="battle-history">The opposing Tornadus is fast asleep.<br></div><div class="spacer battle-history"><br></div><div class="battle-history">The opposing Tornadus used <strong>Sleep Talk</strong>!<br></div><div class="spacer battle-history"><br></div><div class="battle-history">The opposing Tornadus used <strong>Rest</strong>!<br></div><div class="battle-history"><small>But it failed!</small><br></div><div class="spacer battle-history"><br></div><div class="battle-history">Metagross used <strong>Meteor Mash</strong>!<br></div><div class="battle-history"><small>(The opposing Tornadus lost <abbr title="−91/353">25.8%</abbr> of its health!)</small><br></div><div class="spacer battle-history"><br></div><div class="battle-history"><small>Metagross restored a little HP using its Leftovers!</small><br></div><div class="spacer battle-history"><br></div><h2 class="battle-history">Turn 35</h2><div class="spacer battle-history"><br></div><div class="battle-history"><small>The opposing Tornadus woke up!</small><br></div><div class="spacer battle-history"><br></div><div class="battle-history">The opposing Tornadus used <strong>Rest</strong>!<br></div><div class="battle-history"><small>The opposing Tornadus fell asleep!</small><br></div><div class="battle-history"><small>The opposing Tornadus slept and became healthy!</small><br></div><div class="spacer battle-history"><br></div><div class="battle-history">Metagross used <strong>Meteor Mash</strong>!<br></div><div class="battle-history"><small>A critical hit!</small><br></div><div class="battle-history"><small>(The opposing Tornadus lost <abbr title="−279/353">79.0%</abbr> of its health!)</small><br></div><div class="spacer battle-history"><br></div><div class="battle-history"><small>Metagross restored a little HP using its Leftovers!</small><br></div><div class="spacer battle-history"><br></div><h2 class="battle-history">Turn 36</h2><div class="spacer battle-history"><br></div><div class="battle-history">The opposing Tornadus is fast asleep.<br></div><div class="spacer battle-history"><br></div><div class="battle-history">The opposing Tornadus used <strong>Sleep Talk</strong>!<br></div><div class="spacer battle-history"><br></div><div class="battle-history">The opposing Tornadus used <strong>Rest</strong>!<br></div><div class="battle-history"><small>But it failed!</small><br></div><div class="spacer battle-history"><br></div><div class="battle-history">Metagross used <strong>Meteor Mash</strong>!<br></div><div class="battle-history"><small>(The opposing Tornadus lost <abbr title="−74/353">21.0%</abbr> of its health!)</small><br></div><div class="spacer battle-history"><br></div><div class="battle-history">The opposing Tornadus fainted!<br></div><div class="spacer battle-history"><br></div><div class="battle-history"><small>Metagross restored a little HP using its Leftovers!</small><br></div><div class="spacer battle-history"><br></div><div class="battle-history">hamhamhamham sent out <strong>Entei</strong>!<br></div><div class="battle-history"><small>Pointed stones dug into the opposing Entei!</small><br></div><div class="battle-history"><small>[The opposing Entei's Pressure]</small><br><small>The opposing Entei is exerting its pressure!</small><br></div><div class="spacer battle-history"><br></div><h2 class="battle-history">Turn 37</h2><div class="chat chatmessage-ict"><strong style="color:hsl(281,40%,50.792432564636634%)"><small>+</small><span class="username" data-name="ict ️">ict ️</span>:</strong> <em>DODGE.</em></div><div class="chat chatmessage-kushalos"><strong style="color:hsl(241,86%,63.275220778172695%)"><small>+</small><span class="username" data-name="Kushalos">Kushalos</span>:</strong> <em>doge</em></div><div class="spacer battle-history"><br></div><div class="battle-history">The opposing Entei used <strong>Sacred Fire</strong>!<br></div><div class="battle-history"><small>It's super effective!</small><br></div><div class="battle-history"><small>(Metagross lost <abbr title="−358/361">99.2%</abbr> of its health!)</small><br></div><div class="spacer battle-history"><br></div><div class="battle-history">Metagross fainted!<br></div><div class="spacer battle-history"><br></div><div class="battle-history">Go! <strong>Nidoking</strong>!<br></div><div class="battle-history"><small>Pointed stones dug into Nidoking!</small><br></div><div class="spacer battle-history"><br></div><h2 class="battle-history">Turn 38</h2><div class="chat chatmessage-ict"><strong style="color:hsl(281,40%,50.792432564636634%)"><small>+</small><span class="username" data-name="ict ️">ict ️</span>:</strong> <em>Sub rn</em></div><div class="spacer battle-history"><br></div><div class="battle-history">The opposing Entei used <strong>Sacred Fire</strong>!<br></div><div class="battle-history"><small>(Nidoking lost <abbr title="−249/303">82.2%</abbr> of its health!)</small><br></div><div class="spacer battle-history"><br></div><div class="battle-history">Nidoking fainted!<br></div><div class="spacer battle-history"><br></div><div class="battle-history"><strong>hamhamhamham</strong> won the battle!<br></div><div class="chat chatmessage-ict"><strong style="color:hsl(281,40%,50.792432564636634%)"><small>+</small><span class="username" data-name="ict ️">ict ️</span>:</strong> <em>wut</em></div><div class="chat chatmessage-kushalos"><strong style="color:hsl(241,86%,63.275220778172695%)"><small>+</small><span class="username" data-name="Kushalos">Kushalos</span>:</strong> <em>he didnt</em></div><div class="chat chatmessage-ict"><strong style="color:hsl(281,40%,50.792432564636634%)"><small>+</small><span class="username" data-name="ict ️">ict ️</span>:</strong> <em>u risked that?</em></div><div class="chat chatmessage-kushalos"><strong style="color:hsl(241,86%,63.275220778172695%)"><small>+</small><span class="username" data-name="Kushalos">Kushalos</span>:</strong> <em>switch out</em></div><div class="chat chatmessage-ict"><strong style="color:hsl(281,40%,50.792432564636634%)"><small>+</small><span class="username" data-name="ict ️">ict ️</span>:</strong> <em>lol</em></div><div class="chat chatmessage-kushalos"><strong style="color:hsl(241,86%,63.275220778172695%)"><small>+</small><span class="username" data-name="Kushalos">Kushalos</span>:</strong> <em>LOL</em></div><div class="chat chatmessage-fskay"><strong style="color:hsl(17,42%,49%)"><small>☆</small><span class="username" data-name="fskay">fskay</span>:</strong> <em>gg</em></div><div class="chat chatmessage-hamhamhamham"><strong style="color:hsl(320,86%,43%)"><small>☆</small><span class="username" data-name="hamhamhamham">hamhamhamham</span>:</strong> <em>gg</em></div><div class="chat chatmessage-ict"><strong style="color:hsl(281,40%,50.792432564636634%)"><small>+</small><span class="username" data-name="ict ️">ict ️</span>:</strong> <em>why tho</em></div><div class="chat chatmessage-hamhamhamham"><strong style="color:hsl(320,86%,43%)"><small>☆</small><span class="username" data-name="hamhamhamham">hamhamhamham</span>:</strong> <em>i dont have blitz unfort</em></div><div class="chat chatmessage-ict"><strong style="color:hsl(281,40%,50.792432564636634%)"><small>+</small><span class="username" data-name="ict ️">ict ️</span>:</strong> <em>Ah</em></div><div class="chat chatmessage-ict"><strong style="color:hsl(281,40%,50.792432564636634%)"><small>+</small><span class="username" data-name="ict ️">ict ️</span>:</strong> <em>alright</em></div><div class="chat chatmessage-pearl"><strong style="color:hsl(137,70%,38.48887992080507%)"><small>%</small><span class="username" data-name="Pearl ❤">Pearl ❤</span>:</strong> <em>ENTEI</em></div><div class="chat chatmessage-pearl"><strong style="color:hsl(137,70%,38.48887992080507%)"><small>%</small><span class="username" data-name="Pearl ❤">Pearl ❤</span>:</strong> <em>SO FUCKING BALANCED</em></div><div class="chat chatmessage-pearl"><strong style="color:hsl(137,70%,38.48887992080507%)"><small>%</small><span class="username" data-name="Pearl ❤">Pearl ❤</span>:</strong> <em>HNGGGGGG</em></div></div><div class="inner-preempt"></div></div></div>
</div>
<script>
let daily = Math.floor(Date.now()/1000/60/60/24);document.write('<script src="https://play.pokemonshowdown.com/js/replay-embed.js?version'+daily+'"></'+'script>');
</script>
