<!DOCTYPE html>
<meta charset="utf-8" />
<!-- version 1 -->
<title>UU replay: Parnstar vs. Zydarhgud</title>
<style>
html,body {font-family:Verdana, sans-serif;font-size:10pt;margin:0;padding:0;}body{padding:12px 0;} .battle-log {font-family:Verdana, sans-serif;font-size:10pt;} .battle-log-inline {border:1px solid #AAAAAA;background:#EEF2F5;color:black;max-width:640px;margin:0 auto 80px;padding-bottom:5px;} .battle-log .inner {padding:4px 8px 0px 8px;} .battle-log .inner-preempt {padding:0 8px 4px 8px;} .battle-log .inner-after {margin-top:0.5em;} .battle-log h2 {margin:0.5em -8px;padding:4px 8px;border:1px solid #AAAAAA;background:#E0E7EA;border-left:0;border-right:0;font-family:Verdana, sans-serif;font-size:13pt;} .battle-log .chat {vertical-align:middle;padding:3px 0 3px 0;font-size:8pt;} .battle-log .chat strong {color:#40576A;} .battle-log .chat em {padding:1px 4px 1px 3px;color:#000000;font-style:normal;} .chat.mine {background:rgba(0,0,0,0.05);margin-left:-8px;margin-right:-8px;padding-left:8px;padding-right:8px;} .spoiler {color:#BBBBBB;background:#BBBBBB;padding:0px 3px;} .spoiler:hover, .spoiler:active, .spoiler-shown {color:#000000;background:#E2E2E2;padding:0px 3px;} .spoiler a {color:#BBBBBB;} .spoiler:hover a, .spoiler:active a, .spoiler-shown a {color:#2288CC;} .chat code, .chat .spoiler:hover code, .chat .spoiler:active code, .chat .spoiler-shown code {border:1px solid #C0C0C0;background:#EEEEEE;color:black;padding:0 2px;} .chat .spoiler code {border:1px solid #CCCCCC;background:#CCCCCC;color:#CCCCCC;} .battle-log .rated {padding:3px 4px;} .battle-log .rated strong {color:white;background:#89A;padding:1px 4px;border-radius:4px;} .spacer {margin-top:0.5em;} .message-announce {background:#6688AA;color:white;padding:1px 4px 2px;} .message-announce a, .broadcast-green a, .broadcast-blue a, .broadcast-red a {color:#DDEEFF;} .broadcast-green {background-color:#559955;color:white;padding:2px 4px;} .broadcast-blue {background-color:#6688AA;color:white;padding:2px 4px;} .infobox {border:1px solid #6688AA;padding:2px 4px;} .infobox-limited {max-height:200px;overflow:auto;overflow-x:hidden;} .broadcast-red {background-color:#AA5544;color:white;padding:2px 4px;} .message-learn-canlearn {font-weight:bold;color:#228822;text-decoration:underline;} .message-learn-cannotlearn {font-weight:bold;color:#CC2222;text-decoration:underline;} .message-effect-weak {font-weight:bold;color:#CC2222;} .message-effect-resist {font-weight:bold;color:#6688AA;} .message-effect-immune {font-weight:bold;color:#666666;} .message-learn-list {margin-top:0;margin-bottom:0;} .message-throttle-notice, .message-error {color:#992222;} .message-overflow, .chat small.message-overflow {font-size:0pt;} .message-overflow::before {font-size:9pt;content:'...';} .subtle {color:#3A4A66;}
</style>
<div class="wrapper replay-wrapper" style="max-width:1180px;margin:0 auto">
<input type="hidden" name="replayid" value="uu-578649596" />
<div class="battle"></div><div class="battle-log"></div><div class="replay-controls"></div><div class="replay-controls-2"></div>
<h1 style="font-weight:normal;text-align:center"><strong>UU</strong><br /><a href="http://pokemonshowdown.com/users/parnstar" class="subtle" target="_blank">Parnstar</a> vs. <a href="http://pokemonshowdown.com/users/zydarhgud" class="subtle" target="_blank">Zydarhgud</a></h1>
<script type="text/plain" class="battle-log-data">|j|Parnstar
|j|Zydarhgud
|player|p1|Parnstar|21
|teamsize|p1|6
|player|p2|Zydarhgud|101
|teamsize|p2|6
|gametype|singles
|gen|6
|tier|UU
|rated
|seed|5272,50459,18313,63637
|rule|Sleep Clause Mod: Limit one foe put to sleep
|rule|Species Clause: Limit one of each Pokémon
|rule|OHKO Clause: OHKO moves are banned
|rule|Moody Clause: Moody is banned
|rule|Evasion Moves Clause: Evasion moves are banned
|rule|Endless Battle Clause: Forcing endless battles is banned
|rule|HP Percentage Mod: HP is shown in percentages
|clearpoke
|poke|p1|Mandibuzz, F|item
|poke|p1|Tentacruel, M|item
|poke|p1|Whimsicott, F|item
|poke|p1|Entei, shiny|item
|poke|p1|Machamp, F|item
|poke|p1|Porygon-Z|item
|poke|p2|Ampharos, M|item
|poke|p2|Slowking, F|item
|poke|p2|Porygon2|item
|poke|p2|Escavalier, M|item
|poke|p2|Chandelure, M|item
|poke|p2|Diancie|item
|rule|Swagger Clause: Swagger is banned
|rule|Baton Pass Clause: Limit one Baton Passer, can't pass Spe and other stats simultaneously
|teampreview
|choice|team 4, team 2, team 3, team 1, team 5, team 6|team 3, team 2, team 1, team 4, team 5, team 6
|
|start
|switch|p1a: Entei|Entei, shiny|371\/371
|switch|p2a: Porygon2|Porygon2|374\/374
|-ability|p1a: Entei|Pressure
|-ability|p2a: Porygon2|Download|boost
|-boost|p2a: Porygon2|spa|1
|turn|1
|c|☆Parnstar|gf
|choice|move sacredfire|move trickroom
|
|move|p1a: Entei|Sacred Fire|p2a: Porygon2
|-damage|p2a: Porygon2|242\/374
|move|p2a: Porygon2|Trick Room|p2a: Porygon2
|-fieldstart|move: Trick Room|[of] p2a: Porygon2
|
|upkeep
|turn|2
|choice|move sacredfire|move triattack
|
|move|p2a: Porygon2|Tri Attack|p1a: Entei
|-damage|p1a: Entei|130\/371
|move|p1a: Entei|Sacred Fire|p2a: Porygon2
|-damage|p2a: Porygon2|94\/374
|-status|p2a: Porygon2|brn
|
|-damage|p2a: Porygon2|48\/374 brn|[from] brn
|upkeep
|turn|3
|choice|move extremespeed|move triattack
|
|move|p1a: Entei|Extreme Speed|p2a: Porygon2
|-damage|p2a: Porygon2|0 fnt
|faint|p2a: Porygon2
|
|upkeep
|choice||switch 5
|
|switch|p2a: Chandelure|Chandelure, M|324\/324
|turn|4
|choice|switch 6|move substitute
|
|switch|p1a: Porygon-Z|Porygon-Z|311\/311
|move|p2a: Chandelure|Substitute|p2a: Chandelure
|-start|p2a: Chandelure|Substitute
|-damage|p2a: Chandelure|243\/324
|
|-heal|p2a: Chandelure|263\/324|[from] item: Leftovers
|upkeep
|turn|5
|choice|move thunderbolt|move calmmind
|
|move|p2a: Chandelure|Calm Mind|p2a: Chandelure
|-boost|p2a: Chandelure|spa|1
|-boost|p2a: Chandelure|spd|1
|move|p1a: Porygon-Z|Thunderbolt|p2a: Chandelure
|-end|p2a: Chandelure|Substitute
|
|-heal|p2a: Chandelure|283\/324|[from] item: Leftovers
|-fieldend|move: Trick Room
|upkeep
|turn|6
|choice|move thunderbolt|move calmmind
|
|move|p1a: Porygon-Z|Thunderbolt|p2a: Chandelure
|-damage|p2a: Chandelure|142\/324
|-status|p2a: Chandelure|par
|move|p2a: Chandelure|Calm Mind|p2a: Chandelure
|-boost|p2a: Chandelure|spa|1
|-boost|p2a: Chandelure|spd|1
|
|-heal|p2a: Chandelure|162\/324 par|[from] item: Leftovers
|upkeep
|turn|7
|choice|switch 6|move fireblast
|
|switch|p1a: Entei|Entei, shiny|130\/371
|-ability|p1a: Entei|Pressure
|move|p2a: Chandelure|Fire Blast|p1a: Entei
|-resisted|p1a: Entei
|-damage|p1a: Entei|0 fnt
|faint|p1a: Entei
|
|-heal|p2a: Chandelure|182\/324 par|[from] item: Leftovers
|upkeep
|choice|switch 2|
|
|switch|p1a: Tentacruel|Tentacruel, M|301\/301
|turn|8
|choice|move hydropump|switch 2
|
|switch|p2a: Slowking|Slowking, F|380\/380
|move|p1a: Tentacruel|Hydro Pump|p2a: Slowking
|-resisted|p2a: Slowking
|-crit|p2a: Slowking
|-damage|p2a: Slowking|278\/380
|
|-heal|p2a: Slowking|301\/380|[from] item: Leftovers
|upkeep
|turn|9
|choice|switch 6|move trickroom
|
|switch|p1a: Porygon-Z|Porygon-Z|311\/311
|move|p2a: Slowking|Trick Room|p2a: Slowking
|-fieldstart|move: Trick Room|[of] p2a: Slowking
|
|-heal|p2a: Slowking|324\/380|[from] item: Leftovers
|upkeep
|turn|10
|choice|move triattack|switch 6
|
|switch|p2a: Diancie|Diancie|303\/303
|move|p1a: Porygon-Z|Tri Attack|p2a: Diancie
|-resisted|p2a: Diancie
|-damage|p2a: Diancie|207\/303
|-status|p2a: Diancie|brn
|
|-damage|p2a: Diancie|170\/303 brn|[from] brn
|upkeep
|turn|11
|choice|switch 6|move healbell
|
|switch|p1a: Tentacruel|Tentacruel, M|301\/301
|move|p2a: Diancie|Heal Bell|p2a: Diancie
|-activate|p2a: Diancie|move: Heal Bell
|-curestatus|p2a: Diancie|brn|[msg]
|-curestatus|p2: Chandelure|par|[msg]
|
|upkeep
|turn|12
|choice|move acidspray|switch 3
|
|switch|p2a: Ampharos|Ampharos, M|383\/383
|move|p1a: Tentacruel|Acid Spray|p2a: Ampharos
|-damage|p2a: Ampharos|329\/383
|-unboost|p2a: Ampharos|spd|2
|
|upkeep
|turn|13
|choice|switch 3|move voltswitch mega
|
|switch|p1a: Whimsicott|Whimsicott, F|261\/261
|detailschange|p2a: Ampharos|Ampharos-Mega, M
|-mega|p2a: Ampharos|Ampharos|Ampharosite
|-ability|p2a: Ampharos|Mold Breaker
|move|p2a: Ampharos|Volt Switch|p1a: Whimsicott
|-resisted|p1a: Whimsicott
|-damage|p1a: Whimsicott|151\/261
|choice||switch 4
|
|switch|p2a: Escavalier|Escavalier, M|343\/343
|
|-fieldend|move: Trick Room
|upkeep
|turn|14
|choice|switch 5|move poisonjab
|
|switch|p1a: Machamp|Machamp, F|350\/350
|move|p2a: Escavalier|Poison Jab|p1a: Machamp
|-damage|p1a: Machamp|218\/350
|-status|p1a: Machamp|psn
|
|-damage|p1a: Machamp|175\/350 psn|[from] psn
|upkeep
|turn|15
|choice|move dynamicpunch|switch 6
|
|switch|p2a: Slowking|Slowking, F|380\/380
|move|p1a: Machamp|Dynamic Punch|p2a: Slowking
|-resisted|p2a: Slowking
|-damage|p2a: Slowking|274\/380
|-start|p2a: Slowking|confusion
|
|-heal|p2a: Slowking|297\/380|[from] item: Leftovers
|-damage|p1a: Machamp|132\/350 psn|[from] psn
|upkeep
|turn|16
|choice|move knockoff|move trickroom
|
|move|p1a: Machamp|Knock Off|p2a: Slowking
|-supereffective|p2a: Slowking
|-damage|p2a: Slowking|57\/380
|-enditem|p2a: Slowking|Leftovers|[from] move: Knock Off|[of] p1a: Machamp
|-activate|p2a: Slowking|confusion
|-damage|p2a: Slowking|32\/380|[from] confusion
|
|-damage|p1a: Machamp|89\/350 psn|[from] psn
|upkeep
|turn|17
|choice|move earthquake|move trickroom
|
|move|p1a: Machamp|Earthquake|p2a: Slowking
|-damage|p2a: Slowking|0 fnt
|faint|p2a: Slowking
|
|-damage|p1a: Machamp|46\/350 psn|[from] psn
|upkeep
|choice||switch 3
|
|switch|p2a: Diancie|Diancie|170\/303
|turn|18
|choice|switch 3|move trickroom
|
|switch|p1a: Tentacruel|Tentacruel, M|301\/301
|move|p2a: Diancie|Trick Room|p2a: Diancie
|-fieldstart|move: Trick Room|[of] p2a: Diancie
|
|upkeep
|turn|19
|choice|move hydropump|switch 4
|
|switch|p2a: Ampharos|Ampharos-Mega, M|329\/383
|-ability|p2a: Ampharos|Mold Breaker
|move|p1a: Tentacruel|Hydro Pump|p2a: Ampharos
|-resisted|p2a: Ampharos
|-damage|p2a: Ampharos|270\/383
|
|upkeep
|turn|20
|choice|move sludgewave|move discharge
|
|move|p2a: Ampharos|Discharge|p1a: Tentacruel
|-supereffective|p1a: Tentacruel
|-damage|p1a: Tentacruel|1\/301
|move|p1a: Tentacruel|Sludge Wave|p2a: Ampharos
|-damage|p2a: Ampharos|162\/383
|
|-heal|p1a: Tentacruel|19\/301|[from] item: Black Sludge
|upkeep
|turn|21
|choice|move acidspray|move discharge
|
|move|p2a: Ampharos|Discharge|p1a: Tentacruel
|-supereffective|p1a: Tentacruel
|-damage|p1a: Tentacruel|0 fnt
|faint|p1a: Tentacruel
|
|upkeep
|choice|switch 5|
|
|switch|p1a: Whimsicott|Whimsicott, F|151\/261
|turn|22
|choice|move naturepower|move voltswitch
|
|move|p1a: Whimsicott|Nature Power|p2a: Ampharos
|move|p1a: Whimsicott|Tri Attack|p2a: Ampharos|[from]Nature Power
|-damage|p2a: Ampharos|95\/383
|move|p2a: Ampharos|Volt Switch|p1a: Whimsicott
|-resisted|p1a: Whimsicott
|-damage|p1a: Whimsicott|50\/261
|choice||switch 4
|
|switch|p2a: Diancie|Diancie|170\/303
|
|-fieldend|move: Trick Room
|upkeep
|turn|23
|choice|move moonblast|move trickroom
|
|move|p1a: Whimsicott|Moonblast|p2a: Diancie
|-damage|p2a: Diancie|85\/303
|move|p2a: Diancie|Trick Room|p2a: Diancie
|-fieldstart|move: Trick Room|[of] p2a: Diancie
|
|upkeep
|turn|24
|choice|move naturepower|switch 2
|
|switch|p2a: Chandelure|Chandelure, M|182\/324
|move|p1a: Whimsicott|Nature Power|p2a: Chandelure
|move|p1a: Whimsicott|Tri Attack|p2a: Chandelure|[from]Nature Power
|-immune|p2a: Chandelure|[msg]
|
|-heal|p2a: Chandelure|202\/324|[from] item: Leftovers
|upkeep
|turn|25
|choice|move moonblast|move substitute
|
|move|p2a: Chandelure|Substitute|p2a: Chandelure
|-start|p2a: Chandelure|Substitute
|-damage|p2a: Chandelure|121\/324
|move|p1a: Whimsicott|Moonblast|p2a: Chandelure
|-resisted|p2a: Chandelure
|-end|p2a: Chandelure|Substitute
|
|-heal|p2a: Chandelure|141\/324|[from] item: Leftovers
|upkeep
|turn|26
|choice|switch 4|move fireblast
|
|switch|p1a: Mandibuzz|Mandibuzz, F|403\/403
|move|p2a: Chandelure|Fire Blast|p1a: Mandibuzz
|-damage|p1a: Mandibuzz|183\/403
|
|-heal|p2a: Chandelure|161\/324|[from] item: Leftovers
|-heal|p1a: Mandibuzz|208\/403|[from] item: Leftovers
|upkeep
|turn|27
|choice|move roost|move fireblast
|
|move|p2a: Chandelure|Fire Blast|p1a: Mandibuzz
|-damage|p1a: Mandibuzz|0 fnt
|faint|p1a: Mandibuzz
|
|-heal|p2a: Chandelure|181\/324|[from] item: Leftovers
|-fieldend|move: Trick Room
|upkeep
|choice|switch 6|
|
|switch|p1a: Porygon-Z|Porygon-Z|311\/311
|turn|28
|choice|move icebeam|move fireblast
|
|move|p1a: Porygon-Z|Ice Beam|p2a: Chandelure
|-resisted|p2a: Chandelure
|-damage|p2a: Chandelure|85\/324
|move|p2a: Chandelure|Fire Blast|p1a: Porygon-Z|[miss]
|-miss|p2a: Chandelure|p1a: Porygon-Z
|
|-heal|p2a: Chandelure|105\/324|[from] item: Leftovers
|upkeep
|turn|29
|choice|switch 3|switch 6
|
|switch|p1a: Machamp|Machamp, F|46\/350 psn
|switch|p2a: Escavalier|Escavalier, M|343\/343
|
|-damage|p1a: Machamp|3\/350 psn|[from] psn
|upkeep
|turn|30
|choice|move fireblast|switch 6
|
|switch|p2a: Chandelure|Chandelure, M|105\/324
|move|p1a: Machamp|Fire Blast|p2a: Chandelure
|-start|p2a: Chandelure|ability: Flash Fire
|
|-heal|p2a: Chandelure|125\/324|[from] item: Leftovers
|-damage|p1a: Machamp|0 fnt|[from] psn
|upkeep
|faint|p1a: Machamp
|choice|switch 4|
|
|switch|p1a: Whimsicott|Whimsicott, F|50\/261
|turn|31
|choice|move moonblast|switch 4
|
|-end|p2a: Chandelure|ability: Flash Fire|[silent]
|switch|p2a: Ampharos|Ampharos-Mega, M|95\/383
|-ability|p2a: Ampharos|Mold Breaker
|move|p1a: Whimsicott|Moonblast|p2a: Ampharos
|-supereffective|p2a: Ampharos
|-damage|p2a: Ampharos|0 fnt
|faint|p2a: Ampharos
|
|upkeep
|choice||switch 2
|
|switch|p2a: Diancie|Diancie|85\/303
|turn|32
|choice|move gigadrain|move trickroom
|
|move|p1a: Whimsicott|Giga Drain|p2a: Diancie
|-supereffective|p2a: Diancie
|-damage|p2a: Diancie|0 fnt
|-heal|p1a: Whimsicott|93\/261|[from] drain|[of] p2a: Diancie
|faint|p2a: Diancie
|
|upkeep
|choice||switch 6
|
|switch|p2a: Escavalier|Escavalier, M|343\/343
|turn|33
|choice|move naturepower|move poisonjab
|
|move|p1a: Whimsicott|Nature Power|p2a: Escavalier
|move|p1a: Whimsicott|Tri Attack|p2a: Escavalier|[from]Nature Power
|-resisted|p2a: Escavalier
|-damage|p2a: Escavalier|321\/343
|-status|p2a: Escavalier|brn
|move|p2a: Escavalier|Poison Jab|p1a: Whimsicott
|-supereffective|p1a: Whimsicott
|-damage|p1a: Whimsicott|0 fnt
|faint|p1a: Whimsicott
|
|-damage|p2a: Escavalier|279\/343 brn|[from] brn
|upkeep
|choice|switch 3|
|
|switch|p1a: Porygon-Z|Porygon-Z|311\/311
|turn|34
|c|☆Zydarhgud|The one status I couldn't afford
|choice|move thunderbolt|move knockoff
|
|move|p1a: Porygon-Z|Thunderbolt|p2a: Escavalier
|-damage|p2a: Escavalier|168\/343 brn
|move|p2a: Escavalier|Knock Off|p1a: Porygon-Z
|-damage|p1a: Porygon-Z|235\/311
|-enditem|p1a: Porygon-Z|Choice Specs|[from] move: Knock Off|[of] p2a: Escavalier
|
|-damage|p2a: Escavalier|126\/343 brn|[from] brn
|upkeep
|turn|35
|choice|move triattack|move megahorn
|
|move|p1a: Porygon-Z|Tri Attack|p2a: Escavalier
|-resisted|p2a: Escavalier
|-crit|p2a: Escavalier
|-damage|p2a: Escavalier|21\/343 brn
|move|p2a: Escavalier|Megahorn|p1a: Porygon-Z
|-damage|p1a: Porygon-Z|22\/311
|
|-damage|p2a: Escavalier|0 fnt|[from] brn
|upkeep
|faint|p2a: Escavalier
|c|☆Parnstar|gg
|choice||switch 4
|
|switch|p2a: Chandelure|Chandelure, M|125\/324
|turn|36
|c|☆Zydarhgud|Gg
|choice|move thunderbolt|move fireblast
|
|move|p1a: Porygon-Z|Thunderbolt|p2a: Chandelure
|-crit|p2a: Chandelure
|-damage|p2a: Chandelure|0 fnt
|faint|p2a: Chandelure
|
|win|Parnstar
|raw|Parnstar's rating: 1323 &rarr; <strong>1330<\/strong><br \/>(+7 for winning)
|raw|Zydarhgud's rating: 1059 &rarr; <strong>1052<\/strong><br \/>(-7 for losing)</script>
</div>
<div class="battle-log battle-log-inline"><div class="inner"><div class="battle-options"></div><div class="inner"><div class="chat"><small>Parnstar joined.</small></div><div class="chat"><small>Zydarhgud joined.</small></div><div class=""><small>Format:</small> <br><strong>UU</strong></div><div class="rated"><strong>Rated battle</strong></div><div class=""><small><em>Sleep Clause Mod:</em> Limit one foe put to sleep</small></div><div class=""><small><em>Species Clause:</em> Limit one of each Pokémon</small></div><div class=""><small><em>OHKO Clause:</em> OHKO moves are banned</small></div><div class=""><small><em>Moody Clause:</em> Moody is banned</small></div><div class=""><small><em>Evasion Moves Clause:</em> Evasion moves are banned</small></div><div class=""><small><em>Endless Battle Clause:</em> Forcing endless battles is banned</small></div><div class=""><small><em>HP Percentage Mod:</em> HP is shown in percentages</small></div><div class=""><small><em>Swagger Clause:</em> Swagger is banned</small></div><div class=""><small><em>Baton Pass Clause:</em> Limit one Baton Passer, can't pass Spe and other stats simultaneously</small></div><div class="chat battle-history"><strong>Parnstar's team:</strong> <em style="color:#445566;display:block;">Mandibuzz / Tentacruel / Whimsicott / Entei / Machamp / Porygon-Z</em></div><div class="chat battle-history"><strong>Zydarhgud's team:</strong> <em style="color:#445566;display:block;">Ampharos / Slowking / Porygon2 / Escavalier / Chandelure / Diancie</em></div><div class="spacer battle-history"><br></div><div class="battle-history">Battle started between Parnstar and Zydarhgud!<br></div><div class="spacer battle-history"><br></div><div class="battle-history">Go! <strong>Entei</strong>!<br></div><div class="spacer battle-history"><br></div><div class="battle-history">Zydarhgud sent out <strong>Porygon2</strong>!<br></div><div class="battle-history"><small>[Entei's Pressure]</small><br><small>Entei is exerting its pressure!</small><br></div><div class="battle-history"><small>[The opposing Porygon2's Download]</small><br></div><div class="battle-history"><small>The opposing Porygon2's Special Attack rose!</small><br></div><div class="spacer battle-history"><br></div><h2 class="battle-history">Turn 1</h2><div class="chat chatmessage-parnstar"><strong style="color:hsl(41,84%,41.163999978976825%)"><small>☆</small><span class="username" data-name="Parnstar">Parnstar</span>:</strong> <em>gf</em></div><div class="spacer battle-history"><br></div><div class="battle-history">Entei used <strong>Sacred Fire</strong>!<br></div><div class="battle-history"><small>(The opposing Porygon2 lost <abbr title="−132/374">35.3%</abbr> of its health!)</small><br></div><div class="spacer battle-history"><br></div><div class="battle-history">The opposing Porygon2 used <strong>Trick Room</strong>!<br></div><div class="battle-history"><small>The opposing Porygon2 twisted the dimensions!</small><br></div><div class="spacer battle-history"><br></div><h2 class="battle-history">Turn 2</h2><div class="spacer battle-history"><br></div><div class="battle-history">The opposing Porygon2 used <strong>Tri Attack</strong>!<br></div><div class="battle-history"><small>(Entei lost <abbr title="−241/371">65.0%</abbr> of its health!)</small><br></div><div class="spacer battle-history"><br></div><div class="battle-history">Entei used <strong>Sacred Fire</strong>!<br></div><div class="battle-history"><small>(The opposing Porygon2 lost <abbr title="−148/374">39.6%</abbr> of its health!)</small><br></div><div class="battle-history"><small>The opposing Porygon2 was burned!</small><br></div><div class="spacer battle-history"><br></div><div class="battle-history"><small>The opposing Porygon2 was hurt by its burn!</small><br></div><div class="spacer battle-history"><br></div><h2 class="battle-history">Turn 3</h2><div class="spacer battle-history"><br></div><div class="battle-history">Entei used <strong>Extreme Speed</strong>!<br></div><div class="battle-history"><small>(The opposing Porygon2 lost <abbr title="−48/374">12.8%</abbr> of its health!)</small><br></div><div class="spacer battle-history"><br></div><div class="battle-history">The opposing Porygon2 fainted!<br></div><div class="spacer battle-history"><br></div><div class="battle-history">Zydarhgud sent out <strong>Chandelure</strong>!<br></div><div class="spacer battle-history"><br></div><h2 class="battle-history">Turn 4</h2><div class="spacer battle-history"><br></div><div class="battle-history">Entei, come back!<br></div><div class="battle-history">Go! <strong>Porygon-Z</strong>!<br></div><div class="spacer battle-history"><br></div><div class="battle-history">The opposing Chandelure used <strong>Substitute</strong>!<br></div><div class="battle-history"><small>The opposing Chandelure put in a substitute!</small><br></div><div class="battle-history"><small>(The opposing Chandelure lost <abbr title="−81/324">25%</abbr> of its health!)</small><br></div><div class="spacer battle-history"><br></div><div class="battle-history"><small>The opposing Chandelure restored a little HP using its Leftovers!</small><br></div><div class="spacer battle-history"><br></div><h2 class="battle-history">Turn 5</h2><div class="spacer battle-history"><br></div><div class="battle-history">The opposing Chandelure used <strong>Calm Mind</strong>!<br></div><div class="battle-history"><small>The opposing Chandelure's Special Attack rose!</small><br></div><div class="battle-history"><small>The opposing Chandelure's Special Defense rose!</small><br></div><div class="spacer battle-history"><br></div><div class="battle-history">Porygon-Z used <strong>Thunderbolt</strong>!<br></div><div class="battle-history"><small>The opposing Chandelure's substitute faded!</small><br></div><div class="spacer battle-history"><br></div><div class="battle-history"><small>The opposing Chandelure restored a little HP using its Leftovers!</small><br></div><div class="battle-history"><small>The twisted dimensions returned to normal!</small><br></div><div class="spacer battle-history"><br></div><h2 class="battle-history">Turn 6</h2><div class="spacer battle-history"><br></div><div class="battle-history">Porygon-Z used <strong>Thunderbolt</strong>!<br></div><div class="battle-history"><small>(The opposing Chandelure lost <abbr title="−141/324">43.5%</abbr> of its health!)</small><br></div><div class="battle-history"><small>The opposing Chandelure is paralyzed! It may be unable to move!</small><br></div><div class="spacer battle-history"><br></div><div class="battle-history">The opposing Chandelure used <strong>Calm Mind</strong>!<br></div><div class="battle-history"><small>The opposing Chandelure's Special Attack rose!</small><br></div><div class="battle-history"><small>The opposing Chandelure's Special Defense rose!</small><br></div><div class="spacer battle-history"><br></div><div class="battle-history"><small>The opposing Chandelure restored a little HP using its Leftovers!</small><br></div><div class="spacer battle-history"><br></div><h2 class="battle-history">Turn 7</h2><div class="spacer battle-history"><br></div><div class="battle-history">Porygon-Z, come back!<br></div><div class="battle-history">Go! <strong>Entei</strong>!<br></div><div class="battle-history"><small>[Entei's Pressure]</small><br><small>Entei is exerting its pressure!</small><br></div><div class="spacer battle-history"><br></div><div class="battle-history">The opposing Chandelure used <strong>Fire Blast</strong>!<br></div><div class="battle-history"><small>It's not very effective...</small><br></div><div class="battle-history"><small>(Entei lost <abbr title="−130/371">35.0%</abbr> of its health!)</small><br></div><div class="spacer battle-history"><br></div><div class="battle-history">Entei fainted!<br></div><div class="spacer battle-history"><br></div><div class="battle-history"><small>The opposing Chandelure restored a little HP using its Leftovers!</small><br></div><div class="spacer battle-history"><br></div><div class="battle-history">Go! <strong>Tentacruel</strong>!<br></div><div class="spacer battle-history"><br></div><h2 class="battle-history">Turn 8</h2><div class="spacer battle-history"><br></div><div class="battle-history">Zydarhgud withdrew Chandelure!<br></div><div class="battle-history">Zydarhgud sent out <strong>Slowking</strong>!<br></div><div class="spacer battle-history"><br></div><div class="battle-history">Tentacruel used <strong>Hydro Pump</strong>!<br></div><div class="battle-history"><small>It's not very effective...</small><br></div><div class="battle-history"><small>A critical hit!</small><br></div><div class="battle-history"><small>(The opposing Slowking lost <abbr title="−102/380">26.8%</abbr> of its health!)</small><br></div><div class="spacer battle-history"><br></div><div class="battle-history"><small>The opposing Slowking restored a little HP using its Leftovers!</small><br></div><div class="spacer battle-history"><br></div><h2 class="battle-history">Turn 9</h2><div class="spacer battle-history"><br></div><div class="battle-history">Tentacruel, come back!<br></div><div class="battle-history">Go! <strong>Porygon-Z</strong>!<br></div><div class="spacer battle-history"><br></div><div class="battle-history">The opposing Slowking used <strong>Trick Room</strong>!<br></div><div class="battle-history"><small>The opposing Slowking twisted the dimensions!</small><br></div><div class="spacer battle-history"><br></div><div class="battle-history"><small>The opposing Slowking restored a little HP using its Leftovers!</small><br></div><div class="spacer battle-history"><br></div><h2 class="battle-history">Turn 10</h2><div class="spacer battle-history"><br></div><div class="battle-history">Zydarhgud withdrew Slowking!<br></div><div class="battle-history">Zydarhgud sent out <strong>Diancie</strong>!<br></div><div class="spacer battle-history"><br></div><div class="battle-history">Porygon-Z used <strong>Tri Attack</strong>!<br></div><div class="battle-history"><small>It's not very effective...</small><br></div><div class="battle-history"><small>(The opposing Diancie lost <abbr title="−96/303">31.7%</abbr> of its health!)</small><br></div><div class="battle-history"><small>The opposing Diancie was burned!</small><br></div><div class="spacer battle-history"><br></div><div class="battle-history"><small>The opposing Diancie was hurt by its burn!</small><br></div><div class="spacer battle-history"><br></div><h2 class="battle-history">Turn 11</h2><div class="spacer battle-history"><br></div><div class="battle-history">Porygon-Z, come back!<br></div><div class="battle-history">Go! <strong>Tentacruel</strong>!<br></div><div class="spacer battle-history"><br></div><div class="battle-history">The opposing Diancie used <strong>Heal Bell</strong>!<br></div><div class="battle-history"><small>A bell chimed!</small><br></div><div class="battle-history"><small>The opposing Diancie's burn was healed.</small><br></div><div class="battle-history"><small>The opposing Chandelure was cured of paralysis.</small><br></div><div class="spacer battle-history"><br></div><h2 class="battle-history">Turn 12</h2><div class="spacer battle-history"><br></div><div class="battle-history">Zydarhgud withdrew Diancie!<br></div><div class="battle-history">Zydarhgud sent out <strong>Ampharos</strong>!<br></div><div class="spacer battle-history"><br></div><div class="battle-history">Tentacruel used <strong>Acid Spray</strong>!<br></div><div class="battle-history"><small>(The opposing Ampharos lost <abbr title="−54/383">14.1%</abbr> of its health!)</small><br></div><div class="battle-history"><small>The opposing Ampharos's Special Defense fell harshly!</small><br></div><div class="spacer battle-history"><br></div><h2 class="battle-history">Turn 13</h2><div class="spacer battle-history"><br></div><div class="battle-history">Tentacruel, come back!<br></div><div class="battle-history">Go! <strong>Whimsicott</strong>!<br></div><div class="spacer battle-history"><br></div><div class="battle-history"><small>The opposing Ampharos's Ampharosite is reacting to Zydarhgud's Mega Bracelet!</small><br>The opposing Ampharos has Mega Evolved into Mega Ampharos!<br></div><div class="battle-history"><small>[The opposing Ampharos's Mold Breaker]</small><br><small>The opposing Ampharos breaks the mold!</small><br></div><div class="spacer battle-history"><br></div><div class="battle-history">The opposing Ampharos used <strong>Volt Switch</strong>!<br></div><div class="battle-history"><small>It's not very effective...</small><br></div><div class="battle-history"><small>(Whimsicott lost <abbr title="−110/261">42.1%</abbr> of its health!)</small><br></div><div class="spacer battle-history"><br></div><div class="battle-history">The opposing Ampharos went back to Zydarhgud!<br></div><div class="battle-history">Zydarhgud sent out <strong>Escavalier</strong>!<br></div><div class="spacer battle-history"><br></div><div class="battle-history"><small>The twisted dimensions returned to normal!</small><br></div><div class="spacer battle-history"><br></div><h2 class="battle-history">Turn 14</h2><div class="spacer battle-history"><br></div><div class="battle-history">Whimsicott, come back!<br></div><div class="battle-history">Go! <strong>Machamp</strong>!<br></div><div class="spacer battle-history"><br></div><div class="battle-history">The opposing Escavalier used <strong>Poison Jab</strong>!<br></div><div class="battle-history"><small>(Machamp lost <abbr title="−132/350">37.7%</abbr> of its health!)</small><br></div><div class="battle-history"><small>Machamp was poisoned!</small><br></div><div class="spacer battle-history"><br></div><div class="battle-history"><small>Machamp was hurt by poison!</small><br></div><div class="spacer battle-history"><br></div><h2 class="battle-history">Turn 15</h2><div class="spacer battle-history"><br></div><div class="battle-history">Zydarhgud withdrew Escavalier!<br></div><div class="battle-history">Zydarhgud sent out <strong>Slowking</strong>!<br></div><div class="spacer battle-history"><br></div><div class="battle-history">Machamp used <strong>Dynamic Punch</strong>!<br></div><div class="battle-history"><small>It's not very effective...</small><br></div><div class="battle-history"><small>(The opposing Slowking lost <abbr title="−106/380">27.9%</abbr> of its health!)</small><br></div><div class="battle-history"><small>The opposing Slowking became confused!</small><br></div><div class="spacer battle-history"><br></div><div class="battle-history"><small>The opposing Slowking restored a little HP using its Leftovers!</small><br></div><div class="battle-history"><small>Machamp was hurt by poison!</small><br></div><div class="spacer battle-history"><br></div><h2 class="battle-history">Turn 16</h2><div class="spacer battle-history"><br></div><div class="battle-history">Machamp used <strong>Knock Off</strong>!<br></div><div class="battle-history"><small>It's super effective!</small><br></div><div class="battle-history"><small>(The opposing Slowking lost <abbr title="−240/380">63.2%</abbr> of its health!)</small><br></div><div class="battle-history"><small>Machamp knocked off the opposing Slowking's Leftovers!</small><br></div><div class="spacer battle-history"><br></div><div class="battle-history"><small>The opposing Slowking is confused!</small><br></div><div class="battle-history">It hurt itself in its confusion!<br></div><div class="spacer battle-history"><br></div><div class="battle-history"><small>Machamp was hurt by poison!</small><br></div><div class="spacer battle-history"><br></div><h2 class="battle-history">Turn 17</h2><div class="spacer battle-history"><br></div><div class="battle-history">Machamp used <strong>Earthquake</strong>!<br></div><div class="battle-history"><small>(The opposing Slowking lost <abbr title="−32/380">8.4%</abbr> of its health!)</small><br></div><div class="spacer battle-history"><br></div><div class="battle-history">The opposing Slowking fainted!<br></div><div class="spacer battle-history"><br></div><div class="battle-history"><small>Machamp was hurt by poison!</small><br></div><div class="spacer battle-history"><br></div><div class="battle-history">Zydarhgud sent out <strong>Diancie</strong>!<br></div><div class="spacer battle-history"><br></div><h2 class="battle-history">Turn 18</h2><div class="spacer battle-history"><br></div><div class="battle-history">Machamp, come back!<br></div><div class="battle-history">Go! <strong>Tentacruel</strong>!<br></div><div class="spacer battle-history"><br></div><div class="battle-history">The opposing Diancie used <strong>Trick Room</strong>!<br></div><div class="battle-history"><small>The opposing Diancie twisted the dimensions!</small><br></div><div class="spacer battle-history"><br></div><h2 class="battle-history">Turn 19</h2><div class="spacer battle-history"><br></div><div class="battle-history">Zydarhgud withdrew Diancie!<br></div><div class="battle-history">Zydarhgud sent out Ampharos (<strong>Ampharos-Mega</strong>)!<br></div><div class="battle-history"><small>[The opposing Ampharos's Mold Breaker]</small><br><small>The opposing Ampharos breaks the mold!</small><br></div><div class="spacer battle-history"><br></div><div class="battle-history">Tentacruel used <strong>Hydro Pump</strong>!<br></div><div class="battle-history"><small>It's not very effective...</small><br></div><div class="battle-history"><small>(The opposing Ampharos lost <abbr title="−59/383">15.4%</abbr> of its health!)</small><br></div><div class="spacer battle-history"><br></div><h2 class="battle-history">Turn 20</h2><div class="spacer battle-history"><br></div><div class="battle-history">The opposing Ampharos used <strong>Discharge</strong>!<br></div><div class="battle-history"><small>It's super effective!</small><br></div><div class="battle-history"><small>(Tentacruel lost <abbr title="−300/301">99.7%</abbr> of its health!)</small><br></div><div class="spacer battle-history"><br></div><div class="battle-history">Tentacruel used <strong>Sludge Wave</strong>!<br></div><div class="battle-history"><small>(The opposing Ampharos lost <abbr title="−108/383">28.2%</abbr> of its health!)</small><br></div><div class="spacer battle-history"><br></div><div class="battle-history"><small>Tentacruel restored a little HP using its Black Sludge!</small><br></div><div class="spacer battle-history"><br></div><h2 class="battle-history">Turn 21</h2><div class="spacer battle-history"><br></div><div class="battle-history">The opposing Ampharos used <strong>Discharge</strong>!<br></div><div class="battle-history"><small>It's super effective!</small><br></div><div class="battle-history"><small>(Tentacruel lost <abbr title="−19/301">6.3%</abbr> of its health!)</small><br></div><div class="spacer battle-history"><br></div><div class="battle-history">Tentacruel fainted!<br></div><div class="spacer battle-history"><br></div><div class="battle-history">Go! <strong>Whimsicott</strong>!<br></div><div class="spacer battle-history"><br></div><h2 class="battle-history">Turn 22</h2><div class="spacer battle-history"><br></div><div class="battle-history">Whimsicott used <strong>Nature Power</strong>!<br></div><div class="spacer battle-history"><br></div><div class="battle-history">Nature Power turned into Tri Attack!<br></div><div class="battle-history"><small>(The opposing Ampharos lost <abbr title="−67/383">17.5%</abbr> of its health!)</small><br></div><div class="spacer battle-history"><br></div><div class="battle-history">The opposing Ampharos used <strong>Volt Switch</strong>!<br></div><div class="battle-history"><small>It's not very effective...</small><br></div><div class="battle-history"><small>(Whimsicott lost <abbr title="−101/261">38.7%</abbr> of its health!)</small><br></div><div class="spacer battle-history"><br></div><div class="battle-history">The opposing Ampharos went back to Zydarhgud!<br></div><div class="battle-history">Zydarhgud sent out <strong>Diancie</strong>!<br></div><div class="spacer battle-history"><br></div><div class="battle-history"><small>The twisted dimensions returned to normal!</small><br></div><div class="spacer battle-history"><br></div><h2 class="battle-history">Turn 23</h2><div class="spacer battle-history"><br></div><div class="battle-history">Whimsicott used <strong>Moonblast</strong>!<br></div><div class="battle-history"><small>(The opposing Diancie lost <abbr title="−85/303">28.1%</abbr> of its health!)</small><br></div><div class="spacer battle-history"><br></div><div class="battle-history">The opposing Diancie used <strong>Trick Room</strong>!<br></div><div class="battle-history"><small>The opposing Diancie twisted the dimensions!</small><br></div><div class="spacer battle-history"><br></div><h2 class="battle-history">Turn 24</h2><div class="spacer battle-history"><br></div><div class="battle-history">Zydarhgud withdrew Diancie!<br></div><div class="battle-history">Zydarhgud sent out <strong>Chandelure</strong>!<br></div><div class="spacer battle-history"><br></div><div class="battle-history">Whimsicott used <strong>Nature Power</strong>!<br></div><div class="spacer battle-history"><br></div><div class="battle-history">Nature Power turned into Tri Attack!<br></div><div class="battle-history"><small>It doesn't affect the opposing Chandelure...</small><br></div><div class="spacer battle-history"><br></div><div class="battle-history"><small>The opposing Chandelure restored a little HP using its Leftovers!</small><br></div><div class="spacer battle-history"><br></div><h2 class="battle-history">Turn 25</h2><div class="spacer battle-history"><br></div><div class="battle-history">The opposing Chandelure used <strong>Substitute</strong>!<br></div><div class="battle-history"><small>The opposing Chandelure put in a substitute!</small><br></div><div class="battle-history"><small>(The opposing Chandelure lost <abbr title="−81/324">25%</abbr> of its health!)</small><br></div><div class="spacer battle-history"><br></div><div class="battle-history">Whimsicott used <strong>Moonblast</strong>!<br></div><div class="battle-history"><small>It's not very effective...</small><br></div><div class="battle-history"><small>The opposing Chandelure's substitute faded!</small><br></div><div class="spacer battle-history"><br></div><div class="battle-history"><small>The opposing Chandelure restored a little HP using its Leftovers!</small><br></div><div class="spacer battle-history"><br></div><h2 class="battle-history">Turn 26</h2><div class="spacer battle-history"><br></div><div class="battle-history">Whimsicott, come back!<br></div><div class="battle-history">Go! <strong>Mandibuzz</strong>!<br></div><div class="spacer battle-history"><br></div><div class="battle-history">The opposing Chandelure used <strong>Fire Blast</strong>!<br></div><div class="battle-history"><small>(Mandibuzz lost <abbr title="−220/403">54.6%</abbr> of its health!)</small><br></div><div class="spacer battle-history"><br></div><div class="battle-history"><small>The opposing Chandelure restored a little HP using its Leftovers!</small><br></div><div class="battle-history"><small>Mandibuzz restored a little HP using its Leftovers!</small><br></div><div class="spacer battle-history"><br></div><h2 class="battle-history">Turn 27</h2><div class="spacer battle-history"><br></div><div class="battle-history">The opposing Chandelure used <strong>Fire Blast</strong>!<br></div><div class="battle-history"><small>(Mandibuzz lost <abbr title="−208/403">51.6%</abbr> of its health!)</small><br></div><div class="spacer battle-history"><br></div><div class="battle-history">Mandibuzz fainted!<br></div><div class="spacer battle-history"><br></div><div class="battle-history"><small>The opposing Chandelure restored a little HP using its Leftovers!</small><br></div><div class="battle-history"><small>The twisted dimensions returned to normal!</small><br></div><div class="spacer battle-history"><br></div><div class="battle-history">Go! <strong>Porygon-Z</strong>!<br></div><div class="spacer battle-history"><br></div><h2 class="battle-history">Turn 28</h2><div class="spacer battle-history"><br></div><div class="battle-history">Porygon-Z used <strong>Ice Beam</strong>!<br></div><div class="battle-history"><small>It's not very effective...</small><br></div><div class="battle-history"><small>(The opposing Chandelure lost <abbr title="−96/324">29.6%</abbr> of its health!)</small><br></div><div class="spacer battle-history"><br></div><div class="battle-history">The opposing Chandelure used <strong>Fire Blast</strong>!<br></div><div class="battle-history"><small>Porygon-Z avoided the attack!</small><br></div><div class="spacer battle-history"><br></div><div class="battle-history"><small>The opposing Chandelure restored a little HP using its Leftovers!</small><br></div><div class="spacer battle-history"><br></div><h2 class="battle-history">Turn 29</h2><div class="spacer battle-history"><br></div><div class="battle-history">Porygon-Z, come back!<br></div><div class="battle-history">Go! <strong>Machamp</strong>!<br></div><div class="spacer battle-history"><br></div><div class="battle-history">Zydarhgud withdrew Chandelure!<br></div><div class="battle-history">Zydarhgud sent out <strong>Escavalier</strong>!<br></div><div class="spacer battle-history"><br></div><div class="battle-history"><small>Machamp was hurt by poison!</small><br></div><div class="spacer battle-history"><br></div><h2 class="battle-history">Turn 30</h2><div class="spacer battle-history"><br></div><div class="battle-history">Zydarhgud withdrew Escavalier!<br></div><div class="battle-history">Zydarhgud sent out <strong>Chandelure</strong>!<br></div><div class="spacer battle-history"><br></div><div class="battle-history">Machamp used <strong>Fire Blast</strong>!<br></div><div class="battle-history"><small>[The opposing Chandelure's Flash Fire]</small><br><small>The power of the opposing Chandelure's Fire-type moves rose!</small><br></div><div class="spacer battle-history"><br></div><div class="battle-history"><small>The opposing Chandelure restored a little HP using its Leftovers!</small><br></div><div class="battle-history"><small>Machamp was hurt by poison!</small><br></div><div class="spacer battle-history"><br></div><div class="battle-history">Machamp fainted!<br></div><div class="spacer battle-history"><br></div><div class="battle-history">Go! <strong>Whimsicott</strong>!<br></div><div class="spacer battle-history"><br></div><h2 class="battle-history">Turn 31</h2><div class="spacer battle-history"><br></div><div class="battle-history">Zydarhgud withdrew Chandelure!<br></div><div class="battle-history">Zydarhgud sent out Ampharos (<strong>Ampharos-Mega</strong>)!<br></div><div class="battle-history"><small>[The opposing Ampharos's Mold Breaker]</small><br><small>The opposing Ampharos breaks the mold!</small><br></div><div class="spacer battle-history"><br></div><div class="battle-history">Whimsicott used <strong>Moonblast</strong>!<br></div><div class="battle-history"><small>It's super effective!</small><br></div><div class="battle-history"><small>(The opposing Ampharos lost <abbr title="−95/383">24.8%</abbr> of its health!)</small><br></div><div class="spacer battle-history"><br></div><div class="battle-history">The opposing Ampharos fainted!<br></div><div class="spacer battle-history"><br></div><div class="battle-history">Zydarhgud sent out <strong>Diancie</strong>!<br></div><div class="spacer battle-history"><br></div><h2 class="battle-history">Turn 32</h2><div class="spacer battle-history"><br></div><div class="battle-history">Whimsicott used <strong>Giga Drain</strong>!<br></div><div class="battle-history"><small>It's super effective!</small><br></div><div class="battle-history"><small>(The opposing Diancie lost <abbr title="−85/303">28.1%</abbr> of its health!)</small><br></div><div class="battle-history"><small>The opposing Diancie had its energy drained!</small><br></div><div class="spacer battle-history"><br></div><div class="battle-history">The opposing Diancie fainted!<br></div><div class="spacer battle-history"><br></div><div class="battle-history">Zydarhgud sent out <strong>Escavalier</strong>!<br></div><div class="spacer battle-history"><br></div><h2 class="battle-history">Turn 33</h2><div class="spacer battle-history"><br></div><div class="battle-history">Whimsicott used <strong>Nature Power</strong>!<br></div><div class="spacer battle-history"><br></div><div class="battle-history">Nature Power turned into Tri Attack!<br></div><div class="battle-history"><small>It's not very effective...</small><br></div><div class="battle-history"><small>(The opposing Escavalier lost <abbr title="−22/343">6.4%</abbr> of its health!)</small><br></div><div class="battle-history"><small>The opposing Escavalier was burned!</small><br></div><div class="spacer battle-history"><br></div><div class="battle-history">The opposing Escavalier used <strong>Poison Jab</strong>!<br></div><div class="battle-history"><small>It's super effective!</small><br></div><div class="battle-history"><small>(Whimsicott lost <abbr title="−93/261">35.6%</abbr> of its health!)</small><br></div><div class="spacer battle-history"><br></div><div class="battle-history">Whimsicott fainted!<br></div><div class="spacer battle-history"><br></div><div class="battle-history"><small>The opposing Escavalier was hurt by its burn!</small><br></div><div class="spacer battle-history"><br></div><div class="battle-history">Go! <strong>Porygon-Z</strong>!<br></div><div class="spacer battle-history"><br></div><h2 class="battle-history">Turn 34</h2><div class="chat chatmessage-zydarhgud"><strong style="color:hsl(26,68%,38%)"><small>☆</small><span class="username" data-name="Zydarhgud">Zydarhgud</span>:</strong> <em>The one status I couldn't afford</em></div><div class="spacer battle-history"><br></div><div class="battle-history">Porygon-Z used <strong>Thunderbolt</strong>!<br></div><div class="battle-history"><small>(The opposing Escavalier lost <abbr title="−111/343">32.4%</abbr> of its health!)</small><br></div><div class="spacer battle-history"><br></div><div class="battle-history">The opposing Escavalier used <strong>Knock Off</strong>!<br></div><div class="battle-history"><small>(Porygon-Z lost <abbr title="−76/311">24.4%</abbr> of its health!)</small><br></div><div class="battle-history"><small>The opposing Escavalier knocked off Porygon-Z's Choice Specs!</small><br></div><div class="spacer battle-history"><br></div><div class="battle-history"><small>The opposing Escavalier was hurt by its burn!</small><br></div><div class="spacer battle-history"><br></div><h2 class="battle-history">Turn 35</h2><div class="spacer battle-history"><br></div><div class="battle-history">Porygon-Z used <strong>Tri Attack</strong>!<br></div><div class="battle-history"><small>It's not very effective...</small><br></div><div class="battle-history"><small>A critical hit!</small><br></div><div class="battle-history"><small>(The opposing Escavalier lost <abbr title="−105/343">30.6%</abbr> of its health!)</small><br></div><div class="spacer battle-history"><br></div><div class="battle-history">The opposing Escavalier used <strong>Megahorn</strong>!<br></div><div class="battle-history"><small>(Porygon-Z lost <abbr title="−213/311">68.5%</abbr> of its health!)</small><br></div><div class="spacer battle-history"><br></div><div class="battle-history"><small>The opposing Escavalier was hurt by its burn!</small><br></div><div class="spacer battle-history"><br></div><div class="battle-history">The opposing Escavalier fainted!<br></div><div class="chat chatmessage-parnstar"><strong style="color:hsl(41,84%,41.163999978976825%)"><small>☆</small><span class="username" data-name="Parnstar">Parnstar</span>:</strong> <em>gg</em></div><div class="spacer battle-history"><br></div><div class="battle-history">Zydarhgud sent out <strong>Chandelure</strong>!<br></div><div class="spacer battle-history"><br></div><h2 class="battle-history">Turn 36</h2><div class="chat chatmessage-zydarhgud"><strong style="color:hsl(26,68%,38%)"><small>☆</small><span class="username" data-name="Zydarhgud">Zydarhgud</span>:</strong> <em>Gg</em></div><div class="spacer battle-history"><br></div><div class="battle-history">Porygon-Z used <strong>Thunderbolt</strong>!<br></div><div class="battle-history"><small>A critical hit!</small><br></div><div class="battle-history"><small>(The opposing Chandelure lost <abbr title="−125/324">38.6%</abbr> of its health!)</small><br></div><div class="spacer battle-history"><br></div><div class="battle-history">The opposing Chandelure fainted!<br></div><div class="spacer battle-history"><br></div><div class="battle-history"><strong>Parnstar</strong> won the battle!<br></div><div class="chat">Parnstar's rating: 1323 → <strong>1330</strong><br>(+7 for winning)</div><div class="chat">Zydarhgud's rating: 1059 → <strong>1052</strong><br>(-7 for losing)</div></div><div class="inner-preempt"></div></div></div>
</div>
<script>
let daily = Math.floor(Date.now()/1000/60/60/24);document.write('<script src="https://play.pokemonshowdown.com/js/replay-embed.js?version'+daily+'"></'+'script>');
</script>
