<!DOCTYPE html>
<meta charset="utf-8" />
<!-- version 1 -->
<title>UU replay: LonelyLightning vs. Storm Prower</title>
<style>
html,body {font-family:Verdana, sans-serif;font-size:10pt;margin:0;padding:0;}body{padding:12px 0;} .battle-log {font-family:Verdana, sans-serif;font-size:10pt;} .battle-log-inline {border:1px solid #AAAAAA;background:#EEF2F5;color:black;max-width:640px;margin:0 auto 80px;padding-bottom:5px;} .battle-log .inner {padding:4px 8px 0px 8px;} .battle-log .inner-preempt {padding:0 8px 4px 8px;} .battle-log .inner-after {margin-top:0.5em;} .battle-log h2 {margin:0.5em -8px;padding:4px 8px;border:1px solid #AAAAAA;background:#E0E7EA;border-left:0;border-right:0;font-family:Verdana, sans-serif;font-size:13pt;} .battle-log .chat {vertical-align:middle;padding:3px 0 3px 0;font-size:8pt;} .battle-log .chat strong {color:#40576A;} .battle-log .chat em {padding:1px 4px 1px 3px;color:#000000;font-style:normal;} .chat.mine {background:rgba(0,0,0,0.05);margin-left:-8px;margin-right:-8px;padding-left:8px;padding-right:8px;} .spoiler {color:#BBBBBB;background:#BBBBBB;padding:0px 3px;} .spoiler:hover, .spoiler:active, .spoiler-shown {color:#000000;background:#E2E2E2;padding:0px 3px;} .spoiler a {color:#BBBBBB;} .spoiler:hover a, .spoiler:active a, .spoiler-shown a {color:#2288CC;} .chat code, .chat .spoiler:hover code, .chat .spoiler:active code, .chat .spoiler-shown code {border:1px solid #C0C0C0;background:#EEEEEE;color:black;padding:0 2px;} .chat .spoiler code {border:1px solid #CCCCCC;background:#CCCCCC;color:#CCCCCC;} .battle-log .rated {padding:3px 4px;} .battle-log .rated strong {color:white;background:#89A;padding:1px 4px;border-radius:4px;} .spacer {margin-top:0.5em;} .message-announce {background:#6688AA;color:white;padding:1px 4px 2px;} .message-announce a, .broadcast-green a, .broadcast-blue a, .broadcast-red a {color:#DDEEFF;} .broadcast-green {background-color:#559955;color:white;padding:2px 4px;} .broadcast-blue {background-color:#6688AA;color:white;padding:2px 4px;} .infobox {border:1px solid #6688AA;padding:2px 4px;} .infobox-limited {max-height:200px;overflow:auto;overflow-x:hidden;} .broadcast-red {background-color:#AA5544;color:white;padding:2px 4px;} .message-learn-canlearn {font-weight:bold;color:#228822;text-decoration:underline;} .message-learn-cannotlearn {font-weight:bold;color:#CC2222;text-decoration:underline;} .message-effect-weak {font-weight:bold;color:#CC2222;} .message-effect-resist {font-weight:bold;color:#6688AA;} .message-effect-immune {font-weight:bold;color:#666666;} .message-learn-list {margin-top:0;margin-bottom:0;} .message-throttle-notice, .message-error {color:#992222;} .message-overflow, .chat small.message-overflow {font-size:0pt;} .message-overflow::before {font-size:9pt;content:'...';} .subtle {color:#3A4A66;}
</style>
<div class="wrapper replay-wrapper" style="max-width:1180px;margin:0 auto">
<input type="hidden" name="replayid" value="uu-544813521" />
<div class="battle"></div><div class="battle-log"></div><div class="replay-controls"></div><div class="replay-controls-2"></div>
<h1 style="font-weight:normal;text-align:center"><strong>UU</strong><br /><a href="http://pokemonshowdown.com/users/lonelylightning" class="subtle" target="_blank">LonelyLightning</a> vs. <a href="http://pokemonshowdown.com/users/stormprower" class="subtle" target="_blank">Storm Prower</a></h1>
<script type="text/plain" class="battle-log-data">|j|LonelyLightning
|j|Storm Prower
|player|p1|LonelyLightning|285
|player|p2|Storm Prower|238
|gametype|singles
|gen|6
|tier|UU
|rated
|seed|11427,57235,42557,20951
|rule|Sleep Clause Mod: Limit one foe put to sleep
|rule|Species Clause: Limit one of each Pokémon
|rule|OHKO Clause: OHKO moves are banned
|rule|Moody Clause: Moody is banned
|rule|Evasion Moves Clause: Evasion moves are banned
|rule|Endless Battle Clause: Forcing endless battles is banned
|rule|HP Percentage Mod: HP is shown in percentages
|clearpoke
|poke|p1|Sceptile, M|item
|poke|p1|Forretress, F|item
|poke|p1|Nidoking, M|item
|poke|p1|Milotic, F, shiny|item
|poke|p1|Blissey, F|item
|poke|p1|Infernape, F|item
|poke|p2|Jolteon, M|item
|poke|p2|Roserade, F|item
|poke|p2|Milotic, F|item
|poke|p2|Cobalion|item
|poke|p2|Donphan, M|item
|poke|p2|Rotom-Heat|item
|rule|Swagger Clause: Swagger is banned
|rule|Baton Pass Clause: Limit one Baton Passer, can't pass Spe and other stats simultaneously
|teampreview
|choice|team 2, team 1, team 3, team 4, team 5, team 6|team 5, team 2, team 3, team 4, team 1, team 6
|
|start
|switch|p1a: Sazh|Forretress, F|354\/354
|switch|p2a: Donphan|Donphan, M|384\/384
|turn|1
|choice|move toxicspikes|move knockoff
|
|move|p2a: Donphan|Knock Off|p1a: Sazh
|-damage|p1a: Sazh|298\/354
|-enditem|p1a: Sazh|Leftovers|[from] move: Knock Off|[of] p2a: Donphan
|move|p1a: Sazh|Toxic Spikes|p2a: Donphan
|-sidestart|p2: Storm Prower|move: Toxic Spikes
|
|upkeep
|turn|2
|choice|move toxicspikes|move rapidspin
|
|move|p2a: Donphan|Rapid Spin|p1a: Sazh
|-resisted|p1a: Sazh
|-damage|p1a: Sazh|293\/354
|-sideend|p2: Storm Prower|Toxic Spikes|[from] move: Rapid Spin|[of] p2a: Donphan
|move|p1a: Sazh|Toxic Spikes|p2a: Donphan
|-sidestart|p2: Storm Prower|move: Toxic Spikes
|
|upkeep
|turn|3
|choice|switch 4|move earthquake
|
|switch|p1a: Kat|Milotic, F, shiny|394\/394
|move|p2a: Donphan|Earthquake|p1a: Kat
|-damage|p1a: Kat|268\/394
|
|-heal|p1a: Kat|292\/394|[from] item: Leftovers
|upkeep
|turn|4
|choice|move toxic|switch 2
|
|switch|p2a: Belladonna|Roserade, F|321\/321
|-sideend|p2: Storm Prower|move: Toxic Spikes|[of] p2a: Belladonna
|move|p1a: Kat|Toxic|p2a: Belladonna
|-immune|p2a: Belladonna|[msg]
|
|-heal|p1a: Kat|316\/394|[from] item: Leftovers
|upkeep
|turn|5
|choice|switch 5|move sleeppowder
|
|switch|p1a: Goddess|Blissey, F|714\/714
|move|p2a: Belladonna|Sleep Powder|p1a: Goddess|[miss]
|-miss|p2a: Belladonna|p1a: Goddess
|
|upkeep
|turn|6
|choice|move thunderwave|move toxicspikes
|
|move|p2a: Belladonna|Toxic Spikes|p1a: Goddess
|-sidestart|p1: LonelyLightning|move: Toxic Spikes
|move|p1a: Goddess|Thunder Wave|p2a: Belladonna
|-status|p2a: Belladonna|par
|
|upkeep
|turn|7
|choice|move seismictoss|switch 2
|
|-curestatus|p2a: Belladonna|par|[from] ability: Natural Cure
|switch|p2a: Donphan|Donphan, M|384\/384
|move|p1a: Goddess|Seismic Toss|p2a: Donphan
|-damage|p2a: Donphan|284\/384
|
|-heal|p2a: Donphan|308\/384|[from] item: Leftovers
|upkeep
|turn|8
|choice|move wish|move earthquake
|
|move|p1a: Goddess|Wish|p1a: Goddess
|move|p2a: Donphan|Earthquake|p1a: Goddess
|-damage|p1a: Goddess|456\/714
|
|-heal|p1a: Goddess|500\/714|[from] item: Leftovers
|-heal|p2a: Donphan|332\/384|[from] item: Leftovers
|upkeep
|turn|9
|choice|switch 2|move knockoff
|
|switch|p1a: Razor|Sceptile, M|281\/281
|-status|p1a: Razor|psn
|move|p2a: Donphan|Knock Off|p1a: Razor
|-damage|p1a: Razor|180\/281 psn
|
|-heal|p1a: Razor|281\/281 psn|[from] move: Wish|[wisher] Goddess
|-heal|p2a: Donphan|356\/384|[from] item: Leftovers
|-damage|p1a: Razor|246\/281 psn|[from] psn
|upkeep
|turn|10
|choice|move hiddenpower mega|switch 2
|
|switch|p2a: Belladonna|Roserade, F|321\/321
|detailschange|p1a: Razor|Sceptile-Mega, M
|-mega|p1a: Razor|Sceptile|Sceptilite
|move|p1a: Razor|Hidden Power|p2a: Belladonna
|-supereffective|p2a: Belladonna
|-crit|p2a: Belladonna
|-damage|p2a: Belladonna|129\/321
|
|-heal|p2a: Belladonna|149\/321|[from] item: Black Sludge
|-damage|p1a: Razor|211\/281 psn|[from] psn
|upkeep
|turn|11
|choice|move dragonpulse|switch 6
|
|switch|p2a: Rotom|Rotom-Heat|303\/303
|move|p1a: Razor|Dragon Pulse|p2a: Rotom
|-damage|p2a: Rotom|141\/303
|
|-heal|p2a: Rotom|159\/303|[from] item: Leftovers
|-damage|p1a: Razor|176\/281 psn|[from] psn
|upkeep
|turn|12
|l|Storm Prower
|player|p2
|j|Storm Prower
|player|p2|Storm Prower|238
|choice|switch 3|move overheat
|
|switch|p1a: Dexter|Nidoking, M|303\/303
|-sideend|p1: LonelyLightning|move: Toxic Spikes|[of] p1a: Dexter
|move|p2a: Rotom|Overheat|p1a: Dexter
|-damage|p1a: Dexter|63\/303
|-unboost|p2a: Rotom|spa|2
|
|-heal|p2a: Rotom|177\/303|[from] item: Leftovers
|upkeep
|turn|13
|choice|switch 2|move voltswitch
|
|switch|p1a: Goddess|Blissey, F|500\/714
|move|p2a: Rotom|Volt Switch|p1a: Goddess
|-damage|p1a: Goddess|466\/714
|l|Storm Prower
|player|p2
|j|Storm Prower
|player|p2|Storm Prower|238
|choice||switch 4
|
|switch|p2a: Cobalion|Cobalion|385\/385
|
|-heal|p1a: Goddess|510\/714|[from] item: Leftovers
|upkeep
|turn|14
|choice|switch 4|move substitute
|
|switch|p1a: Sazh|Forretress, F|293\/354
|move|p2a: Cobalion|Substitute|p2a: Cobalion
|-start|p2a: Cobalion|Substitute
|-damage|p2a: Cobalion|289\/385
|
|upkeep
|turn|15
|choice|move toxicspikes|move swordsdance
|
|move|p2a: Cobalion|Swords Dance|p2a: Cobalion
|-boost|p2a: Cobalion|atk|2
|move|p1a: Sazh|Toxic Spikes|p2a: Cobalion
|-sidestart|p2: Storm Prower|move: Toxic Spikes
|
|upkeep
|turn|16
|choice|move voltswitch|move closecombat
|
|move|p2a: Cobalion|Close Combat|p1a: Sazh
|-damage|p1a: Sazh|149\/354
|-unboost|p2a: Cobalion|def|1
|-unboost|p2a: Cobalion|spd|1
|move|p1a: Sazh|Volt Switch|p2a: Cobalion
|-activate|p2a: Cobalion|move: Substitute|[damage]
|choice|switch 5|
|
|switch|p1a: Kat|Milotic, F, shiny|316\/394
|
|-heal|p1a: Kat|340\/394|[from] item: Leftovers
|upkeep
|turn|17
|choice|move scald|move closecombat
|
|move|p2a: Cobalion|Close Combat|p1a: Kat
|-damage|p1a: Kat|126\/394
|-unboost|p2a: Cobalion|def|1
|-unboost|p2a: Cobalion|spd|1
|move|p1a: Kat|Scald|p2a: Cobalion
|-end|p2a: Cobalion|Substitute
|
|-heal|p1a: Kat|150\/394|[from] item: Leftovers
|upkeep
|turn|18
|choice|switch 2|move closecombat
|
|switch|p1a: Dexter|Nidoking, M|63\/303
|move|p2a: Cobalion|Close Combat|p1a: Dexter
|-resisted|p1a: Dexter
|-damage|p1a: Dexter|0 fnt
|-unboost|p2a: Cobalion|def|1
|-unboost|p2a: Cobalion|spd|1
|faint|p1a: Dexter
|
|upkeep
|choice|switch 6|
|
|switch|p1a: Troll|Infernape, F|293\/293
|turn|19
|choice|move closecombat|switch 6
|
|switch|p2a: Belladonna|Roserade, F|149\/321
|-sideend|p2: Storm Prower|move: Toxic Spikes|[of] p2a: Belladonna
|move|p1a: Troll|Close Combat|p2a: Belladonna
|-resisted|p2a: Belladonna
|-damage|p2a: Belladonna|0 fnt
|-unboost|p1a: Troll|def|1
|-unboost|p1a: Troll|spd|1
|-damage|p1a: Troll|264\/293|[from] item: Life Orb
|faint|p2a: Belladonna
|
|upkeep
|choice||switch 5
|
|switch|p2a: Sparkster IV|Jolteon, M|271\/271
|turn|20
|choice|switch 5|move voltswitch
|
|switch|p1a: Sazh|Forretress, F|149\/354
|move|p2a: Sparkster IV|Volt Switch|p1a: Sazh
|-damage|p1a: Sazh|0 fnt
|faint|p1a: Sazh
|choice||switch 4
|
|switch|p2a: Rotom|Rotom-Heat|177\/303
|
|-heal|p2a: Rotom|195\/303|[from] item: Leftovers
|upkeep
|choice|switch 4|
|
|switch|p1a: Goddess|Blissey, F|510\/714
|turn|21
|choice|move wish|move voltswitch
|
|move|p2a: Rotom|Volt Switch|p1a: Goddess
|-damage|p1a: Goddess|447\/714
|choice||switch 2
|
|switch|p2a: Donphan|Donphan, M|356\/384
|move|p1a: Goddess|Wish|p1a: Goddess
|
|-heal|p1a: Goddess|491\/714|[from] item: Leftovers
|-heal|p2a: Donphan|380\/384|[from] item: Leftovers
|upkeep
|turn|22
|choice|move seismictoss|move earthquake
|
|move|p1a: Goddess|Seismic Toss|p2a: Donphan
|-damage|p2a: Donphan|280\/384
|move|p2a: Donphan|Earthquake|p1a: Goddess
|-damage|p1a: Goddess|244\/714
|
|-heal|p1a: Goddess|601\/714|[from] move: Wish|[wisher] Goddess
|-heal|p1a: Goddess|645\/714|[from] item: Leftovers
|-heal|p2a: Donphan|304\/384|[from] item: Leftovers
|upkeep
|turn|23
|choice|move wish|move earthquake
|
|move|p1a: Goddess|Wish|p1a: Goddess
|move|p2a: Donphan|Earthquake|p1a: Goddess
|-damage|p1a: Goddess|414\/714
|
|-heal|p1a: Goddess|458\/714|[from] item: Leftovers
|-heal|p2a: Donphan|328\/384|[from] item: Leftovers
|upkeep
|turn|24
|choice|switch 2|move earthquake
|
|switch|p1a: Kat|Milotic, F, shiny|150\/394
|move|p2a: Donphan|Earthquake|p1a: Kat
|-crit|p1a: Kat
|-damage|p1a: Kat|0 fnt
|faint|p1a: Kat
|
|-heal|p2a: Donphan|352\/384|[from] item: Leftovers
|upkeep
|choice|switch 3|
|
|switch|p1a: Razor|Sceptile-Mega, M|176\/281 psn
|turn|25
|choice|move leafstorm|switch 2
|
|switch|p2a: Rotom|Rotom-Heat|195\/303
|move|p1a: Razor|Leaf Storm|p2a: Rotom
|-resisted|p2a: Rotom
|-damage|p2a: Rotom|57\/303
|-unboost|p1a: Razor|spa|2
|
|-heal|p2a: Rotom|75\/303|[from] item: Leftovers
|-damage|p1a: Razor|141\/281 psn|[from] psn
|upkeep
|turn|26
|choice|move dragonpulse|switch 3
|
|switch|p2a: Milotic|Milotic, F|394\/394
|move|p1a: Razor|Dragon Pulse|p2a: Milotic
|-damage|p2a: Milotic|324\/394
|
|-heal|p2a: Milotic|348\/394|[from] item: Leftovers
|-damage|p1a: Razor|106\/281 psn|[from] psn
|upkeep
|turn|27
|choice|switch 2|move icebeam
|
|switch|p1a: Goddess|Blissey, F|458\/714
|move|p2a: Milotic|Ice Beam|p1a: Goddess
|-damage|p1a: Goddess|407\/714
|
|-heal|p2a: Milotic|372\/394|[from] item: Leftovers
|-heal|p1a: Goddess|451\/714|[from] item: Leftovers
|upkeep
|turn|28
|choice|move thunderwave|switch 6
|
|switch|p2a: Cobalion|Cobalion|289\/385
|move|p1a: Goddess|Thunder Wave|p2a: Cobalion
|-status|p2a: Cobalion|par
|
|-heal|p1a: Goddess|495\/714|[from] item: Leftovers
|upkeep
|turn|29
|choice|move wish|move closecombat
|
|move|p1a: Goddess|Wish|p1a: Goddess
|cant|p2a: Cobalion|par
|
|-heal|p1a: Goddess|539\/714|[from] item: Leftovers
|upkeep
|turn|30
|choice|switch 2|move closecombat
|
|switch|p1a: Razor|Sceptile-Mega, M|106\/281 psn
|cant|p2a: Cobalion|par
|
|-heal|p1a: Razor|281\/281 psn|[from] move: Wish|[wisher] Goddess
|-damage|p1a: Razor|246\/281 psn|[from] psn
|upkeep
|turn|31
|choice|move earthquake|move ironhead
|
|move|p1a: Razor|Earthquake|p2a: Cobalion
|-supereffective|p2a: Cobalion
|-enditem|p2a: Cobalion|Shuca Berry|[eat]
|-enditem|p2a: Cobalion|Shuca Berry|[weaken]
|-damage|p2a: Cobalion|218\/385 par
|move|p2a: Cobalion|Iron Head|p1a: Razor
|-crit|p1a: Razor
|-damage|p1a: Razor|59\/281 psn
|
|-damage|p1a: Razor|24\/281 psn|[from] psn
|upkeep
|turn|32
|choice|switch 5|move closecombat
|
|switch|p1a: Troll|Infernape, F|264\/293
|move|p2a: Cobalion|Close Combat|p1a: Troll
|-damage|p1a: Troll|78\/293
|-unboost|p2a: Cobalion|def|1
|-unboost|p2a: Cobalion|spd|1
|
|upkeep
|turn|33
|choice|move closecombat|switch 2
|
|switch|p2a: Donphan|Donphan, M|352\/384
|move|p1a: Troll|Close Combat|p2a: Donphan
|-damage|p2a: Donphan|208\/384
|-unboost|p1a: Troll|def|1
|-unboost|p1a: Troll|spd|1
|-damage|p1a: Troll|49\/293|[from] item: Life Orb
|
|-heal|p2a: Donphan|232\/384|[from] item: Leftovers
|upkeep
|turn|34
|choice|move closecombat|move stealthrock
|
|move|p1a: Troll|Close Combat|p2a: Donphan
|-damage|p2a: Donphan|88\/384
|-unboost|p1a: Troll|def|1
|-unboost|p1a: Troll|spd|1
|-damage|p1a: Troll|20\/293|[from] item: Life Orb
|move|p2a: Donphan|Stealth Rock|p1a: Troll
|-sidestart|p1: LonelyLightning|move: Stealth Rock
|
|-heal|p2a: Donphan|112\/384|[from] item: Leftovers
|upkeep
|turn|35
|choice|move closecombat|move knockoff
|
|move|p1a: Troll|Close Combat|p2a: Donphan
|-damage|p2a: Donphan|0 fnt
|-unboost|p1a: Troll|def|1
|-unboost|p1a: Troll|spd|1
|-damage|p1a: Troll|0 fnt|[from] item: Life Orb
|faint|p2a: Donphan
|faint|p1a: Troll
|
|upkeep
|choice|switch 2|switch 2
|
|switch|p1a: Goddess|Blissey, F|539\/714
|switch|p2a: Cobalion|Cobalion|218\/385 par
|-damage|p1a: Goddess|450\/714|[from] Stealth Rock
|turn|36
|choice|move wish|move swordsdance
|
|move|p1a: Goddess|Wish|p1a: Goddess
|move|p2a: Cobalion|Swords Dance|p2a: Cobalion
|-boost|p2a: Cobalion|atk|2
|
|-heal|p1a: Goddess|494\/714|[from] item: Leftovers
|upkeep
|turn|37
|choice|move seismictoss|move ironhead
|
|move|p1a: Goddess|Seismic Toss|p2a: Cobalion
|-damage|p2a: Cobalion|118\/385 par
|move|p2a: Cobalion|Iron Head|p1a: Goddess
|-damage|p1a: Goddess|199\/714
|
|-heal|p1a: Goddess|556\/714|[from] move: Wish|[wisher] Goddess
|-heal|p1a: Goddess|600\/714|[from] item: Leftovers
|upkeep
|turn|38
|choice|move seismictoss|move closecombat
|
|move|p1a: Goddess|Seismic Toss|p2a: Cobalion
|-damage|p2a: Cobalion|18\/385 par
|move|p2a: Cobalion|Close Combat|p1a: Goddess
|-supereffective|p1a: Goddess
|-damage|p1a: Goddess|0 fnt
|-unboost|p2a: Cobalion|def|1
|-unboost|p2a: Cobalion|spd|1
|faint|p1a: Goddess
|
|upkeep
|choice|switch 5|
|
|switch|p1a: Razor|Sceptile-Mega, M|24\/281 psn
|-damage|p1a: Razor|0 fnt|[from] Stealth Rock
|faint|p1a: Razor
|
|win|Storm Prower
|player|p1
|player|p2
|c|☆Storm Prower|Good game
|c|☆Storm Prower|Really
|c|☆LonelyLightning|gg
|raw|LonelyLightning's rating: 1088 &rarr; <strong>1078<\/strong><br \/>(-10 for losing)
|raw|Storm Prower's rating: 1300 &rarr; <strong>1309<\/strong><br \/>(+9 for winning)
|c|☆LonelyLightning|your team... a beast
|c|☆Storm Prower|Thanks
|c|☆Storm Prower|I put a lot of work in it
|c|☆LonelyLightning|i can see
|c|☆LonelyLightning|thanks for the battle
|c|☆Storm Prower|your welcome</script>
</div>
<div class="battle-log battle-log-inline"><div class="inner"><div class="battle-options"></div><div class="inner"><div class="chat"><small>LonelyLightning joined.</small></div><div class="chat"><small>Storm Prower joined.</small></div><div class=""><small>Format:</small> <br><strong>UU</strong></div><div class="rated"><strong>Rated battle</strong></div><div class=""><small><em>Sleep Clause Mod:</em> Limit one foe put to sleep</small></div><div class=""><small><em>Species Clause:</em> Limit one of each Pokémon</small></div><div class=""><small><em>OHKO Clause:</em> OHKO moves are banned</small></div><div class=""><small><em>Moody Clause:</em> Moody is banned</small></div><div class=""><small><em>Evasion Moves Clause:</em> Evasion moves are banned</small></div><div class=""><small><em>Endless Battle Clause:</em> Forcing endless battles is banned</small></div><div class=""><small><em>HP Percentage Mod:</em> HP is shown in percentages</small></div><div class=""><small><em>Swagger Clause:</em> Swagger is banned</small></div><div class=""><small><em>Baton Pass Clause:</em> Limit one Baton Passer, can't pass Spe and other stats simultaneously</small></div><div class="chat battle-history"><strong>LonelyLightning's team:</strong> <em style="color:#445566;display:block;">Sceptile / Forretress / Nidoking / Milotic / Blissey / Infernape</em></div><div class="chat battle-history"><strong>Storm Prower's team:</strong> <em style="color:#445566;display:block;">Jolteon / Roserade / Milotic / Cobalion / Donphan / Rotom-Heat</em></div><div class="spacer battle-history"><br></div><div class="battle-history">Battle started between LonelyLightning and Storm Prower!<br></div><div class="spacer battle-history"><br></div><div class="battle-history">Go! Sazh (<strong>Forretress</strong>)!<br></div><div class="spacer battle-history"><br></div><div class="battle-history">Storm Prower sent out <strong>Donphan</strong>!<br></div><div class="spacer battle-history"><br></div><h2 class="battle-history">Turn 1</h2><div class="spacer battle-history"><br></div><div class="battle-history">The opposing Donphan used <strong>Knock Off</strong>!<br></div><div class="battle-history"><small>(Sazh lost <abbr title="−56/354">15.8%</abbr> of its health!)</small><br></div><div class="battle-history"><small>The opposing Donphan knocked off Sazh's Leftovers!</small><br></div><div class="spacer battle-history"><br></div><div class="battle-history">Sazh used <strong>Toxic Spikes</strong>!<br></div><div class="battle-history"><small>Poison spikes were scattered on the ground all around the opposing team!</small><br></div><div class="spacer battle-history"><br></div><h2 class="battle-history">Turn 2</h2><div class="spacer battle-history"><br></div><div class="battle-history">The opposing Donphan used <strong>Rapid Spin</strong>!<br></div><div class="battle-history"><small>It's not very effective...</small><br></div><div class="battle-history"><small>(Sazh lost <abbr title="−5/354">1.4%</abbr> of its health!)</small><br></div><div class="battle-history"><small>The poison spikes disappeared from the ground around the opposing team!</small><br></div><div class="spacer battle-history"><br></div><div class="battle-history">Sazh used <strong>Toxic Spikes</strong>!<br></div><div class="battle-history"><small>Poison spikes were scattered on the ground all around the opposing team!</small><br></div><div class="spacer battle-history"><br></div><h2 class="battle-history">Turn 3</h2><div class="spacer battle-history"><br></div><div class="battle-history">Sazh, come back!<br></div><div class="battle-history">Go! Kat (<strong>Milotic</strong>)!<br></div><div class="spacer battle-history"><br></div><div class="battle-history">The opposing Donphan used <strong>Earthquake</strong>!<br></div><div class="battle-history"><small>(Kat lost <abbr title="−126/394">32.0%</abbr> of its health!)</small><br></div><div class="spacer battle-history"><br></div><div class="battle-history"><small>Kat restored a little HP using its Leftovers!</small><br></div><div class="spacer battle-history"><br></div><h2 class="battle-history">Turn 4</h2><div class="spacer battle-history"><br></div><div class="battle-history">Storm Prower withdrew Donphan!<br></div><div class="battle-history">Storm Prower sent out Belladonna (<strong>Roserade</strong>)!<br></div><div class="battle-history"><small>The poison spikes disappeared from the ground around the opposing team!</small><br></div><div class="spacer battle-history"><br></div><div class="battle-history">Kat used <strong>Toxic</strong>!<br></div><div class="battle-history"><small>It doesn't affect the opposing Belladonna...</small><br></div><div class="spacer battle-history"><br></div><div class="battle-history"><small>Kat restored a little HP using its Leftovers!</small><br></div><div class="spacer battle-history"><br></div><h2 class="battle-history">Turn 5</h2><div class="spacer battle-history"><br></div><div class="battle-history">Kat, come back!<br></div><div class="battle-history">Go! Goddess (<strong>Blissey</strong>)!<br></div><div class="spacer battle-history"><br></div><div class="battle-history">The opposing Belladonna used <strong>Sleep Powder</strong>!<br></div><div class="battle-history"><small>Goddess avoided the attack!</small><br></div><div class="spacer battle-history"><br></div><h2 class="battle-history">Turn 6</h2><div class="spacer battle-history"><br></div><div class="battle-history">The opposing Belladonna used <strong>Toxic Spikes</strong>!<br></div><div class="battle-history"><small>Poison spikes were scattered on the ground all around your team!</small><br></div><div class="spacer battle-history"><br></div><div class="battle-history">Goddess used <strong>Thunder Wave</strong>!<br></div><div class="battle-history"><small>The opposing Belladonna is paralyzed! It may be unable to move!</small><br></div><div class="spacer battle-history"><br></div><h2 class="battle-history">Turn 7</h2><div class="spacer battle-history"><br></div><div class="battle-history"><small>(The opposing Belladonna is cured by its Natural Cure!)</small><br></div><div class="battle-history">Storm Prower withdrew Belladonna!<br></div><div class="battle-history">Storm Prower sent out <strong>Donphan</strong>!<br></div><div class="spacer battle-history"><br></div><div class="battle-history">Goddess used <strong>Seismic Toss</strong>!<br></div><div class="battle-history"><small>(The opposing Donphan lost <abbr title="−100/384">26.0%</abbr> of its health!)</small><br></div><div class="spacer battle-history"><br></div><div class="battle-history"><small>The opposing Donphan restored a little HP using its Leftovers!</small><br></div><div class="spacer battle-history"><br></div><h2 class="battle-history">Turn 8</h2><div class="spacer battle-history"><br></div><div class="battle-history">Goddess used <strong>Wish</strong>!<br></div><div class="spacer battle-history"><br></div><div class="battle-history">The opposing Donphan used <strong>Earthquake</strong>!<br></div><div class="battle-history"><small>(Goddess lost <abbr title="−258/714">36.1%</abbr> of its health!)</small><br></div><div class="spacer battle-history"><br></div><div class="battle-history"><small>Goddess restored a little HP using its Leftovers!</small><br></div><div class="battle-history"><small>The opposing Donphan restored a little HP using its Leftovers!</small><br></div><div class="spacer battle-history"><br></div><h2 class="battle-history">Turn 9</h2><div class="spacer battle-history"><br></div><div class="battle-history">Goddess, come back!<br></div><div class="battle-history">Go! Razor (<strong>Sceptile</strong>)!<br></div><div class="battle-history"><small>Razor was poisoned!</small><br></div><div class="spacer battle-history"><br></div><div class="battle-history">The opposing Donphan used <strong>Knock Off</strong>!<br></div><div class="battle-history"><small>(Razor lost <abbr title="−101/281">35.9%</abbr> of its health!)</small><br></div><div class="spacer battle-history"><br></div><div class="battle-history"><small>Goddess's wish came true!</small><br></div><div class="battle-history"><small>The opposing Donphan restored a little HP using its Leftovers!</small><br></div><div class="battle-history"><small>Razor was hurt by poison!</small><br></div><div class="spacer battle-history"><br></div><h2 class="battle-history">Turn 10</h2><div class="spacer battle-history"><br></div><div class="battle-history">Storm Prower withdrew Donphan!<br></div><div class="battle-history">Storm Prower sent out Belladonna (<strong>Roserade</strong>)!<br></div><div class="spacer battle-history"><br></div><div class="battle-history"><small>Razor's Sceptilite is reacting to LonelyLightning's Mega Bracelet!</small><br>Razor has Mega Evolved into Mega Sceptile!<br></div><div class="spacer battle-history"><br></div><div class="battle-history">Razor used <strong>Hidden Power</strong>!<br></div><div class="battle-history"><small>It's super effective!</small><br></div><div class="battle-history"><small>A critical hit!</small><br></div><div class="battle-history"><small>(The opposing Belladonna lost <abbr title="−192/321">59.8%</abbr> of its health!)</small><br></div><div class="spacer battle-history"><br></div><div class="battle-history"><small>The opposing Belladonna restored a little HP using its Black Sludge!</small><br></div><div class="battle-history"><small>Razor was hurt by poison!</small><br></div><div class="spacer battle-history"><br></div><h2 class="battle-history">Turn 11</h2><div class="spacer battle-history"><br></div><div class="battle-history">Storm Prower withdrew Belladonna!<br></div><div class="battle-history">Storm Prower sent out Rotom (<strong>Rotom-Heat</strong>)!<br></div><div class="spacer battle-history"><br></div><div class="battle-history">Razor used <strong>Dragon Pulse</strong>!<br></div><div class="battle-history"><small>(The opposing Rotom lost <abbr title="−162/303">53.5%</abbr> of its health!)</small><br></div><div class="spacer battle-history"><br></div><div class="battle-history"><small>The opposing Rotom restored a little HP using its Leftovers!</small><br></div><div class="battle-history"><small>Razor was hurt by poison!</small><br></div><div class="spacer battle-history"><br></div><h2 class="battle-history">Turn 12</h2><div class="chat"><small>Storm Prower left.</small></div><div class="chat"><small>Storm Prower joined.</small></div><div class="spacer battle-history"><br></div><div class="battle-history">Razor, come back!<br></div><div class="battle-history">Go! Dexter (<strong>Nidoking</strong>)!<br></div><div class="battle-history"><small>The poison spikes disappeared from the ground around your team!</small><br></div><div class="spacer battle-history"><br></div><div class="battle-history">The opposing Rotom used <strong>Overheat</strong>!<br></div><div class="battle-history"><small>(Dexter lost <abbr title="−240/303">79.2%</abbr> of its health!)</small><br></div><div class="battle-history"><small>The opposing Rotom's Special Attack fell harshly!</small><br></div><div class="spacer battle-history"><br></div><div class="battle-history"><small>The opposing Rotom restored a little HP using its Leftovers!</small><br></div><div class="spacer battle-history"><br></div><h2 class="battle-history">Turn 13</h2><div class="spacer battle-history"><br></div><div class="battle-history">Dexter, come back!<br></div><div class="battle-history">Go! Goddess (<strong>Blissey</strong>)!<br></div><div class="spacer battle-history"><br></div><div class="battle-history">The opposing Rotom used <strong>Volt Switch</strong>!<br></div><div class="battle-history"><small>(Goddess lost <abbr title="−34/714">4.8%</abbr> of its health!)</small><br></div><div class="chat"><small>Storm Prower left.</small></div><div class="chat"><small>Storm Prower joined.</small></div><div class="spacer battle-history"><br></div><div class="battle-history">The opposing Rotom went back to Storm Prower!<br></div><div class="battle-history">Storm Prower sent out <strong>Cobalion</strong>!<br></div><div class="spacer battle-history"><br></div><div class="battle-history"><small>Goddess restored a little HP using its Leftovers!</small><br></div><div class="spacer battle-history"><br></div><h2 class="battle-history">Turn 14</h2><div class="spacer battle-history"><br></div><div class="battle-history">Goddess, come back!<br></div><div class="battle-history">Go! Sazh (<strong>Forretress</strong>)!<br></div><div class="spacer battle-history"><br></div><div class="battle-history">The opposing Cobalion used <strong>Substitute</strong>!<br></div><div class="battle-history"><small>The opposing Cobalion put in a substitute!</small><br></div><div class="battle-history"><small>(The opposing Cobalion lost <abbr title="−96/385">24.9%</abbr> of its health!)</small><br></div><div class="spacer battle-history"><br></div><h2 class="battle-history">Turn 15</h2><div class="spacer battle-history"><br></div><div class="battle-history">The opposing Cobalion used <strong>Swords Dance</strong>!<br></div><div class="battle-history"><small>The opposing Cobalion's Attack rose sharply!</small><br></div><div class="spacer battle-history"><br></div><div class="battle-history">Sazh used <strong>Toxic Spikes</strong>!<br></div><div class="battle-history"><small>Poison spikes were scattered on the ground all around the opposing team!</small><br></div><div class="spacer battle-history"><br></div><h2 class="battle-history">Turn 16</h2><div class="spacer battle-history"><br></div><div class="battle-history">The opposing Cobalion used <strong>Close Combat</strong>!<br></div><div class="battle-history"><small>(Sazh lost <abbr title="−144/354">40.7%</abbr> of its health!)</small><br></div><div class="battle-history"><small>The opposing Cobalion's Defense fell!</small><br></div><div class="battle-history"><small>The opposing Cobalion's Special Defense fell!</small><br></div><div class="spacer battle-history"><br></div><div class="battle-history">Sazh used <strong>Volt Switch</strong>!<br></div><div class="battle-history"><small>The substitute took damage for the opposing Cobalion!</small><br></div><div class="spacer battle-history"><br></div><div class="battle-history">Sazh went back to LonelyLightning!<br></div><div class="battle-history">Go! Kat (<strong>Milotic</strong>)!<br></div><div class="spacer battle-history"><br></div><div class="battle-history"><small>Kat restored a little HP using its Leftovers!</small><br></div><div class="spacer battle-history"><br></div><h2 class="battle-history">Turn 17</h2><div class="spacer battle-history"><br></div><div class="battle-history">The opposing Cobalion used <strong>Close Combat</strong>!<br></div><div class="battle-history"><small>(Kat lost <abbr title="−214/394">54.3%</abbr> of its health!)</small><br></div><div class="battle-history"><small>The opposing Cobalion's Defense fell!</small><br></div><div class="battle-history"><small>The opposing Cobalion's Special Defense fell!</small><br></div><div class="spacer battle-history"><br></div><div class="battle-history">Kat used <strong>Scald</strong>!<br></div><div class="battle-history"><small>The opposing Cobalion's substitute faded!</small><br></div><div class="spacer battle-history"><br></div><div class="battle-history"><small>Kat restored a little HP using its Leftovers!</small><br></div><div class="spacer battle-history"><br></div><h2 class="battle-history">Turn 18</h2><div class="spacer battle-history"><br></div><div class="battle-history">Kat, come back!<br></div><div class="battle-history">Go! Dexter (<strong>Nidoking</strong>)!<br></div><div class="spacer battle-history"><br></div><div class="battle-history">The opposing Cobalion used <strong>Close Combat</strong>!<br></div><div class="battle-history"><small>It's not very effective...</small><br></div><div class="battle-history"><small>(Dexter lost <abbr title="−63/303">20.8%</abbr> of its health!)</small><br></div><div class="battle-history"><small>The opposing Cobalion's Defense fell!</small><br></div><div class="battle-history"><small>The opposing Cobalion's Special Defense fell!</small><br></div><div class="spacer battle-history"><br></div><div class="battle-history">Dexter fainted!<br></div><div class="spacer battle-history"><br></div><div class="battle-history">Go! Troll (<strong>Infernape</strong>)!<br></div><div class="spacer battle-history"><br></div><h2 class="battle-history">Turn 19</h2><div class="spacer battle-history"><br></div><div class="battle-history">Storm Prower withdrew Cobalion!<br></div><div class="battle-history">Storm Prower sent out Belladonna (<strong>Roserade</strong>)!<br></div><div class="battle-history"><small>The poison spikes disappeared from the ground around the opposing team!</small><br></div><div class="spacer battle-history"><br></div><div class="battle-history">Troll used <strong>Close Combat</strong>!<br></div><div class="battle-history"><small>It's not very effective...</small><br></div><div class="battle-history"><small>(The opposing Belladonna lost <abbr title="−149/321">46.4%</abbr> of its health!)</small><br></div><div class="battle-history"><small>Troll's Defense fell!</small><br></div><div class="battle-history"><small>Troll's Special Defense fell!</small><br></div><div class="battle-history"><small>Troll lost some of its HP!</small><br></div><div class="spacer battle-history"><br></div><div class="battle-history">The opposing Belladonna fainted!<br></div><div class="spacer battle-history"><br></div><div class="battle-history">Storm Prower sent out Sparkster IV (<strong>Jolteon</strong>)!<br></div><div class="spacer battle-history"><br></div><h2 class="battle-history">Turn 20</h2><div class="spacer battle-history"><br></div><div class="battle-history">Troll, come back!<br></div><div class="battle-history">Go! Sazh (<strong>Forretress</strong>)!<br></div><div class="spacer battle-history"><br></div><div class="battle-history">The opposing Sparkster IV used <strong>Volt Switch</strong>!<br></div><div class="battle-history"><small>(Sazh lost <abbr title="−149/354">42.1%</abbr> of its health!)</small><br></div><div class="spacer battle-history"><br></div><div class="battle-history">Sazh fainted!<br></div><div class="spacer battle-history"><br></div><div class="battle-history">The opposing Sparkster IV went back to Storm Prower!<br></div><div class="battle-history">Storm Prower sent out Rotom (<strong>Rotom-Heat</strong>)!<br></div><div class="spacer battle-history"><br></div><div class="battle-history"><small>The opposing Rotom restored a little HP using its Leftovers!</small><br></div><div class="spacer battle-history"><br></div><div class="battle-history">Go! Goddess (<strong>Blissey</strong>)!<br></div><div class="spacer battle-history"><br></div><h2 class="battle-history">Turn 21</h2><div class="spacer battle-history"><br></div><div class="battle-history">The opposing Rotom used <strong>Volt Switch</strong>!<br></div><div class="battle-history"><small>(Goddess lost <abbr title="−63/714">8.8%</abbr> of its health!)</small><br></div><div class="spacer battle-history"><br></div><div class="battle-history">The opposing Rotom went back to Storm Prower!<br></div><div class="battle-history">Storm Prower sent out <strong>Donphan</strong>!<br></div><div class="spacer battle-history"><br></div><div class="battle-history">Goddess used <strong>Wish</strong>!<br></div><div class="spacer battle-history"><br></div><div class="battle-history"><small>Goddess restored a little HP using its Leftovers!</small><br></div><div class="battle-history"><small>The opposing Donphan restored a little HP using its Leftovers!</small><br></div><div class="spacer battle-history"><br></div><h2 class="battle-history">Turn 22</h2><div class="spacer battle-history"><br></div><div class="battle-history">Goddess used <strong>Seismic Toss</strong>!<br></div><div class="battle-history"><small>(The opposing Donphan lost <abbr title="−100/384">26.0%</abbr> of its health!)</small><br></div><div class="spacer battle-history"><br></div><div class="battle-history">The opposing Donphan used <strong>Earthquake</strong>!<br></div><div class="battle-history"><small>(Goddess lost <abbr title="−247/714">34.6%</abbr> of its health!)</small><br></div><div class="spacer battle-history"><br></div><div class="battle-history"><small>Goddess's wish came true!</small><br></div><div class="battle-history"><small>Goddess restored a little HP using its Leftovers!</small><br></div><div class="battle-history"><small>The opposing Donphan restored a little HP using its Leftovers!</small><br></div><div class="spacer battle-history"><br></div><h2 class="battle-history">Turn 23</h2><div class="spacer battle-history"><br></div><div class="battle-history">Goddess used <strong>Wish</strong>!<br></div><div class="spacer battle-history"><br></div><div class="battle-history">The opposing Donphan used <strong>Earthquake</strong>!<br></div><div class="battle-history"><small>(Goddess lost <abbr title="−231/714">32.4%</abbr> of its health!)</small><br></div><div class="spacer battle-history"><br></div><div class="battle-history"><small>Goddess restored a little HP using its Leftovers!</small><br></div><div class="battle-history"><small>The opposing Donphan restored a little HP using its Leftovers!</small><br></div><div class="spacer battle-history"><br></div><h2 class="battle-history">Turn 24</h2><div class="spacer battle-history"><br></div><div class="battle-history">Goddess, come back!<br></div><div class="battle-history">Go! Kat (<strong>Milotic</strong>)!<br></div><div class="spacer battle-history"><br></div><div class="battle-history">The opposing Donphan used <strong>Earthquake</strong>!<br></div><div class="battle-history"><small>A critical hit!</small><br></div><div class="battle-history"><small>(Kat lost <abbr title="−150/394">38.1%</abbr> of its health!)</small><br></div><div class="spacer battle-history"><br></div><div class="battle-history">Kat fainted!<br></div><div class="spacer battle-history"><br></div><div class="battle-history"><small>The opposing Donphan restored a little HP using its Leftovers!</small><br></div><div class="spacer battle-history"><br></div><div class="battle-history">Go! Razor (<strong>Sceptile-Mega</strong>)!<br></div><div class="spacer battle-history"><br></div><h2 class="battle-history">Turn 25</h2><div class="spacer battle-history"><br></div><div class="battle-history">Storm Prower withdrew Donphan!<br></div><div class="battle-history">Storm Prower sent out Rotom (<strong>Rotom-Heat</strong>)!<br></div><div class="spacer battle-history"><br></div><div class="battle-history">Razor used <strong>Leaf Storm</strong>!<br></div><div class="battle-history"><small>It's not very effective...</small><br></div><div class="battle-history"><small>(The opposing Rotom lost <abbr title="−138/303">45.5%</abbr> of its health!)</small><br></div><div class="battle-history"><small>Razor's Special Attack fell harshly!</small><br></div><div class="spacer battle-history"><br></div><div class="battle-history"><small>The opposing Rotom restored a little HP using its Leftovers!</small><br></div><div class="battle-history"><small>Razor was hurt by poison!</small><br></div><div class="spacer battle-history"><br></div><h2 class="battle-history">Turn 26</h2><div class="spacer battle-history"><br></div><div class="battle-history">Storm Prower withdrew Rotom!<br></div><div class="battle-history">Storm Prower sent out <strong>Milotic</strong>!<br></div><div class="spacer battle-history"><br></div><div class="battle-history">Razor used <strong>Dragon Pulse</strong>!<br></div><div class="battle-history"><small>(The opposing Milotic lost <abbr title="−70/394">17.8%</abbr> of its health!)</small><br></div><div class="spacer battle-history"><br></div><div class="battle-history"><small>The opposing Milotic restored a little HP using its Leftovers!</small><br></div><div class="battle-history"><small>Razor was hurt by poison!</small><br></div><div class="spacer battle-history"><br></div><h2 class="battle-history">Turn 27</h2><div class="spacer battle-history"><br></div><div class="battle-history">Razor, come back!<br></div><div class="battle-history">Go! Goddess (<strong>Blissey</strong>)!<br></div><div class="spacer battle-history"><br></div><div class="battle-history">The opposing Milotic used <strong>Ice Beam</strong>!<br></div><div class="battle-history"><small>(Goddess lost <abbr title="−51/714">7.1%</abbr> of its health!)</small><br></div><div class="spacer battle-history"><br></div><div class="battle-history"><small>The opposing Milotic restored a little HP using its Leftovers!</small><br></div><div class="battle-history"><small>Goddess restored a little HP using its Leftovers!</small><br></div><div class="spacer battle-history"><br></div><h2 class="battle-history">Turn 28</h2><div class="spacer battle-history"><br></div><div class="battle-history">Storm Prower withdrew Milotic!<br></div><div class="battle-history">Storm Prower sent out <strong>Cobalion</strong>!<br></div><div class="spacer battle-history"><br></div><div class="battle-history">Goddess used <strong>Thunder Wave</strong>!<br></div><div class="battle-history"><small>The opposing Cobalion is paralyzed! It may be unable to move!</small><br></div><div class="spacer battle-history"><br></div><div class="battle-history"><small>Goddess restored a little HP using its Leftovers!</small><br></div><div class="spacer battle-history"><br></div><h2 class="battle-history">Turn 29</h2><div class="spacer battle-history"><br></div><div class="battle-history">Goddess used <strong>Wish</strong>!<br></div><div class="spacer battle-history"><br></div><div class="battle-history">The opposing Cobalion is paralyzed! It can't move!<br></div><div class="spacer battle-history"><br></div><div class="battle-history"><small>Goddess restored a little HP using its Leftovers!</small><br></div><div class="spacer battle-history"><br></div><h2 class="battle-history">Turn 30</h2><div class="spacer battle-history"><br></div><div class="battle-history">Goddess, come back!<br></div><div class="battle-history">Go! Razor (<strong>Sceptile-Mega</strong>)!<br></div><div class="spacer battle-history"><br></div><div class="battle-history">The opposing Cobalion is paralyzed! It can't move!<br></div><div class="spacer battle-history"><br></div><div class="battle-history"><small>Goddess's wish came true!</small><br></div><div class="battle-history"><small>Razor was hurt by poison!</small><br></div><div class="spacer battle-history"><br></div><h2 class="battle-history">Turn 31</h2><div class="spacer battle-history"><br></div><div class="battle-history">Razor used <strong>Earthquake</strong>!<br></div><div class="battle-history"><small>It's super effective!</small><br></div><div class="battle-history"><small>The opposing Cobalion ate its Shuca Berry!</small><br></div><div class="battle-history"><small>The Shuca Berry weakened the damage to the opposing Cobalion!</small><br></div><div class="battle-history"><small>(The opposing Cobalion lost <abbr title="−71/385">18.4%</abbr> of its health!)</small><br></div><div class="spacer battle-history"><br></div><div class="battle-history">The opposing Cobalion used <strong>Iron Head</strong>!<br></div><div class="battle-history"><small>A critical hit!</small><br></div><div class="battle-history"><small>(Razor lost <abbr title="−187/281">66.5%</abbr> of its health!)</small><br></div><div class="spacer battle-history"><br></div><div class="battle-history"><small>Razor was hurt by poison!</small><br></div><div class="spacer battle-history"><br></div><h2 class="battle-history">Turn 32</h2><div class="spacer battle-history"><br></div><div class="battle-history">Razor, come back!<br></div><div class="battle-history">Go! Troll (<strong>Infernape</strong>)!<br></div><div class="spacer battle-history"><br></div><div class="battle-history">The opposing Cobalion used <strong>Close Combat</strong>!<br></div><div class="battle-history"><small>(Troll lost <abbr title="−186/293">63.5%</abbr> of its health!)</small><br></div><div class="battle-history"><small>The opposing Cobalion's Defense fell!</small><br></div><div class="battle-history"><small>The opposing Cobalion's Special Defense fell!</small><br></div><div class="spacer battle-history"><br></div><h2 class="battle-history">Turn 33</h2><div class="spacer battle-history"><br></div><div class="battle-history">Storm Prower withdrew Cobalion!<br></div><div class="battle-history">Storm Prower sent out <strong>Donphan</strong>!<br></div><div class="spacer battle-history"><br></div><div class="battle-history">Troll used <strong>Close Combat</strong>!<br></div><div class="battle-history"><small>(The opposing Donphan lost <abbr title="−144/384">37.5%</abbr> of its health!)</small><br></div><div class="battle-history"><small>Troll's Defense fell!</small><br></div><div class="battle-history"><small>Troll's Special Defense fell!</small><br></div><div class="battle-history"><small>Troll lost some of its HP!</small><br></div><div class="spacer battle-history"><br></div><div class="battle-history"><small>The opposing Donphan restored a little HP using its Leftovers!</small><br></div><div class="spacer battle-history"><br></div><h2 class="battle-history">Turn 34</h2><div class="spacer battle-history"><br></div><div class="battle-history">Troll used <strong>Close Combat</strong>!<br></div><div class="battle-history"><small>(The opposing Donphan lost <abbr title="−144/384">37.5%</abbr> of its health!)</small><br></div><div class="battle-history"><small>Troll's Defense fell!</small><br></div><div class="battle-history"><small>Troll's Special Defense fell!</small><br></div><div class="battle-history"><small>Troll lost some of its HP!</small><br></div><div class="spacer battle-history"><br></div><div class="battle-history">The opposing Donphan used <strong>Stealth Rock</strong>!<br></div><div class="battle-history"><small>Pointed stones float in the air around your team!</small><br></div><div class="spacer battle-history"><br></div><div class="battle-history"><small>The opposing Donphan restored a little HP using its Leftovers!</small><br></div><div class="spacer battle-history"><br></div><h2 class="battle-history">Turn 35</h2><div class="spacer battle-history"><br></div><div class="battle-history">Troll used <strong>Close Combat</strong>!<br></div><div class="battle-history"><small>(The opposing Donphan lost <abbr title="−112/384">29.2%</abbr> of its health!)</small><br></div><div class="battle-history"><small>Troll's Defense fell!</small><br></div><div class="battle-history"><small>Troll's Special Defense fell!</small><br></div><div class="battle-history"><small>Troll lost some of its HP!</small><br></div><div class="spacer battle-history"><br></div><div class="battle-history">The opposing Donphan fainted!<br></div><div class="battle-history">Troll fainted!<br></div><div class="spacer battle-history"><br></div><div class="battle-history">Go! Goddess (<strong>Blissey</strong>)!<br></div><div class="spacer battle-history"><br></div><div class="battle-history">Storm Prower sent out <strong>Cobalion</strong>!<br></div><div class="battle-history"><small>Pointed stones dug into Goddess!</small><br></div><div class="spacer battle-history"><br></div><h2 class="battle-history">Turn 36</h2><div class="spacer battle-history"><br></div><div class="battle-history">Goddess used <strong>Wish</strong>!<br></div><div class="spacer battle-history"><br></div><div class="battle-history">The opposing Cobalion used <strong>Swords Dance</strong>!<br></div><div class="battle-history"><small>The opposing Cobalion's Attack rose sharply!</small><br></div><div class="spacer battle-history"><br></div><div class="battle-history"><small>Goddess restored a little HP using its Leftovers!</small><br></div><div class="spacer battle-history"><br></div><h2 class="battle-history">Turn 37</h2><div class="spacer battle-history"><br></div><div class="battle-history">Goddess used <strong>Seismic Toss</strong>!<br></div><div class="battle-history"><small>(The opposing Cobalion lost <abbr title="−100/385">26.0%</abbr> of its health!)</small><br></div><div class="spacer battle-history"><br></div><div class="battle-history">The opposing Cobalion used <strong>Iron Head</strong>!<br></div><div class="battle-history"><small>(Goddess lost <abbr title="−295/714">41.3%</abbr> of its health!)</small><br></div><div class="spacer battle-history"><br></div><div class="battle-history"><small>Goddess's wish came true!</small><br></div><div class="battle-history"><small>Goddess restored a little HP using its Leftovers!</small><br></div><div class="spacer battle-history"><br></div><h2 class="battle-history">Turn 38</h2><div class="spacer battle-history"><br></div><div class="battle-history">Goddess used <strong>Seismic Toss</strong>!<br></div><div class="battle-history"><small>(The opposing Cobalion lost <abbr title="−100/385">26.0%</abbr> of its health!)</small><br></div><div class="spacer battle-history"><br></div><div class="battle-history">The opposing Cobalion used <strong>Close Combat</strong>!<br></div><div class="battle-history"><small>It's super effective!</small><br></div><div class="battle-history"><small>(Goddess lost <abbr title="−600/714">84.0%</abbr> of its health!)</small><br></div><div class="battle-history"><small>The opposing Cobalion's Defense fell!</small><br></div><div class="battle-history"><small>The opposing Cobalion's Special Defense fell!</small><br></div><div class="spacer battle-history"><br></div><div class="battle-history">Goddess fainted!<br></div><div class="spacer battle-history"><br></div><div class="battle-history">Go! Razor (<strong>Sceptile-Mega</strong>)!<br></div><div class="battle-history"><small>Pointed stones dug into Razor!</small><br></div><div class="spacer battle-history"><br></div><div class="battle-history">Razor fainted!<br></div><div class="spacer battle-history"><br></div><div class="battle-history"><strong>Storm Prower</strong> won the battle!<br></div><div class="chat chatmessage-stormprower"><strong style="color:hsl(13,43%,47.33222148910506%)"><small>☆</small><span class="username" data-name="Storm Prower">Storm Prower</span>:</strong> <em>Good game</em></div><div class="chat chatmessage-stormprower"><strong style="color:hsl(13,43%,47.33222148910506%)"><small>☆</small><span class="username" data-name="Storm Prower">Storm Prower</span>:</strong> <em>Really</em></div><div class="chat chatmessage-lonelylightning"><strong style="color:hsl(98,43%,34.32379996977308%)"><small>☆</small><span class="username" data-name="LonelyLightning">LonelyLightning</span>:</strong> <em>gg</em></div><div class="chat">LonelyLightning's rating: 1088 → <strong>1078</strong><br>(-10 for losing)</div><div class="chat">Storm Prower's rating: 1300 → <strong>1309</strong><br>(+9 for winning)</div><div class="chat chatmessage-lonelylightning"><strong style="color:hsl(98,43%,34.32379996977308%)"><small>☆</small><span class="username" data-name="LonelyLightning">LonelyLightning</span>:</strong> <em>your team... a beast</em></div><div class="chat chatmessage-stormprower"><strong style="color:hsl(13,43%,47.33222148910506%)"><small>☆</small><span class="username" data-name="Storm Prower">Storm Prower</span>:</strong> <em>Thanks</em></div><div class="chat chatmessage-stormprower"><strong style="color:hsl(13,43%,47.33222148910506%)"><small>☆</small><span class="username" data-name="Storm Prower">Storm Prower</span>:</strong> <em>I put a lot of work in it</em></div><div class="chat chatmessage-lonelylightning"><strong style="color:hsl(98,43%,34.32379996977308%)"><small>☆</small><span class="username" data-name="LonelyLightning">LonelyLightning</span>:</strong> <em>i can see</em></div><div class="chat chatmessage-lonelylightning"><strong style="color:hsl(98,43%,34.32379996977308%)"><small>☆</small><span class="username" data-name="LonelyLightning">LonelyLightning</span>:</strong> <em>thanks for the battle</em></div><div class="chat chatmessage-stormprower"><strong style="color:hsl(13,43%,47.33222148910506%)"><small>☆</small><span class="username" data-name="Storm Prower">Storm Prower</span>:</strong> <em>your welcome</em></div></div><div class="inner-preempt"></div></div></div>
</div>
<script>
let daily = Math.floor(Date.now()/1000/60/60/24);document.write('<script src="https://play.pokemonshowdown.com/js/replay-embed.js?version'+daily+'"></'+'script>');
</script>
