<!DOCTYPE html>
<meta charset="utf-8" />
<!-- version 1 -->
<title>UU replay: Tessat vs. Ayumukota</title>
<style>
html,body {font-family:Verdana, sans-serif;font-size:10pt;margin:0;padding:0;}body{padding:12px 0;} .battle-log {font-family:Verdana, sans-serif;font-size:10pt;} .battle-log-inline {border:1px solid #AAAAAA;background:#EEF2F5;color:black;max-width:640px;margin:0 auto 80px;padding-bottom:5px;} .battle-log .inner {padding:4px 8px 0px 8px;} .battle-log .inner-preempt {padding:0 8px 4px 8px;} .battle-log .inner-after {margin-top:0.5em;} .battle-log h2 {margin:0.5em -8px;padding:4px 8px;border:1px solid #AAAAAA;background:#E0E7EA;border-left:0;border-right:0;font-family:Verdana, sans-serif;font-size:13pt;} .battle-log .chat {vertical-align:middle;padding:3px 0 3px 0;font-size:8pt;} .battle-log .chat strong {color:#40576A;} .battle-log .chat em {padding:1px 4px 1px 3px;color:#000000;font-style:normal;} .chat.mine {background:rgba(0,0,0,0.05);margin-left:-8px;margin-right:-8px;padding-left:8px;padding-right:8px;} .spoiler {color:#BBBBBB;background:#BBBBBB;padding:0px 3px;} .spoiler:hover, .spoiler:active, .spoiler-shown {color:#000000;background:#E2E2E2;padding:0px 3px;} .spoiler a {color:#BBBBBB;} .spoiler:hover a, .spoiler:active a, .spoiler-shown a {color:#2288CC;} .chat code, .chat .spoiler:hover code, .chat .spoiler:active code, .chat .spoiler-shown code {border:1px solid #C0C0C0;background:#EEEEEE;color:black;padding:0 2px;} .chat .spoiler code {border:1px solid #CCCCCC;background:#CCCCCC;color:#CCCCCC;} .battle-log .rated {padding:3px 4px;} .battle-log .rated strong {color:white;background:#89A;padding:1px 4px;border-radius:4px;} .spacer {margin-top:0.5em;} .message-announce {background:#6688AA;color:white;padding:1px 4px 2px;} .message-announce a, .broadcast-green a, .broadcast-blue a, .broadcast-red a {color:#DDEEFF;} .broadcast-green {background-color:#559955;color:white;padding:2px 4px;} .broadcast-blue {background-color:#6688AA;color:white;padding:2px 4px;} .infobox {border:1px solid #6688AA;padding:2px 4px;} .infobox-limited {max-height:200px;overflow:auto;overflow-x:hidden;} .broadcast-red {background-color:#AA5544;color:white;padding:2px 4px;} .message-learn-canlearn {font-weight:bold;color:#228822;text-decoration:underline;} .message-learn-cannotlearn {font-weight:bold;color:#CC2222;text-decoration:underline;} .message-effect-weak {font-weight:bold;color:#CC2222;} .message-effect-resist {font-weight:bold;color:#6688AA;} .message-effect-immune {font-weight:bold;color:#666666;} .message-learn-list {margin-top:0;margin-bottom:0;} .message-throttle-notice, .message-error {color:#992222;} .message-overflow, .chat small.message-overflow {font-size:0pt;} .message-overflow::before {font-size:9pt;content:'...';} .subtle {color:#3A4A66;}
</style>
<div class="wrapper replay-wrapper" style="max-width:1180px;margin:0 auto">
<input type="hidden" name="replayid" value="uu-597497118" />
<div class="battle"></div><div class="battle-log"></div><div class="replay-controls"></div><div class="replay-controls-2"></div>
<h1 style="font-weight:normal;text-align:center"><strong>UU</strong><br /><a href="http://pokemonshowdown.com/users/tessat" class="subtle" target="_blank">Tessat</a> vs. <a href="http://pokemonshowdown.com/users/ayumukota" class="subtle" target="_blank">Ayumukota</a></h1>
<script type="text/plain" class="battle-log-data">|j|Tessat
|j|Ayumukota
|player|p1|Tessat|216
|teamsize|p1|6
|player|p2|Ayumukota|280
|teamsize|p2|6
|gametype|singles
|gen|6
|tier|UU
|seed|39341,2367,55259,54344
|rule|Sleep Clause Mod: Limit one foe put to sleep
|rule|Species Clause: Limit one of each Pokémon
|rule|OHKO Clause: OHKO moves are banned
|rule|Moody Clause: Moody is banned
|rule|Evasion Moves Clause: Evasion moves are banned
|rule|Endless Battle Clause: Forcing endless battles is banned
|rule|HP Percentage Mod: HP is shown in percentages
|clearpoke
|poke|p1|Vaporeon, F|item
|poke|p1|Typhlosion, M|item
|poke|p1|Ampharos, M|item
|poke|p1|Gardevoir, F|item
|poke|p1|Pidgeot, F|item
|poke|p1|Kingdra, F|item
|poke|p2|Aggron, M|item
|poke|p2|Feraligatr, F|item
|poke|p2|Eelektross, F|item
|poke|p2|Chandelure, F|item
|poke|p2|Mamoswine, F|item
|poke|p2|Blissey, F|item
|rule|Swagger Clause: Swagger is banned
|rule|Baton Pass Clause: Limit one Baton Passer, can't pass Spe and other stats simultaneously
|teampreview
|choice|team 5, team 2, team 3, team 4, team 1, team 6|team 1, team 2, team 3, team 4, team 5, team 6
|
|start
|switch|p1a: Pidgeot|Pidgeot, F|319\/319
|switch|p2a: Aggron|Aggron, M|343\/343
|turn|1
|choice|move bravebird|move stoneedge
|
|move|p1a: Pidgeot|Brave Bird|p2a: Aggron
|-resisted|p2a: Aggron
|-damage|p2a: Aggron|309\/343
|-damage|p1a: Pidgeot|308\/319|[from] Recoil|[of] p2a: Aggron
|move|p2a: Aggron|Stone Edge|p1a: Pidgeot
|-supereffective|p1a: Pidgeot
|-damage|p1a: Pidgeot|0 fnt
|faint|p1a: Pidgeot
|
|upkeep
|choice|switch 2|
|
|switch|p1a: Typhlosion|Typhlosion, M|347\/347
|turn|2
|choice|move flareblitz|switch 2
|
|switch|p2a: Feraligatr|Feraligatr, F|311\/311
|move|p1a: Typhlosion|Flare Blitz|p2a: Feraligatr
|-resisted|p2a: Feraligatr
|-damage|p2a: Feraligatr|228\/311
|-status|p2a: Feraligatr|brn
|-damage|p1a: Typhlosion|320\/347|[from] Recoil|[of] p2a: Feraligatr
|
|-damage|p2a: Feraligatr|190\/311 brn|[from] brn
|upkeep
|turn|3
|choice|switch 3|move aquajet
|
|switch|p1a: Ampharos|Ampharos, M|371\/371
|-item|p1a: Ampharos|Air Balloon
|move|p2a: Feraligatr|Aqua Jet|p1a: Ampharos
|-damage|p1a: Ampharos|324\/371
|-enditem|p1a: Ampharos|Air Balloon
|-damage|p2a: Feraligatr|159\/311 brn|[from] item: Life Orb
|
|-damage|p2a: Feraligatr|121\/311 brn|[from] brn
|upkeep
|turn|4
|choice|move thunderbolt|switch 5
|
|switch|p2a: Mamoswine|Mamoswine, F|423\/423
|move|p1a: Ampharos|Thunderbolt|p2a: Mamoswine
|-immune|p2a: Mamoswine|[msg]
|
|upkeep
|turn|5
|choice|move dragonpulse|move earthquake
|
|move|p2a: Mamoswine|Earthquake|p1a: Ampharos
|-supereffective|p1a: Ampharos
|-damage|p1a: Ampharos|0 fnt
|-damage|p2a: Mamoswine|381\/423|[from] item: Life Orb
|faint|p1a: Ampharos
|
|upkeep
|choice|switch 6|
|
|switch|p1a: Kingdra|Kingdra, F|323\/323
|turn|6
|choice|move dracometeor|switch 4
|
|switch|p2a: Chandelure|Chandelure, F|323\/323
|move|p1a: Kingdra|Draco Meteor|p2a: Chandelure
|-damage|p2a: Chandelure|118\/323
|-unboost|p1a: Kingdra|spa|2
|
|upkeep
|turn|7
|choice|move surf|move shadowball
|
|move|p1a: Kingdra|Surf|p2a: Chandelure
|-supereffective|p2a: Chandelure
|-damage|p2a: Chandelure|10\/323
|move|p2a: Chandelure|Shadow Ball|p1a: Kingdra
|-damage|p1a: Kingdra|82\/323
|
|upkeep
|turn|8
|choice|move dracometeor|switch 6
|
|switch|p2a: Blissey|Blissey, F|714\/714
|move|p1a: Kingdra|Draco Meteor|p2a: Blissey
|-damage|p2a: Blissey|642\/714
|-unboost|p1a: Kingdra|spa|2
|
|-heal|p2a: Blissey|686\/714|[from] item: Leftovers
|upkeep
|turn|9
|choice|switch 4|move thunderbolt
|
|switch|p1a: Gardevoir|Gardevoir, F|327\/327
|move|p2a: Blissey|Thunderbolt|p1a: Gardevoir
|-crit|p1a: Gardevoir
|-damage|p1a: Gardevoir|247\/327
|
|-heal|p2a: Blissey|714\/714|[from] item: Leftovers
|upkeep
|turn|10
|choice|move psychic|switch 2
|
|switch|p2a: Aggron|Aggron, M|309\/343
|move|p1a: Gardevoir|Psychic|p2a: Aggron
|-resisted|p2a: Aggron
|-damage|p2a: Aggron|207\/343
|
|upkeep
|turn|11
|choice|move moonblast|move heavyslam
|
|move|p1a: Gardevoir|Moonblast|p2a: Aggron
|-resisted|p2a: Aggron
|-damage|p2a: Aggron|98\/343
|move|p2a: Aggron|Heavy Slam|p1a: Gardevoir
|-supereffective|p1a: Gardevoir
|-damage|p1a: Gardevoir|0 fnt
|faint|p1a: Gardevoir
|
|upkeep
|choice|switch 3|
|
|switch|p1a: Typhlosion|Typhlosion, M|320\/347
|turn|12
|choice|move flamethrower|switch 5
|
|switch|p2a: Feraligatr|Feraligatr, F|121\/311 brn
|move|p1a: Typhlosion|Flamethrower|p2a: Feraligatr
|-resisted|p2a: Feraligatr
|-damage|p2a: Feraligatr|46\/311 brn
|
|-damage|p2a: Feraligatr|8\/311 brn|[from] brn
|upkeep
|turn|13
|choice|switch 5|move waterfall
|
|switch|p1a: Vaporeon|Vaporeon, F|451\/451
|move|p2a: Feraligatr|Waterfall|p1a: Vaporeon
|-immune|p1a: Vaporeon|[msg]|[from] ability: Water Absorb
|
|-damage|p2a: Feraligatr|0 fnt|[from] brn
|upkeep
|faint|p2a: Feraligatr
|choice||switch 4
|
|switch|p2a: Mamoswine|Mamoswine, F|381\/423
|turn|14
|choice|move hypervoice|move earthquake
|
|move|p2a: Mamoswine|Earthquake|p1a: Vaporeon
|-crit|p1a: Vaporeon
|-damage|p1a: Vaporeon|45\/451
|-damage|p2a: Mamoswine|339\/423|[from] item: Life Orb
|move|p1a: Vaporeon|Hyper Voice|p2a: Mamoswine
|-crit|p2a: Mamoswine
|-damage|p2a: Mamoswine|156\/423
|
|upkeep
|turn|15
|choice|move hypervoice|move earthquake
|
|move|p2a: Mamoswine|Earthquake|p1a: Vaporeon
|-damage|p1a: Vaporeon|0 fnt
|-damage|p2a: Mamoswine|114\/423|[from] item: Life Orb
|faint|p1a: Vaporeon
|
|upkeep
|choice|switch 4|
|
|switch|p1a: Kingdra|Kingdra, F|82\/323
|turn|16
|choice|move dracometeor|move earthquake
|
|move|p2a: Mamoswine|Earthquake|p1a: Kingdra
|-damage|p1a: Kingdra|0 fnt
|-damage|p2a: Mamoswine|72\/423|[from] item: Life Orb
|faint|p1a: Kingdra
|
|upkeep
|choice|switch 5|
|
|switch|p1a: Typhlosion|Typhlosion, M|320\/347
|turn|17
|choice|move eruption|move iciclecrash
|
|move|p2a: Mamoswine|Icicle Crash|p1a: Typhlosion
|-resisted|p1a: Typhlosion
|-damage|p1a: Typhlosion|234\/347
|-damage|p2a: Mamoswine|30\/423|[from] item: Life Orb
|move|p1a: Typhlosion|Eruption|p2a: Mamoswine
|-supereffective|p2a: Mamoswine
|-damage|p2a: Mamoswine|0 fnt
|faint|p2a: Mamoswine
|
|upkeep
|choice||switch 5
|
|switch|p2a: Aggron|Aggron, M|98\/343
|turn|18
|choice|move flareblitz|move stoneedge mega
|
|detailschange|p2a: Aggron|Aggron-Mega, M
|-mega|p2a: Aggron|Aggron|Aggronite
|move|p1a: Typhlosion|Flare Blitz|p2a: Aggron
|-supereffective|p2a: Aggron
|-damage|p2a: Aggron|0 fnt
|-damage|p1a: Typhlosion|202\/347|[from] Recoil|[of] p2a: Aggron
|faint|p2a: Aggron
|
|upkeep
|choice||switch 6
|
|switch|p2a: Chandelure|Chandelure, F|10\/323
|turn|19
|choice|move earthquake|move shadowball
|
|move|p1a: Typhlosion|Earthquake|p2a: Chandelure
|-supereffective|p2a: Chandelure
|-damage|p2a: Chandelure|0 fnt
|faint|p2a: Chandelure
|
|upkeep
|choice||switch 3
|
|switch|p2a: Eelektross|Eelektross, F|374\/374
|turn|20
|choice|move earthquake|move thunderwave
|
|move|p1a: Typhlosion|Earthquake|p2a: Eelektross
|-immune|p2a: Eelektross|[msg]|[from] ability: Levitate
|move|p2a: Eelektross|Thunder Wave|p1a: Typhlosion
|-status|p1a: Typhlosion|par
|
|upkeep
|turn|21
|choice|move eruption|move thunderbolt
|
|move|p2a: Eelektross|Thunderbolt|p1a: Typhlosion
|-crit|p1a: Typhlosion
|-damage|p1a: Typhlosion|0 fnt
|faint|p1a: Typhlosion
|
|win|Ayumukota</script>
</div>
<div class="battle-log battle-log-inline"><div class="inner"><div class="battle-options"></div><div class="inner"><div class="chat"><small>Tessat joined.</small></div><div class="chat"><small>Ayumukota joined.</small></div><div class=""><small>Format:</small> <br><strong>UU</strong></div><div class=""><small><em>Sleep Clause Mod:</em> Limit one foe put to sleep</small></div><div class=""><small><em>Species Clause:</em> Limit one of each Pokémon</small></div><div class=""><small><em>OHKO Clause:</em> OHKO moves are banned</small></div><div class=""><small><em>Moody Clause:</em> Moody is banned</small></div><div class=""><small><em>Evasion Moves Clause:</em> Evasion moves are banned</small></div><div class=""><small><em>Endless Battle Clause:</em> Forcing endless battles is banned</small></div><div class=""><small><em>HP Percentage Mod:</em> HP is shown in percentages</small></div><div class=""><small><em>Swagger Clause:</em> Swagger is banned</small></div><div class=""><small><em>Baton Pass Clause:</em> Limit one Baton Passer, can't pass Spe and other stats simultaneously</small></div><div class="chat battle-history"><strong>Tessat's team:</strong> <em style="color:#445566;display:block;">Vaporeon / Typhlosion / Ampharos / Gardevoir / Pidgeot / Kingdra</em></div><div class="chat battle-history"><strong>Ayumukota's team:</strong> <em style="color:#445566;display:block;">Aggron / Feraligatr / Eelektross / Chandelure / Mamoswine / Blissey</em></div><div class="spacer battle-history"><br></div><div class="battle-history">Battle started between Tessat and Ayumukota!<br></div><div class="spacer battle-history"><br></div><div class="battle-history">Go! <strong>Pidgeot</strong>!<br></div><div class="spacer battle-history"><br></div><div class="battle-history">Ayumukota sent out <strong>Aggron</strong>!<br></div><div class="spacer battle-history"><br></div><h2 class="battle-history">Turn 1</h2><div class="spacer battle-history"><br></div><div class="battle-history">Pidgeot used <strong>Brave Bird</strong>!<br></div><div class="battle-history"><small>It's not very effective...</small><br></div><div class="battle-history"><small>(The opposing Aggron lost <abbr title="−34/343">9.9%</abbr> of its health!)</small><br></div><div class="battle-history"><small>Pidgeot is damaged by the recoil!</small><br></div><div class="spacer battle-history"><br></div><div class="battle-history">The opposing Aggron used <strong>Stone Edge</strong>!<br></div><div class="battle-history"><small>It's super effective!</small><br></div><div class="battle-history"><small>(Pidgeot lost <abbr title="−308/319">96.6%</abbr> of its health!)</small><br></div><div class="spacer battle-history"><br></div><div class="battle-history">Pidgeot fainted!<br></div><div class="spacer battle-history"><br></div><div class="battle-history">Go! <strong>Typhlosion</strong>!<br></div><div class="spacer battle-history"><br></div><h2 class="battle-history">Turn 2</h2><div class="spacer battle-history"><br></div><div class="battle-history">Ayumukota withdrew Aggron!<br></div><div class="battle-history">Ayumukota sent out <strong>Feraligatr</strong>!<br></div><div class="spacer battle-history"><br></div><div class="battle-history">Typhlosion used <strong>Flare Blitz</strong>!<br></div><div class="battle-history"><small>It's not very effective...</small><br></div><div class="battle-history"><small>(The opposing Feraligatr lost <abbr title="−83/311">26.7%</abbr> of its health!)</small><br></div><div class="battle-history"><small>The opposing Feraligatr was burned!</small><br></div><div class="battle-history"><small>Typhlosion is damaged by the recoil!</small><br></div><div class="spacer battle-history"><br></div><div class="battle-history"><small>The opposing Feraligatr was hurt by its burn!</small><br></div><div class="spacer battle-history"><br></div><h2 class="battle-history">Turn 3</h2><div class="spacer battle-history"><br></div><div class="battle-history">Typhlosion, come back!<br></div><div class="battle-history">Go! <strong>Ampharos</strong>!<br></div><div class="battle-history"><small>Ampharos floats in the air with its Air Balloon!</small><br></div><div class="spacer battle-history"><br></div><div class="battle-history">The opposing Feraligatr used <strong>Aqua Jet</strong>!<br></div><div class="battle-history"><small>(Ampharos lost <abbr title="−47/371">12.7%</abbr> of its health!)</small><br></div><div class="battle-history"><small>Ampharos's Air Balloon popped!</small><br></div><div class="battle-history"><small>The opposing Feraligatr lost some of its HP!</small><br></div><div class="spacer battle-history"><br></div><div class="battle-history"><small>The opposing Feraligatr was hurt by its burn!</small><br></div><div class="spacer battle-history"><br></div><h2 class="battle-history">Turn 4</h2><div class="spacer battle-history"><br></div><div class="battle-history">Ayumukota withdrew Feraligatr!<br></div><div class="battle-history">Ayumukota sent out <strong>Mamoswine</strong>!<br></div><div class="spacer battle-history"><br></div><div class="battle-history">Ampharos used <strong>Thunderbolt</strong>!<br></div><div class="battle-history"><small>It doesn't affect the opposing Mamoswine...</small><br></div><div class="spacer battle-history"><br></div><h2 class="battle-history">Turn 5</h2><div class="spacer battle-history"><br></div><div class="battle-history">The opposing Mamoswine used <strong>Earthquake</strong>!<br></div><div class="battle-history"><small>It's super effective!</small><br></div><div class="battle-history"><small>(Ampharos lost <abbr title="−324/371">87.3%</abbr> of its health!)</small><br></div><div class="battle-history"><small>The opposing Mamoswine lost some of its HP!</small><br></div><div class="spacer battle-history"><br></div><div class="battle-history">Ampharos fainted!<br></div><div class="spacer battle-history"><br></div><div class="battle-history">Go! <strong>Kingdra</strong>!<br></div><div class="spacer battle-history"><br></div><h2 class="battle-history">Turn 6</h2><div class="spacer battle-history"><br></div><div class="battle-history">Ayumukota withdrew Mamoswine!<br></div><div class="battle-history">Ayumukota sent out <strong>Chandelure</strong>!<br></div><div class="spacer battle-history"><br></div><div class="battle-history">Kingdra used <strong>Draco Meteor</strong>!<br></div><div class="battle-history"><small>(The opposing Chandelure lost <abbr title="−205/323">63.5%</abbr> of its health!)</small><br></div><div class="battle-history"><small>Kingdra's Special Attack fell harshly!</small><br></div><div class="spacer battle-history"><br></div><h2 class="battle-history">Turn 7</h2><div class="spacer battle-history"><br></div><div class="battle-history">Kingdra used <strong>Surf</strong>!<br></div><div class="battle-history"><small>It's super effective!</small><br></div><div class="battle-history"><small>(The opposing Chandelure lost <abbr title="−108/323">33.4%</abbr> of its health!)</small><br></div><div class="spacer battle-history"><br></div><div class="battle-history">The opposing Chandelure used <strong>Shadow Ball</strong>!<br></div><div class="battle-history"><small>(Kingdra lost <abbr title="−241/323">74.6%</abbr> of its health!)</small><br></div><div class="spacer battle-history"><br></div><h2 class="battle-history">Turn 8</h2><div class="spacer battle-history"><br></div><div class="battle-history">Ayumukota withdrew Chandelure!<br></div><div class="battle-history">Ayumukota sent out <strong>Blissey</strong>!<br></div><div class="spacer battle-history"><br></div><div class="battle-history">Kingdra used <strong>Draco Meteor</strong>!<br></div><div class="battle-history"><small>(The opposing Blissey lost <abbr title="−72/714">10.1%</abbr> of its health!)</small><br></div><div class="battle-history"><small>Kingdra's Special Attack fell harshly!</small><br></div><div class="spacer battle-history"><br></div><div class="battle-history"><small>The opposing Blissey restored a little HP using its Leftovers!</small><br></div><div class="spacer battle-history"><br></div><h2 class="battle-history">Turn 9</h2><div class="spacer battle-history"><br></div><div class="battle-history">Kingdra, come back!<br></div><div class="battle-history">Go! <strong>Gardevoir</strong>!<br></div><div class="spacer battle-history"><br></div><div class="battle-history">The opposing Blissey used <strong>Thunderbolt</strong>!<br></div><div class="battle-history"><small>A critical hit!</small><br></div><div class="battle-history"><small>(Gardevoir lost <abbr title="−80/327">24.5%</abbr> of its health!)</small><br></div><div class="spacer battle-history"><br></div><div class="battle-history"><small>The opposing Blissey restored a little HP using its Leftovers!</small><br></div><div class="spacer battle-history"><br></div><h2 class="battle-history">Turn 10</h2><div class="spacer battle-history"><br></div><div class="battle-history">Ayumukota withdrew Blissey!<br></div><div class="battle-history">Ayumukota sent out <strong>Aggron</strong>!<br></div><div class="spacer battle-history"><br></div><div class="battle-history">Gardevoir used <strong>Psychic</strong>!<br></div><div class="battle-history"><small>It's not very effective...</small><br></div><div class="battle-history"><small>(The opposing Aggron lost <abbr title="−102/343">29.7%</abbr> of its health!)</small><br></div><div class="spacer battle-history"><br></div><h2 class="battle-history">Turn 11</h2><div class="spacer battle-history"><br></div><div class="battle-history">Gardevoir used <strong>Moonblast</strong>!<br></div><div class="battle-history"><small>It's not very effective...</small><br></div><div class="battle-history"><small>(The opposing Aggron lost <abbr title="−109/343">31.8%</abbr> of its health!)</small><br></div><div class="spacer battle-history"><br></div><div class="battle-history">The opposing Aggron used <strong>Heavy Slam</strong>!<br></div><div class="battle-history"><small>It's super effective!</small><br></div><div class="battle-history"><small>(Gardevoir lost <abbr title="−247/327">75.5%</abbr> of its health!)</small><br></div><div class="spacer battle-history"><br></div><div class="battle-history">Gardevoir fainted!<br></div><div class="spacer battle-history"><br></div><div class="battle-history">Go! <strong>Typhlosion</strong>!<br></div><div class="spacer battle-history"><br></div><h2 class="battle-history">Turn 12</h2><div class="spacer battle-history"><br></div><div class="battle-history">Ayumukota withdrew Aggron!<br></div><div class="battle-history">Ayumukota sent out <strong>Feraligatr</strong>!<br></div><div class="spacer battle-history"><br></div><div class="battle-history">Typhlosion used <strong>Flamethrower</strong>!<br></div><div class="battle-history"><small>It's not very effective...</small><br></div><div class="battle-history"><small>(The opposing Feraligatr lost <abbr title="−75/311">24.1%</abbr> of its health!)</small><br></div><div class="spacer battle-history"><br></div><div class="battle-history"><small>The opposing Feraligatr was hurt by its burn!</small><br></div><div class="spacer battle-history"><br></div><h2 class="battle-history">Turn 13</h2><div class="spacer battle-history"><br></div><div class="battle-history">Typhlosion, come back!<br></div><div class="battle-history">Go! <strong>Vaporeon</strong>!<br></div><div class="spacer battle-history"><br></div><div class="battle-history">The opposing Feraligatr used <strong>Waterfall</strong>!<br></div><div class="battle-history"><small>[Vaporeon's Water Absorb]</small><br><small>It doesn't affect Vaporeon...</small><br></div><div class="spacer battle-history"><br></div><div class="battle-history"><small>The opposing Feraligatr was hurt by its burn!</small><br></div><div class="spacer battle-history"><br></div><div class="battle-history">The opposing Feraligatr fainted!<br></div><div class="spacer battle-history"><br></div><div class="battle-history">Ayumukota sent out <strong>Mamoswine</strong>!<br></div><div class="spacer battle-history"><br></div><h2 class="battle-history">Turn 14</h2><div class="spacer battle-history"><br></div><div class="battle-history">The opposing Mamoswine used <strong>Earthquake</strong>!<br></div><div class="battle-history"><small>A critical hit!</small><br></div><div class="battle-history"><small>(Vaporeon lost <abbr title="−406/451">90.0%</abbr> of its health!)</small><br></div><div class="battle-history"><small>The opposing Mamoswine lost some of its HP!</small><br></div><div class="spacer battle-history"><br></div><div class="battle-history">Vaporeon used <strong>Hyper Voice</strong>!<br></div><div class="battle-history"><small>A critical hit!</small><br></div><div class="battle-history"><small>(The opposing Mamoswine lost <abbr title="−183/423">43.3%</abbr> of its health!)</small><br></div><div class="spacer battle-history"><br></div><h2 class="battle-history">Turn 15</h2><div class="spacer battle-history"><br></div><div class="battle-history">The opposing Mamoswine used <strong>Earthquake</strong>!<br></div><div class="battle-history"><small>(Vaporeon lost <abbr title="−45/451">10.0%</abbr> of its health!)</small><br></div><div class="battle-history"><small>The opposing Mamoswine lost some of its HP!</small><br></div><div class="spacer battle-history"><br></div><div class="battle-history">Vaporeon fainted!<br></div><div class="spacer battle-history"><br></div><div class="battle-history">Go! <strong>Kingdra</strong>!<br></div><div class="spacer battle-history"><br></div><h2 class="battle-history">Turn 16</h2><div class="spacer battle-history"><br></div><div class="battle-history">The opposing Mamoswine used <strong>Earthquake</strong>!<br></div><div class="battle-history"><small>(Kingdra lost <abbr title="−82/323">25.4%</abbr> of its health!)</small><br></div><div class="battle-history"><small>The opposing Mamoswine lost some of its HP!</small><br></div><div class="spacer battle-history"><br></div><div class="battle-history">Kingdra fainted!<br></div><div class="spacer battle-history"><br></div><div class="battle-history">Go! <strong>Typhlosion</strong>!<br></div><div class="spacer battle-history"><br></div><h2 class="battle-history">Turn 17</h2><div class="spacer battle-history"><br></div><div class="battle-history">The opposing Mamoswine used <strong>Icicle Crash</strong>!<br></div><div class="battle-history"><small>It's not very effective...</small><br></div><div class="battle-history"><small>(Typhlosion lost <abbr title="−86/347">24.8%</abbr> of its health!)</small><br></div><div class="battle-history"><small>The opposing Mamoswine lost some of its HP!</small><br></div><div class="spacer battle-history"><br></div><div class="battle-history">Typhlosion used <strong>Eruption</strong>!<br></div><div class="battle-history"><small>It's super effective!</small><br></div><div class="battle-history"><small>(The opposing Mamoswine lost <abbr title="−30/423">7.1%</abbr> of its health!)</small><br></div><div class="spacer battle-history"><br></div><div class="battle-history">The opposing Mamoswine fainted!<br></div><div class="spacer battle-history"><br></div><div class="battle-history">Ayumukota sent out <strong>Aggron</strong>!<br></div><div class="spacer battle-history"><br></div><h2 class="battle-history">Turn 18</h2><div class="spacer battle-history"><br></div><div class="battle-history"><small>The opposing Aggron's Aggronite is reacting to Ayumukota's Mega Bracelet!</small><br>The opposing Aggron has Mega Evolved into Mega Aggron!<br></div><div class="spacer battle-history"><br></div><div class="battle-history">Typhlosion used <strong>Flare Blitz</strong>!<br></div><div class="battle-history"><small>It's super effective!</small><br></div><div class="battle-history"><small>(The opposing Aggron lost <abbr title="−98/343">28.6%</abbr> of its health!)</small><br></div><div class="battle-history"><small>Typhlosion is damaged by the recoil!</small><br></div><div class="spacer battle-history"><br></div><div class="battle-history">The opposing Aggron fainted!<br></div><div class="spacer battle-history"><br></div><div class="battle-history">Ayumukota sent out <strong>Chandelure</strong>!<br></div><div class="spacer battle-history"><br></div><h2 class="battle-history">Turn 19</h2><div class="spacer battle-history"><br></div><div class="battle-history">Typhlosion used <strong>Earthquake</strong>!<br></div><div class="battle-history"><small>It's super effective!</small><br></div><div class="battle-history"><small>(The opposing Chandelure lost <abbr title="−10/323">3.1%</abbr> of its health!)</small><br></div><div class="spacer battle-history"><br></div><div class="battle-history">The opposing Chandelure fainted!<br></div><div class="spacer battle-history"><br></div><div class="battle-history">Ayumukota sent out <strong>Eelektross</strong>!<br></div><div class="spacer battle-history"><br></div><h2 class="battle-history">Turn 20</h2><div class="spacer battle-history"><br></div><div class="battle-history">Typhlosion used <strong>Earthquake</strong>!<br></div><div class="battle-history"><small>[The opposing Eelektross's Levitate]</small><br><small>It doesn't affect the opposing Eelektross...</small><br></div><div class="spacer battle-history"><br></div><div class="battle-history">The opposing Eelektross used <strong>Thunder Wave</strong>!<br></div><div class="battle-history"><small>Typhlosion is paralyzed! It may be unable to move!</small><br></div><div class="spacer battle-history"><br></div><h2 class="battle-history">Turn 21</h2><div class="spacer battle-history"><br></div><div class="battle-history">The opposing Eelektross used <strong>Thunderbolt</strong>!<br></div><div class="battle-history"><small>A critical hit!</small><br></div><div class="battle-history"><small>(Typhlosion lost <abbr title="−202/347">58.2%</abbr> of its health!)</small><br></div><div class="spacer battle-history"><br></div><div class="battle-history">Typhlosion fainted!<br></div><div class="spacer battle-history"><br></div><div class="battle-history"><strong>Ayumukota</strong> won the battle!<br></div></div><div class="inner-preempt"></div></div></div>
</div>
<script>
let daily = Math.floor(Date.now()/1000/60/60/24);document.write('<script src="https://play.pokemonshowdown.com/js/replay-embed.js?version'+daily+'"></'+'script>');
</script>
