<!DOCTYPE html>
<meta charset="utf-8" />
<!-- version 1 -->
<title>UU replay: 10blast vs. LCezasfuck</title>
<style>
html,body {font-family:Verdana, sans-serif;font-size:10pt;margin:0;padding:0;}body{padding:12px 0;} .battle-log {font-family:Verdana, sans-serif;font-size:10pt;} .battle-log-inline {border:1px solid #AAAAAA;background:#EEF2F5;color:black;max-width:640px;margin:0 auto 80px;padding-bottom:5px;} .battle-log .inner {padding:4px 8px 0px 8px;} .battle-log .inner-preempt {padding:0 8px 4px 8px;} .battle-log .inner-after {margin-top:0.5em;} .battle-log h2 {margin:0.5em -8px;padding:4px 8px;border:1px solid #AAAAAA;background:#E0E7EA;border-left:0;border-right:0;font-family:Verdana, sans-serif;font-size:13pt;} .battle-log .chat {vertical-align:middle;padding:3px 0 3px 0;font-size:8pt;} .battle-log .chat strong {color:#40576A;} .battle-log .chat em {padding:1px 4px 1px 3px;color:#000000;font-style:normal;} .chat.mine {background:rgba(0,0,0,0.05);margin-left:-8px;margin-right:-8px;padding-left:8px;padding-right:8px;} .spoiler {color:#BBBBBB;background:#BBBBBB;padding:0px 3px;} .spoiler:hover, .spoiler:active, .spoiler-shown {color:#000000;background:#E2E2E2;padding:0px 3px;} .spoiler a {color:#BBBBBB;} .spoiler:hover a, .spoiler:active a, .spoiler-shown a {color:#2288CC;} .chat code, .chat .spoiler:hover code, .chat .spoiler:active code, .chat .spoiler-shown code {border:1px solid #C0C0C0;background:#EEEEEE;color:black;padding:0 2px;} .chat .spoiler code {border:1px solid #CCCCCC;background:#CCCCCC;color:#CCCCCC;} .battle-log .rated {padding:3px 4px;} .battle-log .rated strong {color:white;background:#89A;padding:1px 4px;border-radius:4px;} .spacer {margin-top:0.5em;} .message-announce {background:#6688AA;color:white;padding:1px 4px 2px;} .message-announce a, .broadcast-green a, .broadcast-blue a, .broadcast-red a {color:#DDEEFF;} .broadcast-green {background-color:#559955;color:white;padding:2px 4px;} .broadcast-blue {background-color:#6688AA;color:white;padding:2px 4px;} .infobox {border:1px solid #6688AA;padding:2px 4px;} .infobox-limited {max-height:200px;overflow:auto;overflow-x:hidden;} .broadcast-red {background-color:#AA5544;color:white;padding:2px 4px;} .message-learn-canlearn {font-weight:bold;color:#228822;text-decoration:underline;} .message-learn-cannotlearn {font-weight:bold;color:#CC2222;text-decoration:underline;} .message-effect-weak {font-weight:bold;color:#CC2222;} .message-effect-resist {font-weight:bold;color:#6688AA;} .message-effect-immune {font-weight:bold;color:#666666;} .message-learn-list {margin-top:0;margin-bottom:0;} .message-throttle-notice, .message-error {color:#992222;} .message-overflow, .chat small.message-overflow {font-size:0pt;} .message-overflow::before {font-size:9pt;content:'...';} .subtle {color:#3A4A66;}
</style>
<div class="wrapper replay-wrapper" style="max-width:1180px;margin:0 auto">
<input type="hidden" name="replayid" value="uu-540141808" />
<div class="battle"></div><div class="battle-log"></div><div class="replay-controls"></div><div class="replay-controls-2"></div>
<h1 style="font-weight:normal;text-align:center"><strong>UU</strong><br /><a href="http://pokemonshowdown.com/users/10blast" class="subtle" target="_blank">10blast</a> vs. <a href="http://pokemonshowdown.com/users/lcezasfuck" class="subtle" target="_blank">LCezasfuck</a></h1>
<script type="text/plain" class="battle-log-data">|j|10blast
|j|LCezasfuck
|player|p1|10blast|68
|player|p2|LCezasfuck|184
|gametype|singles
|gen|6
|tier|UU
|rated
|seed|22720,37641,35808,55856
|rule|Sleep Clause Mod: Limit one foe put to sleep
|rule|Species Clause: Limit one of each Pokémon
|rule|OHKO Clause: OHKO moves are banned
|rule|Moody Clause: Moody is banned
|rule|Evasion Moves Clause: Evasion moves are banned
|rule|Endless Battle Clause: Forcing endless battles is banned
|rule|HP Percentage Mod: HP is shown in percentages
|clearpoke
|poke|p1|Gallade, M|item
|poke|p1|Yanmega, M, shiny|item
|poke|p1|Froslass, F, shiny|item
|poke|p1|Donphan, F, shiny|item
|poke|p1|Florges-White, F, shiny|item
|poke|p1|Ambipom, F, shiny|item
|poke|p2|Aggron, M|item
|poke|p2|Blissey, F|item
|poke|p2|Suicune|item
|poke|p2|Cresselia, F|item
|poke|p2|Mandibuzz, F|item
|poke|p2|Quagsire, F|item
|rule|Swagger Clause: Swagger is banned
|rule|Baton Pass Clause: Limit one Baton Passer, can't pass Spe and other stats simultaneously
|teampreview
|c|☆10blast|dicks out
|choice|team 6, team 2, team 3, team 4, team 5, team 1|team 1, team 2, team 3, team 4, team 5, team 6
|
|start
|switch|p1a: Harambæ|Ambipom, F, shiny|292\/292
|switch|p2a: Aggron|Aggron, M|343\/343
|turn|1
|choice|move fakeout|move stealthrock mega
|
|detailschange|p2a: Aggron|Aggron-Mega, M
|-mega|p2a: Aggron|Aggron|Aggronite
|move|p1a: Harambæ|Fake Out|p2a: Aggron
|-resisted|p2a: Aggron
|-damage|p2a: Aggron|322\/343
|cant|p2a: Aggron|flinch
|
|upkeep
|turn|2
|choice|move uturn|move stealthrock
|
|move|p1a: Harambæ|U-turn|p2a: Aggron
|-resisted|p2a: Aggron
|-damage|p2a: Aggron|309\/343
|choice|switch 2|
|
|switch|p1a: Yamnigga|Yanmega, M, shiny|313\/313
|move|p2a: Aggron|Stealth Rock|p1a: Yamnigga
|-sidestart|p1: 10blast|move: Stealth Rock
|
|upkeep
|turn|3
|choice|move bugbuzz|switch 2
|
|switch|p2a: Blissey|Blissey, F|714\/714
|move|p1a: Yamnigga|Bug Buzz|p2a: Blissey
|-damage|p2a: Blissey|603\/714
|
|-heal|p2a: Blissey|647\/714|[from] item: Leftovers
|upkeep
|turn|4
|choice|switch 4|switch 5
|
|switch|p1a: Daphnee|Donphan, F, shiny|384\/384
|-damage|p1a: Daphnee|360\/384|[from] Stealth Rock
|switch|p2a: Mandibuzz|Mandibuzz, F|424\/424
|
|-heal|p1a: Daphnee|384\/384|[from] item: Leftovers
|upkeep
|turn|5
|choice|move stealthrock|move knockoff
|
|move|p2a: Mandibuzz|Knock Off|p1a: Daphnee
|-damage|p1a: Daphnee|330\/384
|-enditem|p1a: Daphnee|Leftovers|[from] move: Knock Off|[of] p2a: Mandibuzz
|move|p1a: Daphnee|Stealth Rock|p2a: Mandibuzz
|-sidestart|p2: LCezasfuck|move: Stealth Rock
|
|upkeep
|turn|6
|choice|move knockoff|move defog
|
|move|p2a: Mandibuzz|Defog|p1a: Daphnee
|-unboost|p1a: Daphnee|evasion|1
|-sideend|p1: 10blast|Stealth Rock|[from] move: Defog|[of] p1a: Daphnee
|-sideend|p2: LCezasfuck|Stealth Rock|[from] move: Defog|[of] p2a: Mandibuzz
|move|p1a: Daphnee|Knock Off|p2a: Mandibuzz
|-resisted|p2a: Mandibuzz
|-damage|p2a: Mandibuzz|394\/424
|-enditem|p2a: Mandibuzz|Leftovers|[from] move: Knock Off|[of] p1a: Daphnee
|
|upkeep
|turn|7
|choice|move stealthrock|move foulplay
|
|move|p2a: Mandibuzz|Foul Play|p1a: Daphnee
|-damage|p1a: Daphnee|251\/384
|move|p1a: Daphnee|Stealth Rock|p2a: Mandibuzz
|-sidestart|p2: LCezasfuck|move: Stealth Rock
|
|upkeep
|turn|8
|choice|switch 5|move defog
|
|switch|p1a: Dat Good Good|Florges-White, F, shiny|360\/360
|move|p2a: Mandibuzz|Defog|p1a: Dat Good Good
|-unboost|p1a: Dat Good Good|evasion|1
|-sideend|p2: LCezasfuck|Stealth Rock|[from] move: Defog|[of] p2a: Mandibuzz
|
|upkeep
|turn|9
|choice|move moonblast|switch 5
|
|switch|p2a: Blissey|Blissey, F|647\/714
|move|p1a: Dat Good Good|Moonblast|p2a: Blissey
|-damage|p2a: Blissey|551\/714
|
|-heal|p2a: Blissey|595\/714|[from] item: Leftovers
|upkeep
|turn|10
|choice|move wish|move thunderwave
|
|move|p1a: Dat Good Good|Wish|p1a: Dat Good Good
|move|p2a: Blissey|Thunder Wave|p1a: Dat Good Good
|-status|p1a: Dat Good Good|par
|
|-heal|p2a: Blissey|639\/714|[from] item: Leftovers
|upkeep
|turn|11
|choice|switch 5|move seismictoss
|
|switch|p1a: Daphnee|Donphan, F, shiny|251\/384
|move|p2a: Blissey|Seismic Toss|p1a: Daphnee
|-damage|p1a: Daphnee|151\/384
|
|-heal|p1a: Daphnee|331\/384|[from] move: Wish|[wisher] Dat Good Good
|-heal|p2a: Blissey|683\/714|[from] item: Leftovers
|upkeep
|turn|12
|choice|move stealthrock|switch 5
|
|switch|p2a: Mandibuzz|Mandibuzz, F|394\/424
|move|p1a: Daphnee|Stealth Rock|p2a: Mandibuzz
|-sidestart|p2: LCezasfuck|move: Stealth Rock
|
|upkeep
|turn|13
|choice|switch 3|move defog
|
|switch|p1a: Keiko|Froslass, F, shiny|282\/282
|move|p2a: Mandibuzz|Defog|p1a: Keiko
|-unboost|p1a: Keiko|evasion|1
|-sideend|p2: LCezasfuck|Stealth Rock|[from] move: Defog|[of] p2a: Mandibuzz
|
|upkeep
|turn|14
|choice|move icebeam|move knockoff
|
|move|p1a: Keiko|Ice Beam|p2a: Mandibuzz
|-supereffective|p2a: Mandibuzz
|-damage|p2a: Mandibuzz|172\/424
|move|p2a: Mandibuzz|Knock Off|p1a: Keiko
|-supereffective|p1a: Keiko
|-damage|p1a: Keiko|58\/282
|-enditem|p1a: Keiko|Focus Sash|[from] move: Knock Off|[of] p2a: Mandibuzz
|
|upkeep
|turn|15
|choice|move icebeam|switch 5
|
|switch|p2a: Blissey|Blissey, F|683\/714
|move|p1a: Keiko|Ice Beam|p2a: Blissey
|-crit|p2a: Blissey
|-damage|p2a: Blissey|539\/714
|
|-heal|p2a: Blissey|583\/714|[from] item: Leftovers
|upkeep
|turn|16
|choice|switch 3|move thunderwave
|
|switch|p1a: Daphnee|Donphan, F, shiny|331\/384
|move|p2a: Blissey|Thunder Wave|p1a: Daphnee
|-immune|p1a: Daphnee|[msg]
|
|-heal|p2a: Blissey|627\/714|[from] item: Leftovers
|upkeep
|turn|17
|choice|move knockoff|switch 5
|
|switch|p2a: Mandibuzz|Mandibuzz, F|172\/424
|move|p1a: Daphnee|Knock Off|p2a: Mandibuzz
|-resisted|p2a: Mandibuzz
|-damage|p2a: Mandibuzz|152\/424
|
|upkeep
|turn|18
|choice|switch 5|move roost
|
|switch|p1a: Dat Good Good|Florges-White, F, shiny|360\/360 par
|move|p2a: Mandibuzz|Roost|p2a: Mandibuzz
|-heal|p2a: Mandibuzz|364\/424
|
|upkeep
|turn|19
|choice|move aromatherapy|switch 5
|
|switch|p2a: Blissey|Blissey, F|627\/714
|cant|p1a: Dat Good Good|par
|
|-heal|p2a: Blissey|671\/714|[from] item: Leftovers
|upkeep
|turn|20
|choice|move aromatherapy|move seismictoss
|
|move|p2a: Blissey|Seismic Toss|p1a: Dat Good Good
|-damage|p1a: Dat Good Good|260\/360 par
|cant|p1a: Dat Good Good|par
|
|-heal|p2a: Blissey|714\/714|[from] item: Leftovers
|-heal|p1a: Dat Good Good|282\/360 par|[from] item: Leftovers
|upkeep
|turn|21
|choice|move wish|move seismictoss
|
|move|p2a: Blissey|Seismic Toss|p1a: Dat Good Good
|-damage|p1a: Dat Good Good|182\/360 par
|move|p1a: Dat Good Good|Wish|p1a: Dat Good Good
|
|-heal|p1a: Dat Good Good|204\/360 par|[from] item: Leftovers
|upkeep
|turn|22
|choice|move aromatherapy|switch 2
|
|switch|p2a: Aggron|Aggron-Mega, M|309\/343
|move|p1a: Dat Good Good|Aromatherapy|p1a: Dat Good Good
|-activate|p1a: Dat Good Good|move: Aromatherapy
|-curestatus|p1a: Dat Good Good|par|[msg]
|
|-heal|p1a: Dat Good Good|360\/360|[from] move: Wish|[wisher] Dat Good Good
|upkeep
|turn|23
|choice|switch 5|move stealthrock
|
|switch|p1a: Daphnee|Donphan, F, shiny|331\/384
|move|p2a: Aggron|Stealth Rock|p1a: Daphnee
|-sidestart|p1: 10blast|move: Stealth Rock
|
|upkeep
|turn|24
|choice|move stealthrock|switch 3
|
|switch|p2a: Suicune|Suicune|404\/404
|-ability|p2a: Suicune|Pressure
|move|p1a: Daphnee|Stealth Rock|p2a: Suicune
|-sidestart|p2: LCezasfuck|move: Stealth Rock
|
|upkeep
|turn|25
|choice|switch 6|move calmmind
|
|switch|p1a: Goku|Gallade, M|278\/278
|-damage|p1a: Goku|261\/278|[from] Stealth Rock
|move|p2a: Suicune|Calm Mind|p2a: Suicune
|-boost|p2a: Suicune|spa|1
|-boost|p2a: Suicune|spd|1
|
|upkeep
|turn|26
|choice|move leafblade|move scald
|
|move|p2a: Suicune|Scald|p1a: Goku
|-damage|p1a: Goku|201\/278
|-status|p1a: Goku|brn
|move|p1a: Goku|Leaf Blade|p2a: Suicune
|-supereffective|p2a: Suicune
|-damage|p2a: Suicune|330\/404
|
|-heal|p2a: Suicune|355\/404|[from] item: Leftovers
|-damage|p1a: Goku|167\/278 brn|[from] brn
|upkeep
|turn|27
|choice|switch 5|move calmmind
|
|switch|p1a: Dat Good Good|Florges-White, F, shiny|360\/360
|-damage|p1a: Dat Good Good|315\/360|[from] Stealth Rock
|move|p2a: Suicune|Calm Mind|p2a: Suicune
|-boost|p2a: Suicune|spa|1
|-boost|p2a: Suicune|spd|1
|
|-heal|p2a: Suicune|380\/404|[from] item: Leftovers
|-heal|p1a: Dat Good Good|337\/360|[from] item: Leftovers
|upkeep
|turn|28
|choice|move aromatherapy|move calmmind
|
|move|p2a: Suicune|Calm Mind|p2a: Suicune
|-boost|p2a: Suicune|spa|1
|-boost|p2a: Suicune|spd|1
|move|p1a: Dat Good Good|Aromatherapy|p1a: Dat Good Good
|-activate|p1a: Dat Good Good|move: Aromatherapy
|-curestatus|p1: Goku|brn|[msg]
|
|-heal|p2a: Suicune|404\/404|[from] item: Leftovers
|-heal|p1a: Dat Good Good|359\/360|[from] item: Leftovers
|upkeep
|turn|29
|choice|move calmmind|move scald
|
|move|p2a: Suicune|Scald|p1a: Dat Good Good
|-damage|p1a: Dat Good Good|220\/360
|move|p1a: Dat Good Good|Calm Mind|p1a: Dat Good Good
|-boost|p1a: Dat Good Good|spa|1
|-boost|p1a: Dat Good Good|spd|1
|
|-heal|p1a: Dat Good Good|242\/360|[from] item: Leftovers
|upkeep
|turn|30
|choice|move calmmind|move calmmind
|
|move|p2a: Suicune|Calm Mind|p2a: Suicune
|-boost|p2a: Suicune|spa|1
|-boost|p2a: Suicune|spd|1
|move|p1a: Dat Good Good|Calm Mind|p1a: Dat Good Good
|-boost|p1a: Dat Good Good|spa|1
|-boost|p1a: Dat Good Good|spd|1
|
|-heal|p1a: Dat Good Good|264\/360|[from] item: Leftovers
|upkeep
|turn|31
|choice|move calmmind|move scald
|
|move|p2a: Suicune|Scald|p1a: Dat Good Good
|-damage|p1a: Dat Good Good|173\/360
|-status|p1a: Dat Good Good|brn
|move|p1a: Dat Good Good|Calm Mind|p1a: Dat Good Good
|-boost|p1a: Dat Good Good|spa|1
|-boost|p1a: Dat Good Good|spd|1
|
|-heal|p1a: Dat Good Good|195\/360 brn|[from] item: Leftovers
|-damage|p1a: Dat Good Good|150\/360 brn|[from] brn
|upkeep
|turn|32
|choice|move wish|move scald
|
|move|p2a: Suicune|Scald|p1a: Dat Good Good
|-damage|p1a: Dat Good Good|80\/360 brn
|move|p1a: Dat Good Good|Wish|p1a: Dat Good Good
|
|-heal|p1a: Dat Good Good|102\/360 brn|[from] item: Leftovers
|-damage|p1a: Dat Good Good|57\/360 brn|[from] brn
|upkeep
|turn|33
|choice|switch 5|move scald
|
|switch|p1a: Goku|Gallade, M|167\/278
|-damage|p1a: Goku|150\/278|[from] Stealth Rock
|move|p2a: Suicune|Scald|p1a: Goku
|-damage|p1a: Goku|24\/278
|
|-heal|p1a: Goku|204\/278|[from] move: Wish|[wisher] Dat Good Good
|upkeep
|turn|34
|choice|move leafblade|move scald
|
|move|p2a: Suicune|Scald|p1a: Goku
|-damage|p1a: Goku|89\/278
|-status|p1a: Goku|brn
|move|p1a: Goku|Leaf Blade|p2a: Suicune
|-supereffective|p2a: Suicune
|-crit|p2a: Suicune
|-damage|p2a: Suicune|281\/404
|
|-heal|p2a: Suicune|306\/404|[from] item: Leftovers
|-damage|p1a: Goku|55\/278 brn|[from] brn
|upkeep
|turn|35
|c|☆LCezasfuck|EZ
|choice|move shadowsneak|move scald
|
|move|p1a: Goku|Shadow Sneak|p2a: Suicune
|-crit|p2a: Suicune
|-damage|p2a: Suicune|281\/404
|move|p2a: Suicune|Scald|p1a: Goku
|-damage|p1a: Goku|0 fnt
|faint|p1a: Goku
|
|-heal|p2a: Suicune|306\/404|[from] item: Leftovers
|upkeep
|choice|switch 2|
|
|switch|p1a: Harambæ|Ambipom, F, shiny|292\/292
|-damage|p1a: Harambæ|256\/292|[from] Stealth Rock
|turn|36
|choice|move fakeout|move scald
|
|move|p1a: Harambæ|Fake Out|p2a: Suicune
|-damage|p2a: Suicune|239\/404
|cant|p2a: Suicune|flinch
|
|-heal|p2a: Suicune|264\/404|[from] item: Leftovers
|upkeep
|turn|37
|choice|move uturn|move scald
|
|move|p1a: Harambæ|U-turn|p2a: Suicune
|-damage|p2a: Suicune|220\/404
|choice|switch 5|
|
|switch|p1a: Dat Good Good|Florges-White, F, shiny|57\/360 brn
|-damage|p1a: Dat Good Good|12\/360 brn|[from] Stealth Rock
|move|p2a: Suicune|Scald|p1a: Dat Good Good
|-damage|p1a: Dat Good Good|0 fnt
|faint|p1a: Dat Good Good
|
|-heal|p2a: Suicune|245\/404|[from] item: Leftovers
|upkeep
|choice|switch 5|
|
|switch|p1a: Harambæ|Ambipom, F, shiny|256\/292
|-damage|p1a: Harambæ|220\/292|[from] Stealth Rock
|turn|38
|choice|move fakeout|move scald
|
|move|p1a: Harambæ|Fake Out|p2a: Suicune
|-damage|p2a: Suicune|170\/404
|cant|p2a: Suicune|flinch
|
|-heal|p2a: Suicune|195\/404|[from] item: Leftovers
|upkeep
|turn|39
|choice|move return|move scald
|
|move|p1a: Harambæ|Return|p2a: Suicune
|-damage|p2a: Suicune|84\/404
|move|p2a: Suicune|Scald|p1a: Harambæ
|-damage|p1a: Harambæ|0 fnt
|faint|p1a: Harambæ
|
|-heal|p2a: Suicune|109\/404|[from] item: Leftovers
|upkeep
|choice|switch 4|
|
|switch|p1a: Yamnigga|Yanmega, M, shiny|313\/313
|-damage|p1a: Yamnigga|157\/313|[from] Stealth Rock
|turn|40
|choice|move bugbuzz|move rest
|
|move|p1a: Yamnigga|Bug Buzz|p2a: Suicune
|-damage|p2a: Suicune|67\/404
|move|p2a: Suicune|Rest|p2a: Suicune
|-status|p2a: Suicune|slp
|-heal|p2a: Suicune|404\/404 slp|[silent]
|-status|p2a: Suicune|slp|[from] move: Rest
|
|upkeep
|turn|41
|choice|move bugbuzz|move sleeptalk
|
|move|p1a: Yamnigga|Bug Buzz|p2a: Suicune
|-damage|p2a: Suicune|359\/404 slp
|cant|p2a: Suicune|slp
|move|p2a: Suicune|Sleep Talk|p2a: Suicune
|move|p2a: Suicune|Rest|p2a: Suicune|[from]Sleep Talk
|-fail|p2a: Suicune
|
|-heal|p2a: Suicune|384\/404 slp|[from] item: Leftovers
|upkeep
|turn|42
|choice|move bugbuzz|move sleeptalk
|
|move|p1a: Yamnigga|Bug Buzz|p2a: Suicune
|-damage|p2a: Suicune|341\/404 slp
|cant|p2a: Suicune|slp
|move|p2a: Suicune|Sleep Talk|p2a: Suicune
|move|p2a: Suicune|Calm Mind|p2a: Suicune|[from]Sleep Talk
|-boost|p2a: Suicune|spa|1
|-boost|p2a: Suicune|spd|1
|
|-heal|p2a: Suicune|366\/404 slp|[from] item: Leftovers
|upkeep
|turn|43
|choice|move bugbuzz|move scald
|
|move|p1a: Yamnigga|Bug Buzz|p2a: Suicune
|-damage|p2a: Suicune|329\/404 slp
|-curestatus|p2a: Suicune|slp|[msg]
|move|p2a: Suicune|Scald|p1a: Yamnigga
|-damage|p1a: Yamnigga|0 fnt
|faint|p1a: Yamnigga
|
|-heal|p2a: Suicune|354\/404|[from] item: Leftovers
|upkeep
|choice|switch 3|
|
|switch|p1a: Keiko|Froslass, F, shiny|58\/282
|-damage|p1a: Keiko|0 fnt|[from] Stealth Rock
|faint|p1a: Keiko
|choice|switch 6|
|
|switch|p1a: Daphnee|Donphan, F, shiny|331\/384
|-damage|p1a: Daphnee|307\/384|[from] Stealth Rock
|turn|44
|choice|move knockoff|move scald
|
|move|p2a: Suicune|Scald|p1a: Daphnee
|-supereffective|p1a: Daphnee
|-damage|p1a: Daphnee|0 fnt
|faint|p1a: Daphnee
|
|win|LCezasfuck
|player|p1
|player|p2
|raw|10blast's rating: 1290 &rarr; <strong>1283<\/strong><br \/>(-7 for losing)
|raw|LCezasfuck's rating: 1588 &rarr; <strong>1594<\/strong><br \/>(+6 for winning)
|c|☆10blast|gg</script>
</div>
<div class="battle-log battle-log-inline"><div class="inner"><div class="battle-options"></div><div class="inner"><div class="chat"><small>10blast joined.</small></div><div class="chat"><small>LCezasfuck joined.</small></div><div class=""><small>Format:</small> <br><strong>UU</strong></div><div class="rated"><strong>Rated battle</strong></div><div class=""><small><em>Sleep Clause Mod:</em> Limit one foe put to sleep</small></div><div class=""><small><em>Species Clause:</em> Limit one of each Pokémon</small></div><div class=""><small><em>OHKO Clause:</em> OHKO moves are banned</small></div><div class=""><small><em>Moody Clause:</em> Moody is banned</small></div><div class=""><small><em>Evasion Moves Clause:</em> Evasion moves are banned</small></div><div class=""><small><em>Endless Battle Clause:</em> Forcing endless battles is banned</small></div><div class=""><small><em>HP Percentage Mod:</em> HP is shown in percentages</small></div><div class=""><small><em>Swagger Clause:</em> Swagger is banned</small></div><div class=""><small><em>Baton Pass Clause:</em> Limit one Baton Passer, can't pass Spe and other stats simultaneously</small></div><div class="chat battle-history"><strong>10blast's team:</strong> <em style="color:#445566;display:block;">Gallade / Yanmega / Froslass / Donphan / Florges-White / Ambipom</em></div><div class="chat battle-history"><strong>LCezasfuck's team:</strong> <em style="color:#445566;display:block;">Aggron / Blissey / Suicune / Cresselia / Mandibuzz / Quagsire</em></div><div class="chat chatmessage-10blast"><strong style="color:hsl(159,45%,45.164061557754884%)"><small>☆</small><span class="username" data-name="10blast">10blast</span>:</strong> <em>dicks out</em></div><div class="spacer battle-history"><br></div><div class="battle-history">Battle started between 10blast and LCezasfuck!<br></div><div class="spacer battle-history"><br></div><div class="battle-history">Go! Harambæ (<strong>Ambipom</strong>)!<br></div><div class="spacer battle-history"><br></div><div class="battle-history">LCezasfuck sent out <strong>Aggron</strong>!<br></div><div class="spacer battle-history"><br></div><h2 class="battle-history">Turn 1</h2><div class="spacer battle-history"><br></div><div class="battle-history"><small>The opposing Aggron's Aggronite is reacting to LCezasfuck's Mega Bracelet!</small><br>The opposing Aggron has Mega Evolved into Mega Aggron!<br></div><div class="spacer battle-history"><br></div><div class="battle-history">Harambæ used <strong>Fake Out</strong>!<br></div><div class="battle-history"><small>It's not very effective...</small><br></div><div class="battle-history"><small>(The opposing Aggron lost <abbr title="−21/343">6.1%</abbr> of its health!)</small><br></div><div class="spacer battle-history"><br></div><div class="battle-history">The opposing Aggron flinched and couldn't move!<br></div><div class="spacer battle-history"><br></div><h2 class="battle-history">Turn 2</h2><div class="spacer battle-history"><br></div><div class="battle-history">Harambæ used <strong>U-turn</strong>!<br></div><div class="battle-history"><small>It's not very effective...</small><br></div><div class="battle-history"><small>(The opposing Aggron lost <abbr title="−13/343">3.8%</abbr> of its health!)</small><br></div><div class="spacer battle-history"><br></div><div class="battle-history">Harambæ went back to 10blast!<br></div><div class="battle-history">Go! Yamnigga (<strong>Yanmega</strong>)!<br></div><div class="spacer battle-history"><br></div><div class="battle-history">The opposing Aggron used <strong>Stealth Rock</strong>!<br></div><div class="battle-history"><small>Pointed stones float in the air around your team!</small><br></div><div class="spacer battle-history"><br></div><h2 class="battle-history">Turn 3</h2><div class="spacer battle-history"><br></div><div class="battle-history">LCezasfuck withdrew Aggron!<br></div><div class="battle-history">LCezasfuck sent out <strong>Blissey</strong>!<br></div><div class="spacer battle-history"><br></div><div class="battle-history">Yamnigga used <strong>Bug Buzz</strong>!<br></div><div class="battle-history"><small>(The opposing Blissey lost <abbr title="−111/714">15.5%</abbr> of its health!)</small><br></div><div class="spacer battle-history"><br></div><div class="battle-history"><small>The opposing Blissey restored a little HP using its Leftovers!</small><br></div><div class="spacer battle-history"><br></div><h2 class="battle-history">Turn 4</h2><div class="spacer battle-history"><br></div><div class="battle-history">Yamnigga, come back!<br></div><div class="battle-history">Go! Daphnee (<strong>Donphan</strong>)!<br></div><div class="battle-history"><small>Pointed stones dug into Daphnee!</small><br></div><div class="spacer battle-history"><br></div><div class="battle-history">LCezasfuck withdrew Blissey!<br></div><div class="battle-history">LCezasfuck sent out <strong>Mandibuzz</strong>!<br></div><div class="spacer battle-history"><br></div><div class="battle-history"><small>Daphnee restored a little HP using its Leftovers!</small><br></div><div class="spacer battle-history"><br></div><h2 class="battle-history">Turn 5</h2><div class="spacer battle-history"><br></div><div class="battle-history">The opposing Mandibuzz used <strong>Knock Off</strong>!<br></div><div class="battle-history"><small>(Daphnee lost <abbr title="−54/384">14.1%</abbr> of its health!)</small><br></div><div class="battle-history"><small>The opposing Mandibuzz knocked off Daphnee's Leftovers!</small><br></div><div class="spacer battle-history"><br></div><div class="battle-history">Daphnee used <strong>Stealth Rock</strong>!<br></div><div class="battle-history"><small>Pointed stones float in the air around the opposing team!</small><br></div><div class="spacer battle-history"><br></div><h2 class="battle-history">Turn 6</h2><div class="spacer battle-history"><br></div><div class="battle-history">The opposing Mandibuzz used <strong>Defog</strong>!<br></div><div class="battle-history"><small>Daphnee's evasiveness fell!</small><br></div><div class="battle-history"><small>The pointed stones disappeared from around your team!</small><br></div><div class="battle-history"><small>The pointed stones disappeared from around the opposing team!</small><br></div><div class="spacer battle-history"><br></div><div class="battle-history">Daphnee used <strong>Knock Off</strong>!<br></div><div class="battle-history"><small>It's not very effective...</small><br></div><div class="battle-history"><small>(The opposing Mandibuzz lost <abbr title="−30/424">7.1%</abbr> of its health!)</small><br></div><div class="battle-history"><small>Daphnee knocked off the opposing Mandibuzz's Leftovers!</small><br></div><div class="spacer battle-history"><br></div><h2 class="battle-history">Turn 7</h2><div class="spacer battle-history"><br></div><div class="battle-history">The opposing Mandibuzz used <strong>Foul Play</strong>!<br></div><div class="battle-history"><small>(Daphnee lost <abbr title="−79/384">20.6%</abbr> of its health!)</small><br></div><div class="spacer battle-history"><br></div><div class="battle-history">Daphnee used <strong>Stealth Rock</strong>!<br></div><div class="battle-history"><small>Pointed stones float in the air around the opposing team!</small><br></div><div class="spacer battle-history"><br></div><h2 class="battle-history">Turn 8</h2><div class="spacer battle-history"><br></div><div class="battle-history">Daphnee, come back!<br></div><div class="battle-history">Go! Dat Good Good (<strong>Florges-White</strong>)!<br></div><div class="spacer battle-history"><br></div><div class="battle-history">The opposing Mandibuzz used <strong>Defog</strong>!<br></div><div class="battle-history"><small>Dat Good Good's evasiveness fell!</small><br></div><div class="battle-history"><small>The pointed stones disappeared from around the opposing team!</small><br></div><div class="spacer battle-history"><br></div><h2 class="battle-history">Turn 9</h2><div class="spacer battle-history"><br></div><div class="battle-history">LCezasfuck withdrew Mandibuzz!<br></div><div class="battle-history">LCezasfuck sent out <strong>Blissey</strong>!<br></div><div class="spacer battle-history"><br></div><div class="battle-history">Dat Good Good used <strong>Moonblast</strong>!<br></div><div class="battle-history"><small>(The opposing Blissey lost <abbr title="−96/714">13.4%</abbr> of its health!)</small><br></div><div class="spacer battle-history"><br></div><div class="battle-history"><small>The opposing Blissey restored a little HP using its Leftovers!</small><br></div><div class="spacer battle-history"><br></div><h2 class="battle-history">Turn 10</h2><div class="spacer battle-history"><br></div><div class="battle-history">Dat Good Good used <strong>Wish</strong>!<br></div><div class="spacer battle-history"><br></div><div class="battle-history">The opposing Blissey used <strong>Thunder Wave</strong>!<br></div><div class="battle-history"><small>Dat Good Good is paralyzed! It may be unable to move!</small><br></div><div class="spacer battle-history"><br></div><div class="battle-history"><small>The opposing Blissey restored a little HP using its Leftovers!</small><br></div><div class="spacer battle-history"><br></div><h2 class="battle-history">Turn 11</h2><div class="spacer battle-history"><br></div><div class="battle-history">Dat Good Good, come back!<br></div><div class="battle-history">Go! Daphnee (<strong>Donphan</strong>)!<br></div><div class="spacer battle-history"><br></div><div class="battle-history">The opposing Blissey used <strong>Seismic Toss</strong>!<br></div><div class="battle-history"><small>(Daphnee lost <abbr title="−100/384">26.0%</abbr> of its health!)</small><br></div><div class="spacer battle-history"><br></div><div class="battle-history"><small>Dat Good Good's wish came true!</small><br></div><div class="battle-history"><small>The opposing Blissey restored a little HP using its Leftovers!</small><br></div><div class="spacer battle-history"><br></div><h2 class="battle-history">Turn 12</h2><div class="spacer battle-history"><br></div><div class="battle-history">LCezasfuck withdrew Blissey!<br></div><div class="battle-history">LCezasfuck sent out <strong>Mandibuzz</strong>!<br></div><div class="spacer battle-history"><br></div><div class="battle-history">Daphnee used <strong>Stealth Rock</strong>!<br></div><div class="battle-history"><small>Pointed stones float in the air around the opposing team!</small><br></div><div class="spacer battle-history"><br></div><h2 class="battle-history">Turn 13</h2><div class="spacer battle-history"><br></div><div class="battle-history">Daphnee, come back!<br></div><div class="battle-history">Go! Keiko (<strong>Froslass</strong>)!<br></div><div class="spacer battle-history"><br></div><div class="battle-history">The opposing Mandibuzz used <strong>Defog</strong>!<br></div><div class="battle-history"><small>Keiko's evasiveness fell!</small><br></div><div class="battle-history"><small>The pointed stones disappeared from around the opposing team!</small><br></div><div class="spacer battle-history"><br></div><h2 class="battle-history">Turn 14</h2><div class="spacer battle-history"><br></div><div class="battle-history">Keiko used <strong>Ice Beam</strong>!<br></div><div class="battle-history"><small>It's super effective!</small><br></div><div class="battle-history"><small>(The opposing Mandibuzz lost <abbr title="−222/424">52.4%</abbr> of its health!)</small><br></div><div class="spacer battle-history"><br></div><div class="battle-history">The opposing Mandibuzz used <strong>Knock Off</strong>!<br></div><div class="battle-history"><small>It's super effective!</small><br></div><div class="battle-history"><small>(Keiko lost <abbr title="−224/282">79.4%</abbr> of its health!)</small><br></div><div class="battle-history"><small>The opposing Mandibuzz knocked off Keiko's Focus Sash!</small><br></div><div class="spacer battle-history"><br></div><h2 class="battle-history">Turn 15</h2><div class="spacer battle-history"><br></div><div class="battle-history">LCezasfuck withdrew Mandibuzz!<br></div><div class="battle-history">LCezasfuck sent out <strong>Blissey</strong>!<br></div><div class="spacer battle-history"><br></div><div class="battle-history">Keiko used <strong>Ice Beam</strong>!<br></div><div class="battle-history"><small>A critical hit!</small><br></div><div class="battle-history"><small>(The opposing Blissey lost <abbr title="−144/714">20.2%</abbr> of its health!)</small><br></div><div class="spacer battle-history"><br></div><div class="battle-history"><small>The opposing Blissey restored a little HP using its Leftovers!</small><br></div><div class="spacer battle-history"><br></div><h2 class="battle-history">Turn 16</h2><div class="spacer battle-history"><br></div><div class="battle-history">Keiko, come back!<br></div><div class="battle-history">Go! Daphnee (<strong>Donphan</strong>)!<br></div><div class="spacer battle-history"><br></div><div class="battle-history">The opposing Blissey used <strong>Thunder Wave</strong>!<br></div><div class="battle-history"><small>It doesn't affect Daphnee...</small><br></div><div class="spacer battle-history"><br></div><div class="battle-history"><small>The opposing Blissey restored a little HP using its Leftovers!</small><br></div><div class="spacer battle-history"><br></div><h2 class="battle-history">Turn 17</h2><div class="spacer battle-history"><br></div><div class="battle-history">LCezasfuck withdrew Blissey!<br></div><div class="battle-history">LCezasfuck sent out <strong>Mandibuzz</strong>!<br></div><div class="spacer battle-history"><br></div><div class="battle-history">Daphnee used <strong>Knock Off</strong>!<br></div><div class="battle-history"><small>It's not very effective...</small><br></div><div class="battle-history"><small>(The opposing Mandibuzz lost <abbr title="−20/424">4.7%</abbr> of its health!)</small><br></div><div class="spacer battle-history"><br></div><h2 class="battle-history">Turn 18</h2><div class="spacer battle-history"><br></div><div class="battle-history">Daphnee, come back!<br></div><div class="battle-history">Go! Dat Good Good (<strong>Florges-White</strong>)!<br></div><div class="spacer battle-history"><br></div><div class="battle-history">The opposing Mandibuzz used <strong>Roost</strong>!<br></div><div class="battle-history"><small>The opposing Mandibuzz restored its HP.</small><br></div><div class="spacer battle-history"><br></div><h2 class="battle-history">Turn 19</h2><div class="spacer battle-history"><br></div><div class="battle-history">LCezasfuck withdrew Mandibuzz!<br></div><div class="battle-history">LCezasfuck sent out <strong>Blissey</strong>!<br></div><div class="spacer battle-history"><br></div><div class="battle-history">Dat Good Good is paralyzed! It can't move!<br></div><div class="spacer battle-history"><br></div><div class="battle-history"><small>The opposing Blissey restored a little HP using its Leftovers!</small><br></div><div class="spacer battle-history"><br></div><h2 class="battle-history">Turn 20</h2><div class="spacer battle-history"><br></div><div class="battle-history">The opposing Blissey used <strong>Seismic Toss</strong>!<br></div><div class="battle-history"><small>(Dat Good Good lost <abbr title="−100/360">27.8%</abbr> of its health!)</small><br></div><div class="spacer battle-history"><br></div><div class="battle-history">Dat Good Good is paralyzed! It can't move!<br></div><div class="spacer battle-history"><br></div><div class="battle-history"><small>The opposing Blissey restored a little HP using its Leftovers!</small><br></div><div class="battle-history"><small>Dat Good Good restored a little HP using its Leftovers!</small><br></div><div class="spacer battle-history"><br></div><h2 class="battle-history">Turn 21</h2><div class="spacer battle-history"><br></div><div class="battle-history">The opposing Blissey used <strong>Seismic Toss</strong>!<br></div><div class="battle-history"><small>(Dat Good Good lost <abbr title="−100/360">27.8%</abbr> of its health!)</small><br></div><div class="spacer battle-history"><br></div><div class="battle-history">Dat Good Good used <strong>Wish</strong>!<br></div><div class="spacer battle-history"><br></div><div class="battle-history"><small>Dat Good Good restored a little HP using its Leftovers!</small><br></div><div class="spacer battle-history"><br></div><h2 class="battle-history">Turn 22</h2><div class="spacer battle-history"><br></div><div class="battle-history">LCezasfuck withdrew Blissey!<br></div><div class="battle-history">LCezasfuck sent out Aggron (<strong>Aggron-Mega</strong>)!<br></div><div class="spacer battle-history"><br></div><div class="battle-history">Dat Good Good used <strong>Aromatherapy</strong>!<br></div><div class="battle-history"><small>A soothing aroma wafted through the area!</small><br></div><div class="battle-history"><small>Dat Good Good was cured of paralysis.</small><br></div><div class="spacer battle-history"><br></div><div class="battle-history"><small>Dat Good Good's wish came true!</small><br></div><div class="spacer battle-history"><br></div><h2 class="battle-history">Turn 23</h2><div class="spacer battle-history"><br></div><div class="battle-history">Dat Good Good, come back!<br></div><div class="battle-history">Go! Daphnee (<strong>Donphan</strong>)!<br></div><div class="spacer battle-history"><br></div><div class="battle-history">The opposing Aggron used <strong>Stealth Rock</strong>!<br></div><div class="battle-history"><small>Pointed stones float in the air around your team!</small><br></div><div class="spacer battle-history"><br></div><h2 class="battle-history">Turn 24</h2><div class="spacer battle-history"><br></div><div class="battle-history">LCezasfuck withdrew Aggron!<br></div><div class="battle-history">LCezasfuck sent out <strong>Suicune</strong>!<br></div><div class="battle-history"><small>[The opposing Suicune's Pressure]</small><br><small>The opposing Suicune is exerting its pressure!</small><br></div><div class="spacer battle-history"><br></div><div class="battle-history">Daphnee used <strong>Stealth Rock</strong>!<br></div><div class="battle-history"><small>Pointed stones float in the air around the opposing team!</small><br></div><div class="spacer battle-history"><br></div><h2 class="battle-history">Turn 25</h2><div class="spacer battle-history"><br></div><div class="battle-history">Daphnee, come back!<br></div><div class="battle-history">Go! Goku (<strong>Gallade</strong>)!<br></div><div class="battle-history"><small>Pointed stones dug into Goku!</small><br></div><div class="spacer battle-history"><br></div><div class="battle-history">The opposing Suicune used <strong>Calm Mind</strong>!<br></div><div class="battle-history"><small>The opposing Suicune's Special Attack rose!</small><br></div><div class="battle-history"><small>The opposing Suicune's Special Defense rose!</small><br></div><div class="spacer battle-history"><br></div><h2 class="battle-history">Turn 26</h2><div class="spacer battle-history"><br></div><div class="battle-history">The opposing Suicune used <strong>Scald</strong>!<br></div><div class="battle-history"><small>(Goku lost <abbr title="−60/278">21.6%</abbr> of its health!)</small><br></div><div class="battle-history"><small>Goku was burned!</small><br></div><div class="spacer battle-history"><br></div><div class="battle-history">Goku used <strong>Leaf Blade</strong>!<br></div><div class="battle-history"><small>It's super effective!</small><br></div><div class="battle-history"><small>(The opposing Suicune lost <abbr title="−74/404">18.3%</abbr> of its health!)</small><br></div><div class="spacer battle-history"><br></div><div class="battle-history"><small>The opposing Suicune restored a little HP using its Leftovers!</small><br></div><div class="battle-history"><small>Goku was hurt by its burn!</small><br></div><div class="spacer battle-history"><br></div><h2 class="battle-history">Turn 27</h2><div class="spacer battle-history"><br></div><div class="battle-history">Goku, come back!<br></div><div class="battle-history">Go! Dat Good Good (<strong>Florges-White</strong>)!<br></div><div class="battle-history"><small>Pointed stones dug into Dat Good Good!</small><br></div><div class="spacer battle-history"><br></div><div class="battle-history">The opposing Suicune used <strong>Calm Mind</strong>!<br></div><div class="battle-history"><small>The opposing Suicune's Special Attack rose!</small><br></div><div class="battle-history"><small>The opposing Suicune's Special Defense rose!</small><br></div><div class="spacer battle-history"><br></div><div class="battle-history"><small>The opposing Suicune restored a little HP using its Leftovers!</small><br></div><div class="battle-history"><small>Dat Good Good restored a little HP using its Leftovers!</small><br></div><div class="spacer battle-history"><br></div><h2 class="battle-history">Turn 28</h2><div class="spacer battle-history"><br></div><div class="battle-history">The opposing Suicune used <strong>Calm Mind</strong>!<br></div><div class="battle-history"><small>The opposing Suicune's Special Attack rose!</small><br></div><div class="battle-history"><small>The opposing Suicune's Special Defense rose!</small><br></div><div class="spacer battle-history"><br></div><div class="battle-history">Dat Good Good used <strong>Aromatherapy</strong>!<br></div><div class="battle-history"><small>A soothing aroma wafted through the area!</small><br></div><div class="battle-history"><small>Goku's burn was healed.</small><br></div><div class="spacer battle-history"><br></div><div class="battle-history"><small>The opposing Suicune restored a little HP using its Leftovers!</small><br></div><div class="battle-history"><small>Dat Good Good restored a little HP using its Leftovers!</small><br></div><div class="spacer battle-history"><br></div><h2 class="battle-history">Turn 29</h2><div class="spacer battle-history"><br></div><div class="battle-history">The opposing Suicune used <strong>Scald</strong>!<br></div><div class="battle-history"><small>(Dat Good Good lost <abbr title="−139/360">38.6%</abbr> of its health!)</small><br></div><div class="spacer battle-history"><br></div><div class="battle-history">Dat Good Good used <strong>Calm Mind</strong>!<br></div><div class="battle-history"><small>Dat Good Good's Special Attack rose!</small><br></div><div class="battle-history"><small>Dat Good Good's Special Defense rose!</small><br></div><div class="spacer battle-history"><br></div><div class="battle-history"><small>Dat Good Good restored a little HP using its Leftovers!</small><br></div><div class="spacer battle-history"><br></div><h2 class="battle-history">Turn 30</h2><div class="spacer battle-history"><br></div><div class="battle-history">The opposing Suicune used <strong>Calm Mind</strong>!<br></div><div class="battle-history"><small>The opposing Suicune's Special Attack rose!</small><br></div><div class="battle-history"><small>The opposing Suicune's Special Defense rose!</small><br></div><div class="spacer battle-history"><br></div><div class="battle-history">Dat Good Good used <strong>Calm Mind</strong>!<br></div><div class="battle-history"><small>Dat Good Good's Special Attack rose!</small><br></div><div class="battle-history"><small>Dat Good Good's Special Defense rose!</small><br></div><div class="spacer battle-history"><br></div><div class="battle-history"><small>Dat Good Good restored a little HP using its Leftovers!</small><br></div><div class="spacer battle-history"><br></div><h2 class="battle-history">Turn 31</h2><div class="spacer battle-history"><br></div><div class="battle-history">The opposing Suicune used <strong>Scald</strong>!<br></div><div class="battle-history"><small>(Dat Good Good lost <abbr title="−91/360">25.3%</abbr> of its health!)</small><br></div><div class="battle-history"><small>Dat Good Good was burned!</small><br></div><div class="spacer battle-history"><br></div><div class="battle-history">Dat Good Good used <strong>Calm Mind</strong>!<br></div><div class="battle-history"><small>Dat Good Good's Special Attack rose!</small><br></div><div class="battle-history"><small>Dat Good Good's Special Defense rose!</small><br></div><div class="spacer battle-history"><br></div><div class="battle-history"><small>Dat Good Good restored a little HP using its Leftovers!</small><br></div><div class="battle-history"><small>Dat Good Good was hurt by its burn!</small><br></div><div class="spacer battle-history"><br></div><h2 class="battle-history">Turn 32</h2><div class="spacer battle-history"><br></div><div class="battle-history">The opposing Suicune used <strong>Scald</strong>!<br></div><div class="battle-history"><small>(Dat Good Good lost <abbr title="−70/360">19.4%</abbr> of its health!)</small><br></div><div class="spacer battle-history"><br></div><div class="battle-history">Dat Good Good used <strong>Wish</strong>!<br></div><div class="spacer battle-history"><br></div><div class="battle-history"><small>Dat Good Good restored a little HP using its Leftovers!</small><br></div><div class="battle-history"><small>Dat Good Good was hurt by its burn!</small><br></div><div class="spacer battle-history"><br></div><h2 class="battle-history">Turn 33</h2><div class="spacer battle-history"><br></div><div class="battle-history">Dat Good Good, come back!<br></div><div class="battle-history">Go! Goku (<strong>Gallade</strong>)!<br></div><div class="battle-history"><small>Pointed stones dug into Goku!</small><br></div><div class="spacer battle-history"><br></div><div class="battle-history">The opposing Suicune used <strong>Scald</strong>!<br></div><div class="battle-history"><small>(Goku lost <abbr title="−126/278">45.3%</abbr> of its health!)</small><br></div><div class="spacer battle-history"><br></div><div class="battle-history"><small>Dat Good Good's wish came true!</small><br></div><div class="spacer battle-history"><br></div><h2 class="battle-history">Turn 34</h2><div class="spacer battle-history"><br></div><div class="battle-history">The opposing Suicune used <strong>Scald</strong>!<br></div><div class="battle-history"><small>(Goku lost <abbr title="−115/278">41.4%</abbr> of its health!)</small><br></div><div class="battle-history"><small>Goku was burned!</small><br></div><div class="spacer battle-history"><br></div><div class="battle-history">Goku used <strong>Leaf Blade</strong>!<br></div><div class="battle-history"><small>It's super effective!</small><br></div><div class="battle-history"><small>A critical hit!</small><br></div><div class="battle-history"><small>(The opposing Suicune lost <abbr title="−123/404">30.4%</abbr> of its health!)</small><br></div><div class="spacer battle-history"><br></div><div class="battle-history"><small>The opposing Suicune restored a little HP using its Leftovers!</small><br></div><div class="battle-history"><small>Goku was hurt by its burn!</small><br></div><div class="spacer battle-history"><br></div><h2 class="battle-history">Turn 35</h2><div class="chat chatmessage-lcezasfuck"><strong style="color:hsl(63,60%,38.09380051909%)"><small>☆</small><span class="username" data-name="LCezasfuck">LCezasfuck</span>:</strong> <em>EZ</em></div><div class="spacer battle-history"><br></div><div class="battle-history">Goku used <strong>Shadow Sneak</strong>!<br></div><div class="battle-history"><small>A critical hit!</small><br></div><div class="battle-history"><small>(The opposing Suicune lost <abbr title="−25/404">6.2%</abbr> of its health!)</small><br></div><div class="spacer battle-history"><br></div><div class="battle-history">The opposing Suicune used <strong>Scald</strong>!<br></div><div class="battle-history"><small>(Goku lost <abbr title="−55/278">19.8%</abbr> of its health!)</small><br></div><div class="spacer battle-history"><br></div><div class="battle-history">Goku fainted!<br></div><div class="spacer battle-history"><br></div><div class="battle-history"><small>The opposing Suicune restored a little HP using its Leftovers!</small><br></div><div class="spacer battle-history"><br></div><div class="battle-history">Go! Harambæ (<strong>Ambipom</strong>)!<br></div><div class="battle-history"><small>Pointed stones dug into Harambæ!</small><br></div><div class="spacer battle-history"><br></div><h2 class="battle-history">Turn 36</h2><div class="spacer battle-history"><br></div><div class="battle-history">Harambæ used <strong>Fake Out</strong>!<br></div><div class="battle-history"><small>(The opposing Suicune lost <abbr title="−67/404">16.6%</abbr> of its health!)</small><br></div><div class="spacer battle-history"><br></div><div class="battle-history">The opposing Suicune flinched and couldn't move!<br></div><div class="spacer battle-history"><br></div><div class="battle-history"><small>The opposing Suicune restored a little HP using its Leftovers!</small><br></div><div class="spacer battle-history"><br></div><h2 class="battle-history">Turn 37</h2><div class="spacer battle-history"><br></div><div class="battle-history">Harambæ used <strong>U-turn</strong>!<br></div><div class="battle-history"><small>(The opposing Suicune lost <abbr title="−44/404">10.9%</abbr> of its health!)</small><br></div><div class="spacer battle-history"><br></div><div class="battle-history">Harambæ went back to 10blast!<br></div><div class="battle-history">Go! Dat Good Good (<strong>Florges-White</strong>)!<br></div><div class="battle-history"><small>Pointed stones dug into Dat Good Good!</small><br></div><div class="spacer battle-history"><br></div><div class="battle-history">The opposing Suicune used <strong>Scald</strong>!<br></div><div class="battle-history"><small>(Dat Good Good lost <abbr title="−12/360">3.3%</abbr> of its health!)</small><br></div><div class="spacer battle-history"><br></div><div class="battle-history">Dat Good Good fainted!<br></div><div class="spacer battle-history"><br></div><div class="battle-history"><small>The opposing Suicune restored a little HP using its Leftovers!</small><br></div><div class="spacer battle-history"><br></div><div class="battle-history">Go! Harambæ (<strong>Ambipom</strong>)!<br></div><div class="battle-history"><small>Pointed stones dug into Harambæ!</small><br></div><div class="spacer battle-history"><br></div><h2 class="battle-history">Turn 38</h2><div class="spacer battle-history"><br></div><div class="battle-history">Harambæ used <strong>Fake Out</strong>!<br></div><div class="battle-history"><small>(The opposing Suicune lost <abbr title="−75/404">18.6%</abbr> of its health!)</small><br></div><div class="spacer battle-history"><br></div><div class="battle-history">The opposing Suicune flinched and couldn't move!<br></div><div class="spacer battle-history"><br></div><div class="battle-history"><small>The opposing Suicune restored a little HP using its Leftovers!</small><br></div><div class="spacer battle-history"><br></div><h2 class="battle-history">Turn 39</h2><div class="spacer battle-history"><br></div><div class="battle-history">Harambæ used <strong>Return</strong>!<br></div><div class="battle-history"><small>(The opposing Suicune lost <abbr title="−111/404">27.5%</abbr> of its health!)</small><br></div><div class="spacer battle-history"><br></div><div class="battle-history">The opposing Suicune used <strong>Scald</strong>!<br></div><div class="battle-history"><small>(Harambæ lost <abbr title="−220/292">75.3%</abbr> of its health!)</small><br></div><div class="spacer battle-history"><br></div><div class="battle-history">Harambæ fainted!<br></div><div class="spacer battle-history"><br></div><div class="battle-history"><small>The opposing Suicune restored a little HP using its Leftovers!</small><br></div><div class="spacer battle-history"><br></div><div class="battle-history">Go! Yamnigga (<strong>Yanmega</strong>)!<br></div><div class="battle-history"><small>Pointed stones dug into Yamnigga!</small><br></div><div class="spacer battle-history"><br></div><h2 class="battle-history">Turn 40</h2><div class="spacer battle-history"><br></div><div class="battle-history">Yamnigga used <strong>Bug Buzz</strong>!<br></div><div class="battle-history"><small>(The opposing Suicune lost <abbr title="−42/404">10.4%</abbr> of its health!)</small><br></div><div class="spacer battle-history"><br></div><div class="battle-history">The opposing Suicune used <strong>Rest</strong>!<br></div><div class="battle-history"><small>The opposing Suicune fell asleep!</small><br></div><div class="battle-history"><small>The opposing Suicune slept and became healthy!</small><br></div><div class="spacer battle-history"><br></div><h2 class="battle-history">Turn 41</h2><div class="spacer battle-history"><br></div><div class="battle-history">Yamnigga used <strong>Bug Buzz</strong>!<br></div><div class="battle-history"><small>(The opposing Suicune lost <abbr title="−45/404">11.1%</abbr> of its health!)</small><br></div><div class="spacer battle-history"><br></div><div class="battle-history">The opposing Suicune is fast asleep.<br></div><div class="spacer battle-history"><br></div><div class="battle-history">The opposing Suicune used <strong>Sleep Talk</strong>!<br></div><div class="spacer battle-history"><br></div><div class="battle-history">The opposing Suicune used <strong>Rest</strong>!<br></div><div class="battle-history"><small>But it failed!</small><br></div><div class="spacer battle-history"><br></div><div class="battle-history"><small>The opposing Suicune restored a little HP using its Leftovers!</small><br></div><div class="spacer battle-history"><br></div><h2 class="battle-history">Turn 42</h2><div class="spacer battle-history"><br></div><div class="battle-history">Yamnigga used <strong>Bug Buzz</strong>!<br></div><div class="battle-history"><small>(The opposing Suicune lost <abbr title="−43/404">10.6%</abbr> of its health!)</small><br></div><div class="spacer battle-history"><br></div><div class="battle-history">The opposing Suicune is fast asleep.<br></div><div class="spacer battle-history"><br></div><div class="battle-history">The opposing Suicune used <strong>Sleep Talk</strong>!<br></div><div class="spacer battle-history"><br></div><div class="battle-history">The opposing Suicune used <strong>Calm Mind</strong>!<br></div><div class="battle-history"><small>The opposing Suicune's Special Attack rose!</small><br></div><div class="battle-history"><small>The opposing Suicune's Special Defense rose!</small><br></div><div class="spacer battle-history"><br></div><div class="battle-history"><small>The opposing Suicune restored a little HP using its Leftovers!</small><br></div><div class="spacer battle-history"><br></div><h2 class="battle-history">Turn 43</h2><div class="spacer battle-history"><br></div><div class="battle-history">Yamnigga used <strong>Bug Buzz</strong>!<br></div><div class="battle-history"><small>(The opposing Suicune lost <abbr title="−37/404">9.2%</abbr> of its health!)</small><br></div><div class="battle-history"><small>The opposing Suicune woke up!</small><br></div><div class="spacer battle-history"><br></div><div class="battle-history">The opposing Suicune used <strong>Scald</strong>!<br></div><div class="battle-history"><small>(Yamnigga lost <abbr title="−157/313">50.2%</abbr> of its health!)</small><br></div><div class="spacer battle-history"><br></div><div class="battle-history">Yamnigga fainted!<br></div><div class="spacer battle-history"><br></div><div class="battle-history"><small>The opposing Suicune restored a little HP using its Leftovers!</small><br></div><div class="spacer battle-history"><br></div><div class="battle-history">Go! Keiko (<strong>Froslass</strong>)!<br></div><div class="battle-history"><small>Pointed stones dug into Keiko!</small><br></div><div class="spacer battle-history"><br></div><div class="battle-history">Keiko fainted!<br></div><div class="spacer battle-history"><br></div><div class="battle-history">Go! Daphnee (<strong>Donphan</strong>)!<br></div><div class="battle-history"><small>Pointed stones dug into Daphnee!</small><br></div><div class="spacer battle-history"><br></div><h2 class="battle-history">Turn 44</h2><div class="spacer battle-history"><br></div><div class="battle-history">The opposing Suicune used <strong>Scald</strong>!<br></div><div class="battle-history"><small>It's super effective!</small><br></div><div class="battle-history"><small>(Daphnee lost <abbr title="−307/384">79.9%</abbr> of its health!)</small><br></div><div class="spacer battle-history"><br></div><div class="battle-history">Daphnee fainted!<br></div><div class="spacer battle-history"><br></div><div class="battle-history"><strong>LCezasfuck</strong> won the battle!<br></div><div class="chat">10blast's rating: 1290 → <strong>1283</strong><br>(-7 for losing)</div><div class="chat">LCezasfuck's rating: 1588 → <strong>1594</strong><br>(+6 for winning)</div><div class="chat chatmessage-10blast"><strong style="color:hsl(159,45%,45.164061557754884%)"><small>☆</small><span class="username" data-name="10blast">10blast</span>:</strong> <em>gg</em></div></div><div class="inner-preempt"></div></div></div>
</div>
<script>
let daily = Math.floor(Date.now()/1000/60/60/24);document.write('<script src="https://play.pokemonshowdown.com/js/replay-embed.js?version'+daily+'"></'+'script>');
</script>
