<!DOCTYPE html>
<meta charset="utf-8" />
<!-- version 1 -->
<title>UU replay: Parnstar vs. twins47</title>
<style>
html,body {font-family:Verdana, sans-serif;font-size:10pt;margin:0;padding:0;}body{padding:12px 0;} .battle-log {font-family:Verdana, sans-serif;font-size:10pt;} .battle-log-inline {border:1px solid #AAAAAA;background:#EEF2F5;color:black;max-width:640px;margin:0 auto 80px;padding-bottom:5px;} .battle-log .inner {padding:4px 8px 0px 8px;} .battle-log .inner-preempt {padding:0 8px 4px 8px;} .battle-log .inner-after {margin-top:0.5em;} .battle-log h2 {margin:0.5em -8px;padding:4px 8px;border:1px solid #AAAAAA;background:#E0E7EA;border-left:0;border-right:0;font-family:Verdana, sans-serif;font-size:13pt;} .battle-log .chat {vertical-align:middle;padding:3px 0 3px 0;font-size:8pt;} .battle-log .chat strong {color:#40576A;} .battle-log .chat em {padding:1px 4px 1px 3px;color:#000000;font-style:normal;} .chat.mine {background:rgba(0,0,0,0.05);margin-left:-8px;margin-right:-8px;padding-left:8px;padding-right:8px;} .spoiler {color:#BBBBBB;background:#BBBBBB;padding:0px 3px;} .spoiler:hover, .spoiler:active, .spoiler-shown {color:#000000;background:#E2E2E2;padding:0px 3px;} .spoiler a {color:#BBBBBB;} .spoiler:hover a, .spoiler:active a, .spoiler-shown a {color:#2288CC;} .chat code, .chat .spoiler:hover code, .chat .spoiler:active code, .chat .spoiler-shown code {border:1px solid #C0C0C0;background:#EEEEEE;color:black;padding:0 2px;} .chat .spoiler code {border:1px solid #CCCCCC;background:#CCCCCC;color:#CCCCCC;} .battle-log .rated {padding:3px 4px;} .battle-log .rated strong {color:white;background:#89A;padding:1px 4px;border-radius:4px;} .spacer {margin-top:0.5em;} .message-announce {background:#6688AA;color:white;padding:1px 4px 2px;} .message-announce a, .broadcast-green a, .broadcast-blue a, .broadcast-red a {color:#DDEEFF;} .broadcast-green {background-color:#559955;color:white;padding:2px 4px;} .broadcast-blue {background-color:#6688AA;color:white;padding:2px 4px;} .infobox {border:1px solid #6688AA;padding:2px 4px;} .infobox-limited {max-height:200px;overflow:auto;overflow-x:hidden;} .broadcast-red {background-color:#AA5544;color:white;padding:2px 4px;} .message-learn-canlearn {font-weight:bold;color:#228822;text-decoration:underline;} .message-learn-cannotlearn {font-weight:bold;color:#CC2222;text-decoration:underline;} .message-effect-weak {font-weight:bold;color:#CC2222;} .message-effect-resist {font-weight:bold;color:#6688AA;} .message-effect-immune {font-weight:bold;color:#666666;} .message-learn-list {margin-top:0;margin-bottom:0;} .message-throttle-notice, .message-error {color:#992222;} .message-overflow, .chat small.message-overflow {font-size:0pt;} .message-overflow::before {font-size:9pt;content:'...';} .subtle {color:#3A4A66;}
</style>
<div class="wrapper replay-wrapper" style="max-width:1180px;margin:0 auto">
<input type="hidden" name="replayid" value="uu-558405302" />
<div class="battle"></div><div class="battle-log"></div><div class="replay-controls"></div><div class="replay-controls-2"></div>
<h1 style="font-weight:normal;text-align:center"><strong>UU</strong><br /><a href="http://pokemonshowdown.com/users/parnstar" class="subtle" target="_blank">Parnstar</a> vs. <a href="http://pokemonshowdown.com/users/twins47" class="subtle" target="_blank">twins47</a></h1>
<script type="text/plain" class="battle-log-data">|j|Parnstar
|j|twins47
|player|p1|Parnstar|21
|player|p2|twins47|94
|gametype|singles
|gen|6
|tier|UU
|rated
|seed|47152,17220,43516,1581
|rule|Sleep Clause Mod: Limit one foe put to sleep
|rule|Species Clause: Limit one of each Pokémon
|rule|OHKO Clause: OHKO moves are banned
|rule|Moody Clause: Moody is banned
|rule|Evasion Moves Clause: Evasion moves are banned
|rule|Endless Battle Clause: Forcing endless battles is banned
|rule|HP Percentage Mod: HP is shown in percentages
|clearpoke
|poke|p1|Mandibuzz, F|item
|poke|p1|Ampharos, F|item
|poke|p1|Donphan, M|item
|poke|p1|Whimsicott, M|item
|poke|p1|Mamoswine, F|item
|poke|p1|Infernape, M|item
|poke|p2|Galvantula, F|item
|poke|p2|Crobat, F|item
|poke|p2|Chesnaught, F|item
|poke|p2|Krookodile, M|item
|poke|p2|Metagross, shiny|item
|poke|p2|Sharpedo, F|item
|rule|Swagger Clause: Swagger is banned
|rule|Baton Pass Clause: Limit one Baton Passer, can't pass Spe and other stats simultaneously
|teampreview
|l|twins47
|player|p2|
|j|twins47
|player|p2|twins47|94
|choice|team 6, team 2, team 3, team 4, team 5, team 1|team 4, team 2, team 3, team 1, team 5, team 6
|
|start
|switch|p1a: Infernape|Infernape, M|293\/293
|switch|p2a: Krookodile|Krookodile, M|394\/394
|turn|1
|c|☆Parnstar|Wb
|choice|move closecombat|move earthquake
|
|move|p1a: Infernape|Close Combat|p2a: Krookodile
|-supereffective|p2a: Krookodile
|-damage|p2a: Krookodile|20\/394
|-unboost|p1a: Infernape|def|1
|-unboost|p1a: Infernape|spd|1
|move|p2a: Krookodile|Earthquake|p1a: Infernape
|-supereffective|p1a: Infernape
|-enditem|p1a: Infernape|Focus Sash
|-damage|p1a: Infernape|1\/293
|
|upkeep
|turn|2
|choice|move grassknot|switch 6
|
|switch|p2a: Sharpedo|Sharpedo, F|281\/281
|move|p1a: Infernape|Grass Knot|p2a: Sharpedo
|-supereffective|p2a: Sharpedo
|-damage|p2a: Sharpedo|0 fnt
|-damage|p1a: Infernape|0 fnt|[from] ability: Rough Skin|[of] p2a: Sharpedo
|faint|p1a: Infernape
|faint|p2a: Sharpedo
|
|upkeep
|choice|switch 6|switch 3
|
|switch|p1a: Mandibuzz|Mandibuzz, F|400\/400
|switch|p2a: Chesnaught|Chesnaught, F|380\/380
|turn|3
|choice|move nastyplot|switch 4
|
|switch|p2a: Galvantula|Galvantula, F|281\/281
|move|p1a: Mandibuzz|Nasty Plot|p1a: Mandibuzz
|-boost|p1a: Mandibuzz|spa|2
|
|upkeep
|turn|4
|choice|move airslash|move agility
|
|move|p2a: Galvantula|Agility|p2a: Galvantula
|-boost|p2a: Galvantula|spe|2
|move|p1a: Mandibuzz|Air Slash|p2a: Galvantula
|-damage|p2a: Galvantula|26\/281
|
|-heal|p2a: Galvantula|43\/281|[from] item: Leftovers
|upkeep
|turn|5
|choice|switch 3|move discharge
|
|switch|p1a: Donphan|Donphan, M|333\/333
|move|p2a: Galvantula|Discharge|p1a: Donphan
|-immune|p1a: Donphan|[msg]
|
|-heal|p2a: Galvantula|60\/281|[from] item: Leftovers
|upkeep
|turn|6
|choice|move stealthrock|switch 2
|
|switch|p2a: Crobat|Crobat, F|311\/311
|move|p1a: Donphan|Stealth Rock|p2a: Crobat
|-sidestart|p2: twins47|move: Stealth Rock
|
|upkeep
|turn|7
|choice|move knockoff|move gigadrain
|
|move|p2a: Crobat|Giga Drain|p1a: Donphan
|-supereffective|p1a: Donphan
|-crit|p1a: Donphan
|-damage|p1a: Donphan|141\/333
|move|p1a: Donphan|Knock Off|p2a: Crobat
|-damage|p2a: Crobat|158\/311
|-enditem|p2a: Crobat|Leftovers|[from] move: Knock Off|[of] p1a: Donphan
|
|upkeep
|turn|8
|choice|switch 2|move gigadrain
|
|switch|p1a: Ampharos|Ampharos, F|383\/383
|move|p2a: Crobat|Giga Drain|p1a: Ampharos
|-damage|p1a: Ampharos|333\/383
|-heal|p2a: Crobat|183\/311|[from] drain|[of] p1a: Ampharos
|
|upkeep
|turn|9
|choice|move agility|switch 6
|
|switch|p2a: Krookodile|Krookodile, M|20\/394
|-damage|p2a: Krookodile|0 fnt|[from] Stealth Rock
|faint|p2a: Krookodile
|move|p1a: Ampharos|Agility|p1a: Ampharos
|-boost|p1a: Ampharos|spe|2
|
|upkeep
|choice||switch 5
|
|switch|p2a: Metagross|Metagross, shiny|301\/301
|-damage|p2a: Metagross|283\/301|[from] Stealth Rock
|turn|10
|choice|move voltswitch|move agility
|
|move|p1a: Ampharos|Volt Switch|p2a: Metagross
|-damage|p2a: Metagross|159\/301
|choice|switch 2|
|
|switch|p1a: Donphan|Donphan, M|141\/333
|move|p2a: Metagross|Agility|p2a: Metagross
|-boost|p2a: Metagross|spe|2
|
|-heal|p2a: Metagross|177\/301|[from] item: Leftovers
|upkeep
|turn|11
|choice|move roar|move brickbreak
|
|move|p2a: Metagross|Brick Break|p1a: Donphan
|-damage|p1a: Donphan|62\/333
|move|p1a: Donphan|Roar|p2a: Metagross
|drag|p2a: Galvantula|Galvantula, F|60\/281
|-damage|p2a: Galvantula|0 fnt|[from] Stealth Rock
|faint|p2a: Galvantula
|
|upkeep
|choice||switch 6
|
|switch|p2a: Crobat|Crobat, F|183\/311
|-damage|p2a: Crobat|106\/311|[from] Stealth Rock
|turn|12
|choice|move knockoff|move gigadrain
|-enditem|p1a: Donphan|Custap Berry|[eat]
|-activate|p1a: Donphan|item: Custap Berry
|
|move|p1a: Donphan|Knock Off|p2a: Crobat
|-damage|p2a: Crobat|0 fnt
|faint|p2a: Crobat
|
|upkeep
|choice||switch 4
|
|switch|p2a: Chesnaught|Chesnaught, F|380\/380
|-damage|p2a: Chesnaught|357\/380|[from] Stealth Rock
|turn|13
|choice|move roar|move gigadrain
|
|move|p2a: Chesnaught|Giga Drain|p1a: Donphan
|-supereffective|p1a: Donphan
|-crit|p1a: Donphan
|-damage|p1a: Donphan|0 fnt
|-heal|p2a: Chesnaught|380\/380|[from] drain|[of] p1a: Donphan
|faint|p1a: Donphan
|
|upkeep
|choice|switch 3|
|
|switch|p1a: Mandibuzz|Mandibuzz, F|400\/400
|turn|14
|choice|move nastyplot|move brickbreak
|
|move|p1a: Mandibuzz|Nasty Plot|p1a: Mandibuzz
|-boost|p1a: Mandibuzz|spa|2
|move|p2a: Chesnaught|Brick Break|p1a: Mandibuzz
|-damage|p1a: Mandibuzz|289\/400
|-ability|p1a: Mandibuzz|Weak Armor|boost
|-unboost|p1a: Mandibuzz|def|1
|-boost|p1a: Mandibuzz|spe|1
|
|-heal|p1a: Mandibuzz|314\/400|[from] item: Leftovers
|upkeep
|turn|15
|choice|move airslash|move brickbreak
|
|move|p1a: Mandibuzz|Air Slash|p2a: Chesnaught
|-supereffective|p2a: Chesnaught
|-damage|p2a: Chesnaught|0 fnt
|faint|p2a: Chesnaught
|
|-heal|p1a: Mandibuzz|339\/400|[from] item: Leftovers
|upkeep
|choice||switch 2
|
|switch|p2a: Metagross|Metagross, shiny|177\/301
|-damage|p2a: Metagross|159\/301|[from] Stealth Rock
|turn|16
|choice|move darkpulse|move brickbreak
|
|move|p1a: Mandibuzz|Dark Pulse|p2a: Metagross
|-supereffective|p2a: Metagross
|-damage|p2a: Metagross|0 fnt
|faint|p2a: Metagross
|
|win|Parnstar
|l|twins47
|raw|Parnstar's rating: 1201 &rarr; <strong>1213<\/strong><br \/>(+12 for winning)
|raw|twins47's rating: 1000 &rarr; <strong>1000<\/strong><br \/>(+0 for losing)</script>
</div>
<div class="battle-log battle-log-inline"><div class="inner"><div class="battle-options"></div><div class="inner"><div class="chat"><small>Parnstar joined.</small></div><div class="chat"><small>twins47 joined.</small></div><div class=""><small>Format:</small> <br><strong>UU</strong></div><div class="rated"><strong>Rated battle</strong></div><div class=""><small><em>Sleep Clause Mod:</em> Limit one foe put to sleep</small></div><div class=""><small><em>Species Clause:</em> Limit one of each Pokémon</small></div><div class=""><small><em>OHKO Clause:</em> OHKO moves are banned</small></div><div class=""><small><em>Moody Clause:</em> Moody is banned</small></div><div class=""><small><em>Evasion Moves Clause:</em> Evasion moves are banned</small></div><div class=""><small><em>Endless Battle Clause:</em> Forcing endless battles is banned</small></div><div class=""><small><em>HP Percentage Mod:</em> HP is shown in percentages</small></div><div class=""><small><em>Swagger Clause:</em> Swagger is banned</small></div><div class=""><small><em>Baton Pass Clause:</em> Limit one Baton Passer, can't pass Spe and other stats simultaneously</small></div><div class="chat battle-history"><strong>Parnstar's team:</strong> <em style="color:#445566;display:block;">Mandibuzz / Ampharos / Donphan / Whimsicott / Mamoswine / Infernape</em></div><div class="chat battle-history"><strong>twins47's team:</strong> <em style="color:#445566;display:block;">Galvantula / Crobat / Chesnaught / Krookodile / Metagross / Sharpedo</em></div><div class="chat"><small>twins47 left.</small></div><div class="chat"><small>twins47 joined.</small></div><div class="spacer battle-history"><br></div><div class="battle-history">Battle started between Parnstar and twins47!<br></div><div class="spacer battle-history"><br></div><div class="battle-history">Go! <strong>Infernape</strong>!<br></div><div class="spacer battle-history"><br></div><div class="battle-history">twins47 sent out <strong>Krookodile</strong>!<br></div><div class="spacer battle-history"><br></div><h2 class="battle-history">Turn 1</h2><div class="chat chatmessage-parnstar"><strong style="color:hsl(41,84%,41.163999978976825%)"><small>☆</small><span class="username" data-name="Parnstar">Parnstar</span>:</strong> <em>Wb</em></div><div class="spacer battle-history"><br></div><div class="battle-history">Infernape used <strong>Close Combat</strong>!<br></div><div class="battle-history"><small>It's super effective!</small><br></div><div class="battle-history"><small>(The opposing Krookodile lost <abbr title="−374/394">94.9%</abbr> of its health!)</small><br></div><div class="battle-history"><small>Infernape's Defense fell!</small><br></div><div class="battle-history"><small>Infernape's Special Defense fell!</small><br></div><div class="spacer battle-history"><br></div><div class="battle-history">The opposing Krookodile used <strong>Earthquake</strong>!<br></div><div class="battle-history"><small>It's super effective!</small><br></div><div class="battle-history"><small>Infernape hung on using its Focus Sash!</small><br></div><div class="battle-history"><small>(Infernape lost <abbr title="−292/293">99.7%</abbr> of its health!)</small><br></div><div class="spacer battle-history"><br></div><h2 class="battle-history">Turn 2</h2><div class="spacer battle-history"><br></div><div class="battle-history">twins47 withdrew Krookodile!<br></div><div class="battle-history">twins47 sent out <strong>Sharpedo</strong>!<br></div><div class="spacer battle-history"><br></div><div class="battle-history">Infernape used <strong>Grass Knot</strong>!<br></div><div class="battle-history"><small>It's super effective!</small><br></div><div class="battle-history"><small>(The opposing Sharpedo lost <abbr title="−281/281">100%</abbr> of its health!)</small><br></div><div class="battle-history"><small>[The opposing Sharpedo's Rough Skin]</small><br><small>Infernape was hurt!</small><br></div><div class="spacer battle-history"><br></div><div class="battle-history">Infernape fainted!<br></div><div class="battle-history">The opposing Sharpedo fainted!<br></div><div class="spacer battle-history"><br></div><div class="battle-history">Go! <strong>Mandibuzz</strong>!<br></div><div class="spacer battle-history"><br></div><div class="battle-history">twins47 sent out <strong>Chesnaught</strong>!<br></div><div class="spacer battle-history"><br></div><h2 class="battle-history">Turn 3</h2><div class="spacer battle-history"><br></div><div class="battle-history">twins47 withdrew Chesnaught!<br></div><div class="battle-history">twins47 sent out <strong>Galvantula</strong>!<br></div><div class="spacer battle-history"><br></div><div class="battle-history">Mandibuzz used <strong>Nasty Plot</strong>!<br></div><div class="battle-history"><small>Mandibuzz's Special Attack rose sharply!</small><br></div><div class="spacer battle-history"><br></div><h2 class="battle-history">Turn 4</h2><div class="spacer battle-history"><br></div><div class="battle-history">The opposing Galvantula used <strong>Agility</strong>!<br></div><div class="battle-history"><small>The opposing Galvantula's Speed rose sharply!</small><br></div><div class="spacer battle-history"><br></div><div class="battle-history">Mandibuzz used <strong>Air Slash</strong>!<br></div><div class="battle-history"><small>(The opposing Galvantula lost <abbr title="−255/281">90.7%</abbr> of its health!)</small><br></div><div class="spacer battle-history"><br></div><div class="battle-history"><small>The opposing Galvantula restored a little HP using its Leftovers!</small><br></div><div class="spacer battle-history"><br></div><h2 class="battle-history">Turn 5</h2><div class="spacer battle-history"><br></div><div class="battle-history">Mandibuzz, come back!<br></div><div class="battle-history">Go! <strong>Donphan</strong>!<br></div><div class="spacer battle-history"><br></div><div class="battle-history">The opposing Galvantula used <strong>Discharge</strong>!<br></div><div class="battle-history"><small>It doesn't affect Donphan...</small><br></div><div class="spacer battle-history"><br></div><div class="battle-history"><small>The opposing Galvantula restored a little HP using its Leftovers!</small><br></div><div class="spacer battle-history"><br></div><h2 class="battle-history">Turn 6</h2><div class="spacer battle-history"><br></div><div class="battle-history">twins47 withdrew Galvantula!<br></div><div class="battle-history">twins47 sent out <strong>Crobat</strong>!<br></div><div class="spacer battle-history"><br></div><div class="battle-history">Donphan used <strong>Stealth Rock</strong>!<br></div><div class="battle-history"><small>Pointed stones float in the air around the opposing team!</small><br></div><div class="spacer battle-history"><br></div><h2 class="battle-history">Turn 7</h2><div class="spacer battle-history"><br></div><div class="battle-history">The opposing Crobat used <strong>Giga Drain</strong>!<br></div><div class="battle-history"><small>It's super effective!</small><br></div><div class="battle-history"><small>A critical hit!</small><br></div><div class="battle-history"><small>(Donphan lost <abbr title="−192/333">57.7%</abbr> of its health!)</small><br></div><div class="spacer battle-history"><br></div><div class="battle-history">Donphan used <strong>Knock Off</strong>!<br></div><div class="battle-history"><small>(The opposing Crobat lost <abbr title="−153/311">49.2%</abbr> of its health!)</small><br></div><div class="battle-history"><small>Donphan knocked off the opposing Crobat's Leftovers!</small><br></div><div class="spacer battle-history"><br></div><h2 class="battle-history">Turn 8</h2><div class="spacer battle-history"><br></div><div class="battle-history">Donphan, come back!<br></div><div class="battle-history">Go! <strong>Ampharos</strong>!<br></div><div class="spacer battle-history"><br></div><div class="battle-history">The opposing Crobat used <strong>Giga Drain</strong>!<br></div><div class="battle-history"><small>(Ampharos lost <abbr title="−50/383">13.1%</abbr> of its health!)</small><br></div><div class="battle-history"><small>Ampharos had its energy drained!</small><br></div><div class="spacer battle-history"><br></div><h2 class="battle-history">Turn 9</h2><div class="spacer battle-history"><br></div><div class="battle-history">twins47 withdrew Crobat!<br></div><div class="battle-history">twins47 sent out <strong>Krookodile</strong>!<br></div><div class="battle-history"><small>Pointed stones dug into the opposing Krookodile!</small><br></div><div class="spacer battle-history"><br></div><div class="battle-history">The opposing Krookodile fainted!<br></div><div class="battle-history">Ampharos used <strong>Agility</strong>!<br></div><div class="battle-history"><small>Ampharos's Speed rose sharply!</small><br></div><div class="spacer battle-history"><br></div><div class="battle-history">twins47 sent out <strong>Metagross</strong>!<br></div><div class="battle-history"><small>Pointed stones dug into the opposing Metagross!</small><br></div><div class="spacer battle-history"><br></div><h2 class="battle-history">Turn 10</h2><div class="spacer battle-history"><br></div><div class="battle-history">Ampharos used <strong>Volt Switch</strong>!<br></div><div class="battle-history"><small>(The opposing Metagross lost <abbr title="−124/301">41.2%</abbr> of its health!)</small><br></div><div class="spacer battle-history"><br></div><div class="battle-history">Ampharos went back to Parnstar!<br></div><div class="battle-history">Go! <strong>Donphan</strong>!<br></div><div class="spacer battle-history"><br></div><div class="battle-history">The opposing Metagross used <strong>Agility</strong>!<br></div><div class="battle-history"><small>The opposing Metagross's Speed rose sharply!</small><br></div><div class="spacer battle-history"><br></div><div class="battle-history"><small>The opposing Metagross restored a little HP using its Leftovers!</small><br></div><div class="spacer battle-history"><br></div><h2 class="battle-history">Turn 11</h2><div class="spacer battle-history"><br></div><div class="battle-history">The opposing Metagross used <strong>Brick Break</strong>!<br></div><div class="battle-history"><small>(Donphan lost <abbr title="−79/333">23.7%</abbr> of its health!)</small><br></div><div class="spacer battle-history"><br></div><div class="battle-history">Donphan used <strong>Roar</strong>!<br></div><div class="spacer battle-history"><br></div><div class="battle-history"><strong>Galvantula</strong> was dragged out!<br></div><div class="battle-history"><small>Pointed stones dug into the opposing Galvantula!</small><br></div><div class="spacer battle-history"><br></div><div class="battle-history">The opposing Galvantula fainted!<br></div><div class="spacer battle-history"><br></div><div class="battle-history">twins47 sent out <strong>Crobat</strong>!<br></div><div class="battle-history"><small>Pointed stones dug into the opposing Crobat!</small><br></div><div class="spacer battle-history"><br></div><h2 class="battle-history">Turn 12</h2><div class="spacer battle-history"><br></div><div class="battle-history"><small>Donphan ate its Custap Berry!</small><br></div><div class="battle-history"><small>Donphan's Custap Berry let it move first!</small><br></div><div class="spacer battle-history"><br></div><div class="battle-history">Donphan used <strong>Knock Off</strong>!<br></div><div class="battle-history"><small>(The opposing Crobat lost <abbr title="−106/311">34.1%</abbr> of its health!)</small><br></div><div class="spacer battle-history"><br></div><div class="battle-history">The opposing Crobat fainted!<br></div><div class="spacer battle-history"><br></div><div class="battle-history">twins47 sent out <strong>Chesnaught</strong>!<br></div><div class="battle-history"><small>Pointed stones dug into the opposing Chesnaught!</small><br></div><div class="spacer battle-history"><br></div><h2 class="battle-history">Turn 13</h2><div class="spacer battle-history"><br></div><div class="battle-history">The opposing Chesnaught used <strong>Giga Drain</strong>!<br></div><div class="battle-history"><small>It's super effective!</small><br></div><div class="battle-history"><small>A critical hit!</small><br></div><div class="battle-history"><small>(Donphan lost <abbr title="−62/333">18.6%</abbr> of its health!)</small><br></div><div class="battle-history"><small>Donphan had its energy drained!</small><br></div><div class="spacer battle-history"><br></div><div class="battle-history">Donphan fainted!<br></div><div class="spacer battle-history"><br></div><div class="battle-history">Go! <strong>Mandibuzz</strong>!<br></div><div class="spacer battle-history"><br></div><h2 class="battle-history">Turn 14</h2><div class="spacer battle-history"><br></div><div class="battle-history">Mandibuzz used <strong>Nasty Plot</strong>!<br></div><div class="battle-history"><small>Mandibuzz's Special Attack rose sharply!</small><br></div><div class="spacer battle-history"><br></div><div class="battle-history">The opposing Chesnaught used <strong>Brick Break</strong>!<br></div><div class="battle-history"><small>(Mandibuzz lost <abbr title="−111/400">27.8%</abbr> of its health!)</small><br></div><div class="battle-history"><small>[Mandibuzz's Weak Armor]</small><br></div><div class="battle-history"><small>Mandibuzz's Defense fell!</small><br></div><div class="battle-history"><small>Mandibuzz's Speed rose!</small><br></div><div class="spacer battle-history"><br></div><div class="battle-history"><small>Mandibuzz restored a little HP using its Leftovers!</small><br></div><div class="spacer battle-history"><br></div><h2 class="battle-history">Turn 15</h2><div class="spacer battle-history"><br></div><div class="battle-history">Mandibuzz used <strong>Air Slash</strong>!<br></div><div class="battle-history"><small>It's super effective!</small><br></div><div class="battle-history"><small>(The opposing Chesnaught lost <abbr title="−380/380">100%</abbr> of its health!)</small><br></div><div class="spacer battle-history"><br></div><div class="battle-history">The opposing Chesnaught fainted!<br></div><div class="spacer battle-history"><br></div><div class="battle-history"><small>Mandibuzz restored a little HP using its Leftovers!</small><br></div><div class="spacer battle-history"><br></div><div class="battle-history">twins47 sent out <strong>Metagross</strong>!<br></div><div class="battle-history"><small>Pointed stones dug into the opposing Metagross!</small><br></div><div class="spacer battle-history"><br></div><h2 class="battle-history">Turn 16</h2><div class="spacer battle-history"><br></div><div class="battle-history">Mandibuzz used <strong>Dark Pulse</strong>!<br></div><div class="battle-history"><small>It's super effective!</small><br></div><div class="battle-history"><small>(The opposing Metagross lost <abbr title="−159/301">52.8%</abbr> of its health!)</small><br></div><div class="spacer battle-history"><br></div><div class="battle-history">The opposing Metagross fainted!<br></div><div class="spacer battle-history"><br></div><div class="battle-history"><strong>Parnstar</strong> won the battle!<br></div><div class="chat"><small>twins47 left.</small></div><div class="chat">Parnstar's rating: 1201 → <strong>1213</strong><br>(+12 for winning)</div><div class="chat">twins47's rating: 1000 → <strong>1000</strong><br>(+0 for losing)</div></div><div class="inner-preempt"></div></div></div>
</div>
<script>
let daily = Math.floor(Date.now()/1000/60/60/24);document.write('<script src="https://play.pokemonshowdown.com/js/replay-embed.js?version'+daily+'"></'+'script>');
</script>
