<!DOCTYPE html>
<meta charset="utf-8" />
<!-- version 1 -->
<title>UU replay: CaptainM0M0 vs. Cheerfulranger</title>
<style>
html,body {font-family:Verdana, sans-serif;font-size:10pt;margin:0;padding:0;}body{padding:12px 0;} .battle-log {font-family:Verdana, sans-serif;font-size:10pt;} .battle-log-inline {border:1px solid #AAAAAA;background:#EEF2F5;color:black;max-width:640px;margin:0 auto 80px;padding-bottom:5px;} .battle-log .inner {padding:4px 8px 0px 8px;} .battle-log .inner-preempt {padding:0 8px 4px 8px;} .battle-log .inner-after {margin-top:0.5em;} .battle-log h2 {margin:0.5em -8px;padding:4px 8px;border:1px solid #AAAAAA;background:#E0E7EA;border-left:0;border-right:0;font-family:Verdana, sans-serif;font-size:13pt;} .battle-log .chat {vertical-align:middle;padding:3px 0 3px 0;font-size:8pt;} .battle-log .chat strong {color:#40576A;} .battle-log .chat em {padding:1px 4px 1px 3px;color:#000000;font-style:normal;} .chat.mine {background:rgba(0,0,0,0.05);margin-left:-8px;margin-right:-8px;padding-left:8px;padding-right:8px;} .spoiler {color:#BBBBBB;background:#BBBBBB;padding:0px 3px;} .spoiler:hover, .spoiler:active, .spoiler-shown {color:#000000;background:#E2E2E2;padding:0px 3px;} .spoiler a {color:#BBBBBB;} .spoiler:hover a, .spoiler:active a, .spoiler-shown a {color:#2288CC;} .chat code, .chat .spoiler:hover code, .chat .spoiler:active code, .chat .spoiler-shown code {border:1px solid #C0C0C0;background:#EEEEEE;color:black;padding:0 2px;} .chat .spoiler code {border:1px solid #CCCCCC;background:#CCCCCC;color:#CCCCCC;} .battle-log .rated {padding:3px 4px;} .battle-log .rated strong {color:white;background:#89A;padding:1px 4px;border-radius:4px;} .spacer {margin-top:0.5em;} .message-announce {background:#6688AA;color:white;padding:1px 4px 2px;} .message-announce a, .broadcast-green a, .broadcast-blue a, .broadcast-red a {color:#DDEEFF;} .broadcast-green {background-color:#559955;color:white;padding:2px 4px;} .broadcast-blue {background-color:#6688AA;color:white;padding:2px 4px;} .infobox {border:1px solid #6688AA;padding:2px 4px;} .infobox-limited {max-height:200px;overflow:auto;overflow-x:hidden;} .broadcast-red {background-color:#AA5544;color:white;padding:2px 4px;} .message-learn-canlearn {font-weight:bold;color:#228822;text-decoration:underline;} .message-learn-cannotlearn {font-weight:bold;color:#CC2222;text-decoration:underline;} .message-effect-weak {font-weight:bold;color:#CC2222;} .message-effect-resist {font-weight:bold;color:#6688AA;} .message-effect-immune {font-weight:bold;color:#666666;} .message-learn-list {margin-top:0;margin-bottom:0;} .message-throttle-notice, .message-error {color:#992222;} .message-overflow, .chat small.message-overflow {font-size:0pt;} .message-overflow::before {font-size:9pt;content:'...';} .subtle {color:#3A4A66;}
</style>
<div class="wrapper replay-wrapper" style="max-width:1180px;margin:0 auto">
<input type="hidden" name="replayid" value="uu-567863289" />
<div class="battle"></div><div class="battle-log"></div><div class="replay-controls"></div><div class="replay-controls-2"></div>
<h1 style="font-weight:normal;text-align:center"><strong>UU</strong><br /><a href="http://pokemonshowdown.com/users/captainm0m0" class="subtle" target="_blank">CaptainM0M0</a> vs. <a href="http://pokemonshowdown.com/users/cheerfulranger" class="subtle" target="_blank">Cheerfulranger</a></h1>
<script type="text/plain" class="battle-log-data">|j|CaptainM0M0
|j|Cheerfulranger
|player|p1|CaptainM0M0|2
|player|p2|Cheerfulranger|26
|gametype|singles
|gen|6
|tier|UU
|seed|13731,26065,47031,19807
|rule|Sleep Clause Mod: Limit one foe put to sleep
|rule|Species Clause: Limit one of each Pokémon
|rule|OHKO Clause: OHKO moves are banned
|rule|Moody Clause: Moody is banned
|rule|Evasion Moves Clause: Evasion moves are banned
|rule|Endless Battle Clause: Forcing endless battles is banned
|rule|HP Percentage Mod: HP is shown in percentages
|clearpoke
|poke|p1|Arcanine, L80, F, shiny|item
|poke|p2|Gallade, L80, M|item
|rule|Swagger Clause: Swagger is banned
|rule|Baton Pass Clause: Limit one Baton Passer, can't pass Spe and other stats simultaneously
|teampreview
|c|☆Cheerfulranger|"I."
|c|☆Cheerfulranger|"Whats with the music?"
|choice|team 1|team 1
|
|start
|switch|p1a: Puppy|Arcanine, L80, F, shiny|259\/259
|switch|p2a: Skies|Gallade, L80, M|274\/274
|-ability|p1a: Puppy|Intimidate|boost
|-unboost|p2a: Skies|atk|1
|turn|1
|c|☆CaptainM0M0|"Sinnoh?"
|c|☆Cheerfulranger|"Are we in sinnoh now?"
|c|☆Cheerfulranger|"I thought we were in your region?'
|c|☆CaptainM0M0|"Eh, whatever. Puppy, light him up."
|c|☆Cheerfulranger|"Skies fight him!"
|choice|move flareblitz|move nightslash
|
|move|p1a: Puppy|Flare Blitz|p2a: Skies
|-damage|p2a: Skies|0 fnt
|-damage|p1a: Puppy|169\/259|[from] recoil|[of] p2a: Skies
|faint|p2a: Skies
|
|win|CaptainM0M0
|c|☆Cheerfulranger|"o-or her1"
|c|☆Cheerfulranger|i</script>
</div>
<div class="battle-log battle-log-inline"><div class="inner"><div class="battle-options"></div><div class="inner"><div class="chat"><small>CaptainM0M0 joined.</small></div><div class="chat"><small>Cheerfulranger joined.</small></div><div class=""><small>Format:</small> <br><strong>UU</strong></div><div class=""><small><em>Sleep Clause Mod:</em> Limit one foe put to sleep</small></div><div class=""><small><em>Species Clause:</em> Limit one of each Pokémon</small></div><div class=""><small><em>OHKO Clause:</em> OHKO moves are banned</small></div><div class=""><small><em>Moody Clause:</em> Moody is banned</small></div><div class=""><small><em>Evasion Moves Clause:</em> Evasion moves are banned</small></div><div class=""><small><em>Endless Battle Clause:</em> Forcing endless battles is banned</small></div><div class=""><small><em>HP Percentage Mod:</em> HP is shown in percentages</small></div><div class=""><small><em>Swagger Clause:</em> Swagger is banned</small></div><div class=""><small><em>Baton Pass Clause:</em> Limit one Baton Passer, can't pass Spe and other stats simultaneously</small></div><div class="chat battle-history"><strong>CaptainM0M0's team:</strong> <em style="color:#445566;display:block;">Arcanine</em></div><div class="chat battle-history"><strong>Cheerfulranger's team:</strong> <em style="color:#445566;display:block;">Gallade</em></div><div class="chat chatmessage-cheerfulranger"><strong style="color:hsl(189,56%,46%)"><small>☆</small><span class="username" data-name="Cheerfulranger">Cheerfulranger</span>:</strong> <em>"I."</em></div><div class="chat chatmessage-cheerfulranger"><strong style="color:hsl(189,56%,46%)"><small>☆</small><span class="username" data-name="Cheerfulranger">Cheerfulranger</span>:</strong> <em>"Whats with the music?"</em></div><div class="spacer battle-history"><br></div><div class="battle-history">Battle started between CaptainM0M0 and Cheerfulranger!<br></div><div class="spacer battle-history"><br></div><div class="battle-history">Go! Puppy (<strong>Arcanine</strong>)!<br></div><div class="spacer battle-history"><br></div><div class="battle-history">Cheerfulranger sent out Skies (<strong>Gallade</strong>)!<br></div><div class="battle-history"><small>[Puppy's Intimidate]</small><br></div><div class="battle-history"><small>The opposing Skies's Attack fell!</small><br></div><div class="spacer battle-history"><br></div><h2 class="battle-history">Turn 1</h2><div class="chat chatmessage-captainm0m0"><strong style="color:hsl(36,64%,34.9991684760838%)"><small>☆</small><span class="username" data-name="CaptainM0M0">CaptainM0M0</span>:</strong> <em>"Sinnoh?"</em></div><div class="chat chatmessage-cheerfulranger"><strong style="color:hsl(189,56%,46%)"><small>☆</small><span class="username" data-name="Cheerfulranger">Cheerfulranger</span>:</strong> <em>"Are we in sinnoh now?"</em></div><div class="chat chatmessage-cheerfulranger"><strong style="color:hsl(189,56%,46%)"><small>☆</small><span class="username" data-name="Cheerfulranger">Cheerfulranger</span>:</strong> <em>"I thought we were in your region?'</em></div><div class="chat chatmessage-captainm0m0"><strong style="color:hsl(36,64%,34.9991684760838%)"><small>☆</small><span class="username" data-name="CaptainM0M0">CaptainM0M0</span>:</strong> <em>"Eh, whatever. Puppy, light him up."</em></div><div class="chat chatmessage-cheerfulranger"><strong style="color:hsl(189,56%,46%)"><small>☆</small><span class="username" data-name="Cheerfulranger">Cheerfulranger</span>:</strong> <em>"Skies fight him!"</em></div><div class="spacer battle-history"><br></div><div class="battle-history">Puppy used <strong>Flare Blitz</strong>!<br></div><div class="battle-history"><small>(The opposing Skies lost <abbr title="−274/274">100%</abbr> of its health!)</small><br></div><div class="battle-history"><small>Puppy is damaged by the recoil!</small><br></div><div class="spacer battle-history"><br></div><div class="battle-history">The opposing Skies fainted!<br></div><div class="spacer battle-history"><br></div><div class="battle-history"><strong>CaptainM0M0</strong> won the battle!<br></div><div class="chat chatmessage-cheerfulranger"><strong style="color:hsl(189,56%,46%)"><small>☆</small><span class="username" data-name="Cheerfulranger">Cheerfulranger</span>:</strong> <em>"o-or her1"</em></div><div class="chat chatmessage-cheerfulranger"><strong style="color:hsl(189,56%,46%)"><small>☆</small><span class="username" data-name="Cheerfulranger">Cheerfulranger</span>:</strong> <em>i</em></div></div><div class="inner-preempt"></div></div></div>
</div>
<script>
let daily = Math.floor(Date.now()/1000/60/60/24);document.write('<script src="https://play.pokemonshowdown.com/js/replay-embed.js?version'+daily+'"></'+'script>');
</script>
