<!DOCTYPE html>
<meta charset="utf-8" />
<!-- version 1 -->
<title>UU replay: Mazardandy vs. AshLose'em</title>
<style>
html,body {font-family:Verdana, sans-serif;font-size:10pt;margin:0;padding:0;}body{padding:12px 0;} .battle-log {font-family:Verdana, sans-serif;font-size:10pt;} .battle-log-inline {border:1px solid #AAAAAA;background:#EEF2F5;color:black;max-width:640px;margin:0 auto 80px;padding-bottom:5px;} .battle-log .inner {padding:4px 8px 0px 8px;} .battle-log .inner-preempt {padding:0 8px 4px 8px;} .battle-log .inner-after {margin-top:0.5em;} .battle-log h2 {margin:0.5em -8px;padding:4px 8px;border:1px solid #AAAAAA;background:#E0E7EA;border-left:0;border-right:0;font-family:Verdana, sans-serif;font-size:13pt;} .battle-log .chat {vertical-align:middle;padding:3px 0 3px 0;font-size:8pt;} .battle-log .chat strong {color:#40576A;} .battle-log .chat em {padding:1px 4px 1px 3px;color:#000000;font-style:normal;} .chat.mine {background:rgba(0,0,0,0.05);margin-left:-8px;margin-right:-8px;padding-left:8px;padding-right:8px;} .spoiler {color:#BBBBBB;background:#BBBBBB;padding:0px 3px;} .spoiler:hover, .spoiler:active, .spoiler-shown {color:#000000;background:#E2E2E2;padding:0px 3px;} .spoiler a {color:#BBBBBB;} .spoiler:hover a, .spoiler:active a, .spoiler-shown a {color:#2288CC;} .chat code, .chat .spoiler:hover code, .chat .spoiler:active code, .chat .spoiler-shown code {border:1px solid #C0C0C0;background:#EEEEEE;color:black;padding:0 2px;} .chat .spoiler code {border:1px solid #CCCCCC;background:#CCCCCC;color:#CCCCCC;} .battle-log .rated {padding:3px 4px;} .battle-log .rated strong {color:white;background:#89A;padding:1px 4px;border-radius:4px;} .spacer {margin-top:0.5em;} .message-announce {background:#6688AA;color:white;padding:1px 4px 2px;} .message-announce a, .broadcast-green a, .broadcast-blue a, .broadcast-red a {color:#DDEEFF;} .broadcast-green {background-color:#559955;color:white;padding:2px 4px;} .broadcast-blue {background-color:#6688AA;color:white;padding:2px 4px;} .infobox {border:1px solid #6688AA;padding:2px 4px;} .infobox-limited {max-height:200px;overflow:auto;overflow-x:hidden;} .broadcast-red {background-color:#AA5544;color:white;padding:2px 4px;} .message-learn-canlearn {font-weight:bold;color:#228822;text-decoration:underline;} .message-learn-cannotlearn {font-weight:bold;color:#CC2222;text-decoration:underline;} .message-effect-weak {font-weight:bold;color:#CC2222;} .message-effect-resist {font-weight:bold;color:#6688AA;} .message-effect-immune {font-weight:bold;color:#666666;} .message-learn-list {margin-top:0;margin-bottom:0;} .message-throttle-notice, .message-error {color:#992222;} .message-overflow, .chat small.message-overflow {font-size:0pt;} .message-overflow::before {font-size:9pt;content:'...';} .subtle {color:#3A4A66;}
</style>
<div class="wrapper replay-wrapper" style="max-width:1180px;margin:0 auto">
<input type="hidden" name="replayid" value="uu-548802328" />
<div class="battle"></div><div class="battle-log"></div><div class="replay-controls"></div><div class="replay-controls-2"></div>
<h1 style="font-weight:normal;text-align:center"><strong>UU</strong><br /><a href="http://pokemonshowdown.com/users/mazardandy" class="subtle" target="_blank">Mazardandy</a> vs. <a href="http://pokemonshowdown.com/users/ashloseem" class="subtle" target="_blank">AshLose'em</a></h1>
<script type="text/plain" class="battle-log-data">|j|Mazardandy
|j|AshLose'em
|player|p1|Mazardandy|80
|player|p2|AshLose'em|101
|gametype|singles
|gen|6
|tier|UU
|rated
|seed|6258,18727,1033,5306
|rule|Sleep Clause Mod: Limit one foe put to sleep
|rule|Species Clause: Limit one of each Pokémon
|rule|OHKO Clause: OHKO moves are banned
|rule|Moody Clause: Moody is banned
|rule|Evasion Moves Clause: Evasion moves are banned
|rule|Endless Battle Clause: Forcing endless battles is banned
|rule|HP Percentage Mod: HP is shown in percentages
|clearpoke
|poke|p1|Aggron, M|item
|poke|p1|Celebi|item
|poke|p1|Tyrantrum, M|item
|poke|p1|Donphan, M|item
|poke|p1|Vaporeon, F|item
|poke|p1|Arcanine, M|item
|poke|p2|Tentacruel, M, shiny|item
|poke|p2|Chandelure, F|item
|poke|p2|Abomasnow, M|item
|poke|p2|Cobalion|item
|poke|p2|Hydreigon, F|item
|poke|p2|Gligar, F|item
|rule|Swagger Clause: Swagger is banned
|rule|Baton Pass Clause: Limit one Baton Passer, can't pass Spe and other stats simultaneously
|teampreview
|choice|team 1, team 2, team 3, team 4, team 5, team 6|team 6, team 2, team 3, team 4, team 5, team 1
|
|start
|switch|p1a: Aggron|Aggron, M|344\/344
|switch|p2a: Gligar|Gligar, F|333\/333
|turn|1
|choice|move stealthrock mega|move earthquake
|
|detailschange|p1a: Aggron|Aggron-Mega, M
|-mega|p1a: Aggron|Aggron|Aggronite
|move|p2a: Gligar|Earthquake|p1a: Aggron
|-supereffective|p1a: Aggron
|-damage|p1a: Aggron|275\/344
|move|p1a: Aggron|Stealth Rock|p2a: Gligar
|-sidestart|p2: AshLose'em|move: Stealth Rock
|
|upkeep
|turn|2
|choice|move dragontail|move stealthrock
|
|move|p2a: Gligar|Stealth Rock|p1a: Aggron
|-sidestart|p1: Mazardandy|move: Stealth Rock
|move|p1a: Aggron|Dragon Tail|p2a: Gligar
|-damage|p2a: Gligar|305\/333
|drag|p2a: Cobalion|Cobalion|324\/324
|-damage|p2a: Cobalion|314\/324|[from] Stealth Rock
|
|-heal|p2a: Cobalion|324\/324|[from] item: Leftovers
|upkeep
|turn|3
|choice|switch 2|move closecombat
|
|switch|p1a: Celebi|Celebi|396\/396
|-damage|p1a: Celebi|347\/396|[from] Stealth Rock
|move|p2a: Cobalion|Close Combat|p1a: Celebi
|-resisted|p1a: Celebi
|-damage|p1a: Celebi|260\/396
|-unboost|p2a: Cobalion|def|1
|-unboost|p2a: Cobalion|spd|1
|
|upkeep
|turn|4
|choice|move recover|switch 2
|
|switch|p2a: Chandelure|Chandelure, F|261\/261
|-damage|p2a: Chandelure|196\/261|[from] Stealth Rock
|move|p1a: Celebi|Recover|p1a: Celebi
|-heal|p1a: Celebi|396\/396
|
|upkeep
|turn|5
|choice|switch 6|move fireblast
|
|switch|p1a: Arcanine|Arcanine, M|383\/383
|-damage|p1a: Arcanine|288\/383|[from] Stealth Rock
|-ability|p1a: Arcanine|Intimidate|boost
|-unboost|p2a: Chandelure|atk|1
|move|p2a: Chandelure|Fire Blast|p1a: Arcanine
|-resisted|p1a: Arcanine
|-damage|p1a: Arcanine|165\/383
|
|upkeep
|turn|6
|choice|move wildcharge|switch 6
|
|switch|p2a: Tentacruel|Tentacruel, M, shiny|361\/361
|-damage|p2a: Tentacruel|316\/361|[from] Stealth Rock
|move|p1a: Arcanine|Wild Charge|p2a: Tentacruel
|-supereffective|p2a: Tentacruel
|-crit|p2a: Tentacruel
|-damage|p2a: Tentacruel|0 fnt
|-damage|p1a: Arcanine|86\/383|[from] recoil|[of] p2a: Tentacruel
|faint|p2a: Tentacruel
|
|upkeep
|choice||switch 4
|
|switch|p2a: Gligar|Gligar, F|305\/333
|-damage|p2a: Gligar|264\/333|[from] Stealth Rock
|turn|7
|choice|switch 4|move earthquake
|
|switch|p1a: Donphan|Donphan, M|384\/384
|-damage|p1a: Donphan|360\/384|[from] Stealth Rock
|move|p2a: Gligar|Earthquake|p1a: Donphan
|-damage|p1a: Donphan|284\/384
|
|-heal|p1a: Donphan|308\/384|[from] item: Leftovers
|upkeep
|turn|8
|choice|move knockoff|switch 3
|
|switch|p2a: Obama-snow|Abomasnow, M|323\/323
|-damage|p2a: Obama-snow|243\/323|[from] Stealth Rock
|move|p1a: Donphan|Knock Off|p2a: Obama-snow
|-damage|p2a: Obama-snow|124\/323
|
|-heal|p1a: Donphan|332\/384|[from] item: Leftovers
|upkeep
|turn|9
|choice|switch 5|move blizzard mega
|
|switch|p1a: Vaporeon|Vaporeon, F|464\/464
|-damage|p1a: Vaporeon|406\/464|[from] Stealth Rock
|detailschange|p2a: Obama-snow|Abomasnow-Mega, M
|-mega|p2a: Obama-snow|Abomasnow|Abomasite
|-weather|Hail|[from] ability: Snow Warning|[of] p2a: Obama-snow
|move|p2a: Obama-snow|Blizzard|p1a: Vaporeon
|-resisted|p1a: Vaporeon
|-damage|p1a: Vaporeon|283\/464
|
|-weather|Hail|[upkeep]
|-damage|p1a: Vaporeon|254\/464|[from] hail
|-heal|p1a: Vaporeon|283\/464|[from] item: Leftovers
|upkeep
|turn|10
|choice|move wish|move woodhammer
|
|move|p1a: Vaporeon|Wish|p1a: Vaporeon
|move|p2a: Obama-snow|Wood Hammer|p1a: Vaporeon
|-supereffective|p1a: Vaporeon
|-damage|p1a: Vaporeon|0 fnt
|-damage|p2a: Obama-snow|31\/323|[from] recoil|[of] p1a: Vaporeon
|faint|p1a: Vaporeon
|
|-weather|Hail|[upkeep]
|upkeep
|choice|switch 2|
|
|switch|p1a: Aggron|Aggron-Mega, M|275\/344
|-damage|p1a: Aggron|254\/344|[from] Stealth Rock
|turn|11
|choice|move dragontail|move blizzard
|
|move|p2a: Obama-snow|Blizzard|p1a: Aggron
|-resisted|p1a: Aggron
|-damage|p1a: Aggron|161\/344
|move|p1a: Aggron|Dragon Tail|p2a: Obama-snow
|-damage|p2a: Obama-snow|0 fnt
|faint|p2a: Obama-snow
|
|-weather|Hail|[upkeep]
|-damage|p1a: Aggron|140\/344|[from] hail
|-heal|p1a: Aggron|344\/344|[from] move: Wish|[wisher] Vaporeon
|upkeep
|choice||switch 2
|
|switch|p2a: Cobalion|Cobalion|324\/324
|-damage|p2a: Cobalion|314\/324|[from] Stealth Rock
|turn|12
|choice|move thunderwave|move closecombat
|
|move|p2a: Cobalion|Close Combat|p1a: Aggron
|-supereffective|p1a: Aggron
|-damage|p1a: Aggron|218\/344
|-unboost|p2a: Cobalion|def|1
|-unboost|p2a: Cobalion|spd|1
|move|p1a: Aggron|Thunder Wave|p2a: Cobalion
|-status|p2a: Cobalion|par
|
|-weather|Hail|[upkeep]
|-damage|p1a: Aggron|197\/344|[from] hail
|-damage|p2a: Cobalion|294\/324 par|[from] hail
|-heal|p2a: Cobalion|314\/324 par|[from] item: Leftovers
|upkeep
|turn|13
|choice|switch 5|move closecombat
|
|switch|p1a: Donphan|Donphan, M|332\/384
|-damage|p1a: Donphan|308\/384|[from] Stealth Rock
|move|p2a: Cobalion|Close Combat|p1a: Donphan
|-damage|p1a: Donphan|166\/384
|-unboost|p2a: Cobalion|def|1
|-unboost|p2a: Cobalion|spd|1
|
|-weather|none
|-heal|p1a: Donphan|190\/384|[from] item: Leftovers
|-heal|p2a: Cobalion|324\/324 par|[from] item: Leftovers
|upkeep
|turn|14
|choice|move knockoff|switch 5
|
|switch|p2a: Hydreigon|Hydreigon, F|325\/325
|-damage|p2a: Hydreigon|285\/325|[from] Stealth Rock
|move|p1a: Donphan|Knock Off|p2a: Hydreigon
|-resisted|p2a: Hydreigon
|-damage|p2a: Hydreigon|214\/325
|-enditem|p2a: Hydreigon|Choice Scarf|[from] move: Knock Off|[of] p1a: Donphan
|
|-heal|p1a: Donphan|214\/384|[from] item: Leftovers
|upkeep
|turn|15
|choice|move rapidspin|move dracometeor
|
|move|p2a: Hydreigon|Draco Meteor|p1a: Donphan
|-damage|p1a: Donphan|0 fnt
|-unboost|p2a: Hydreigon|spa|2
|faint|p1a: Donphan
|
|upkeep
|choice|switch 3|
|
|switch|p1a: Tyrantrum|Tyrantrum, M|306\/306
|-damage|p1a: Tyrantrum|268\/306|[from] Stealth Rock
|turn|16
|choice|move dragondance|move dracometeor
|
|move|p2a: Hydreigon|Draco Meteor|p1a: Tyrantrum
|-supereffective|p1a: Tyrantrum
|-damage|p1a: Tyrantrum|0 fnt
|-unboost|p2a: Hydreigon|spa|2
|faint|p1a: Tyrantrum
|
|upkeep
|choice|switch 5|
|
|switch|p1a: Aggron|Aggron-Mega, M|197\/344
|-damage|p1a: Aggron|176\/344|[from] Stealth Rock
|turn|17
|choice|move thunderwave|move fireblast
|
|move|p2a: Hydreigon|Fire Blast|p1a: Aggron
|-supereffective|p1a: Aggron
|-damage|p1a: Aggron|124\/344
|-status|p1a: Aggron|brn
|move|p1a: Aggron|Thunder Wave|p2a: Hydreigon
|-status|p2a: Hydreigon|par
|
|-damage|p1a: Aggron|81\/344 brn|[from] brn
|upkeep
|turn|18
|choice|move dragontail|move dracometeor
|
|move|p2a: Hydreigon|Draco Meteor|p1a: Aggron
|-resisted|p1a: Aggron
|-damage|p1a: Aggron|52\/344 brn
|-unboost|p2a: Hydreigon|spa|2
|move|p1a: Aggron|Dragon Tail|p2a: Hydreigon
|-supereffective|p2a: Hydreigon
|-damage|p2a: Hydreigon|149\/325 par
|drag|p2a: Chandelure|Chandelure, F|196\/261
|-damage|p2a: Chandelure|131\/261|[from] Stealth Rock
|
|-damage|p1a: Aggron|9\/344 brn|[from] brn
|upkeep
|turn|19
|choice|move thunderwave|switch 3
|
|switch|p2a: Gligar|Gligar, F|264\/333
|-damage|p2a: Gligar|223\/333|[from] Stealth Rock
|move|p1a: Aggron|Thunder Wave|p2a: Gligar
|-immune|p2a: Gligar|[msg]
|
|-damage|p1a: Aggron|0 fnt|[from] brn
|upkeep
|faint|p1a: Aggron
|choice|switch 4|
|
|switch|p1a: Arcanine|Arcanine, M|86\/383
|-damage|p1a: Arcanine|0 fnt|[from] Stealth Rock
|faint|p1a: Arcanine
|choice|switch 6|
|
|switch|p1a: Celebi|Celebi|396\/396
|-damage|p1a: Celebi|347\/396|[from] Stealth Rock
|turn|20
|choice|move uturn|move earthquake
|
|move|p1a: Celebi|U-turn|p2a: Gligar
|-resisted|p2a: Gligar
|-damage|p2a: Gligar|207\/333
|-damage|p1a: Celebi|308\/396|[from] item: Life Orb
|move|p2a: Gligar|Earthquake|p1a: Celebi
|-resisted|p1a: Celebi
|-damage|p1a: Celebi|263\/396
|
|upkeep
|turn|21
|choice|move leafstorm|switch 3
|
|switch|p2a: Chandelure|Chandelure, F|131\/261
|-damage|p2a: Chandelure|66\/261|[from] Stealth Rock
|move|p1a: Celebi|Leaf Storm|p2a: Chandelure
|-resisted|p2a: Chandelure
|-damage|p2a: Chandelure|0 fnt
|-unboost|p1a: Celebi|spa|2
|-damage|p1a: Celebi|224\/396|[from] item: Life Orb
|faint|p2a: Chandelure
|
|upkeep
|choice||switch 6
|
|switch|p2a: Hydreigon|Hydreigon, F|149\/325 par
|-damage|p2a: Hydreigon|109\/325 par|[from] Stealth Rock
|turn|22
|choice|move uturn|move fireblast
|
|move|p1a: Celebi|U-turn|p2a: Hydreigon
|-supereffective|p2a: Hydreigon
|-damage|p2a: Hydreigon|0 fnt
|-damage|p1a: Celebi|185\/396|[from] item: Life Orb
|faint|p2a: Hydreigon
|
|upkeep
|choice||switch 5
|
|switch|p2a: Cobalion|Cobalion|324\/324 par
|-damage|p2a: Cobalion|314\/324 par|[from] Stealth Rock
|turn|23
|choice|move hiddenpower|move swordsdance
|
|move|p1a: Celebi|Hidden Power|p2a: Cobalion
|-supereffective|p2a: Cobalion
|-damage|p2a: Cobalion|197\/324 par
|-damage|p1a: Celebi|146\/396|[from] item: Life Orb
|move|p2a: Cobalion|Swords Dance|p2a: Cobalion
|-boost|p2a: Cobalion|atk|2
|
|-heal|p2a: Cobalion|217\/324 par|[from] item: Leftovers
|upkeep
|turn|24
|choice|move recover|move ironhead
|
|move|p1a: Celebi|Recover|p1a: Celebi
|-heal|p1a: Celebi|344\/396
|move|p2a: Cobalion|Iron Head|p1a: Celebi
|-damage|p1a: Celebi|136\/396
|
|-heal|p2a: Cobalion|237\/324 par|[from] item: Leftovers
|upkeep
|turn|25
|choice|move recover|move ironhead
|
|move|p1a: Celebi|Recover|p1a: Celebi
|-heal|p1a: Celebi|334\/396
|cant|p2a: Cobalion|par
|
|-heal|p2a: Cobalion|257\/324 par|[from] item: Leftovers
|upkeep
|turn|26
|choice|move hiddenpower|move ironhead
|
|move|p1a: Celebi|Hidden Power|p2a: Cobalion
|-supereffective|p2a: Cobalion
|-damage|p2a: Cobalion|153\/324 par
|-damage|p1a: Celebi|295\/396|[from] item: Life Orb
|move|p2a: Cobalion|Iron Head|p1a: Celebi
|-damage|p1a: Celebi|82\/396
|
|-heal|p2a: Cobalion|173\/324 par|[from] item: Leftovers
|upkeep
|turn|27
|choice|move recover|move ironhead
|
|move|p1a: Celebi|Recover|p1a: Celebi
|-heal|p1a: Celebi|280\/396
|cant|p2a: Cobalion|par
|
|-heal|p2a: Cobalion|193\/324 par|[from] item: Leftovers
|upkeep
|turn|28
|choice|move hiddenpower|move ironhead
|
|move|p1a: Celebi|Hidden Power|p2a: Cobalion
|-supereffective|p2a: Cobalion
|-damage|p2a: Cobalion|73\/324 par
|-damage|p1a: Celebi|241\/396|[from] item: Life Orb
|cant|p2a: Cobalion|par
|
|-heal|p2a: Cobalion|93\/324 par|[from] item: Leftovers
|upkeep
|turn|29
|choice|move hiddenpower|move ironhead
|
|move|p1a: Celebi|Hidden Power|p2a: Cobalion
|-supereffective|p2a: Cobalion
|-damage|p2a: Cobalion|0 fnt
|-damage|p1a: Celebi|202\/396|[from] item: Life Orb
|faint|p2a: Cobalion
|
|upkeep
|choice||switch 3
|
|switch|p2a: Gligar|Gligar, F|207\/333
|-damage|p2a: Gligar|166\/333|[from] Stealth Rock
|turn|30
|choice|move recover|move earthquake
|
|move|p1a: Celebi|Recover|p1a: Celebi
|-heal|p1a: Celebi|396\/396
|move|p2a: Gligar|Earthquake|p1a: Celebi
|-resisted|p1a: Celebi
|-damage|p1a: Celebi|347\/396
|
|upkeep
|turn|31
|choice|move hiddenpower|move earthquake
|
|move|p1a: Celebi|Hidden Power|p2a: Gligar
|-damage|p2a: Gligar|127\/333
|-damage|p1a: Celebi|308\/396|[from] item: Life Orb
|move|p2a: Gligar|Earthquake|p1a: Celebi
|-resisted|p1a: Celebi
|-damage|p1a: Celebi|263\/396
|
|upkeep
|turn|32
|c|☆Mazardandy|You forfeit
|choice|move hiddenpower|move roost
|
|move|p1a: Celebi|Hidden Power|p2a: Gligar
|-damage|p2a: Gligar|88\/333
|-damage|p1a: Celebi|224\/396|[from] item: Life Orb
|move|p2a: Gligar|Roost|p2a: Gligar
|-heal|p2a: Gligar|255\/333
|
|upkeep
|turn|33
|choice|move hiddenpower|move earthquake
|
|move|p1a: Celebi|Hidden Power|p2a: Gligar
|-damage|p2a: Gligar|211\/333
|-damage|p1a: Celebi|185\/396|[from] item: Life Orb
|move|p2a: Gligar|Earthquake|p1a: Celebi
|-resisted|p1a: Celebi
|-damage|p1a: Celebi|143\/396
|
|upkeep
|turn|34
|choice|move recover|move earthquake
|
|move|p1a: Celebi|Recover|p1a: Celebi
|-heal|p1a: Celebi|341\/396
|move|p2a: Gligar|Earthquake|p1a: Celebi
|-resisted|p1a: Celebi
|-damage|p1a: Celebi|293\/396
|
|upkeep
|turn|35
|c|☆AshLose'em|this won't end soon
|choice|move leafstorm|move earthquake
|
|move|p1a: Celebi|Leaf Storm|p2a: Gligar
|-damage|p2a: Gligar|86\/333
|-unboost|p1a: Celebi|spa|2
|-damage|p1a: Celebi|254\/396|[from] item: Life Orb
|move|p2a: Gligar|Earthquake|p1a: Celebi
|-resisted|p1a: Celebi
|-damage|p1a: Celebi|211\/396
|
|upkeep
|turn|36
|choice|move leafstorm|move roost
|
|move|p1a: Celebi|Leaf Storm|p2a: Gligar
|-damage|p2a: Gligar|0 fnt
|-unboost|p1a: Celebi|spa|2
|-damage|p1a: Celebi|172\/396|[from] item: Life Orb
|faint|p2a: Gligar
|
|win|Mazardandy
|player|p1
|player|p2
|c|☆AshLose'em|or not
|c|☆AshLose'em|gg
|raw|Mazardandy's rating: 1045 &rarr; <strong>1082<\/strong><br \/>(+37 for winning)
|raw|AshLose&apos;em's rating: 1084 &rarr; <strong>1059<\/strong><br \/>(-25 for losing)
|l|AshLose'em</script>
</div>
<div class="battle-log battle-log-inline"><div class="inner"><div class="battle-options"></div><div class="inner"><div class="chat"><small>Mazardandy joined.</small></div><div class="chat"><small>AshLose'em joined.</small></div><div class=""><small>Format:</small> <br><strong>UU</strong></div><div class="rated"><strong>Rated battle</strong></div><div class=""><small><em>Sleep Clause Mod:</em> Limit one foe put to sleep</small></div><div class=""><small><em>Species Clause:</em> Limit one of each Pokémon</small></div><div class=""><small><em>OHKO Clause:</em> OHKO moves are banned</small></div><div class=""><small><em>Moody Clause:</em> Moody is banned</small></div><div class=""><small><em>Evasion Moves Clause:</em> Evasion moves are banned</small></div><div class=""><small><em>Endless Battle Clause:</em> Forcing endless battles is banned</small></div><div class=""><small><em>HP Percentage Mod:</em> HP is shown in percentages</small></div><div class=""><small><em>Swagger Clause:</em> Swagger is banned</small></div><div class=""><small><em>Baton Pass Clause:</em> Limit one Baton Passer, can't pass Spe and other stats simultaneously</small></div><div class="chat battle-history"><strong>Mazardandy's team:</strong> <em style="color:#445566;display:block;">Aggron / Celebi / Tyrantrum / Donphan / Vaporeon / Arcanine</em></div><div class="chat battle-history"><strong>AshLose'em's team:</strong> <em style="color:#445566;display:block;">Tentacruel / Chandelure / Abomasnow / Cobalion / Hydreigon / Gligar</em></div><div class="spacer battle-history"><br></div><div class="battle-history">Battle started between Mazardandy and AshLose'em!<br></div><div class="spacer battle-history"><br></div><div class="battle-history">Go! <strong>Aggron</strong>!<br></div><div class="spacer battle-history"><br></div><div class="battle-history">AshLose'em sent out <strong>Gligar</strong>!<br></div><div class="spacer battle-history"><br></div><h2 class="battle-history">Turn 1</h2><div class="spacer battle-history"><br></div><div class="battle-history"><small>Aggron's Aggronite is reacting to Mazardandy's Mega Bracelet!</small><br>Aggron has Mega Evolved into Mega Aggron!<br></div><div class="spacer battle-history"><br></div><div class="battle-history">The opposing Gligar used <strong>Earthquake</strong>!<br></div><div class="battle-history"><small>It's super effective!</small><br></div><div class="battle-history"><small>(Aggron lost <abbr title="−69/344">20.1%</abbr> of its health!)</small><br></div><div class="spacer battle-history"><br></div><div class="battle-history">Aggron used <strong>Stealth Rock</strong>!<br></div><div class="battle-history"><small>Pointed stones float in the air around the opposing team!</small><br></div><div class="spacer battle-history"><br></div><h2 class="battle-history">Turn 2</h2><div class="spacer battle-history"><br></div><div class="battle-history">The opposing Gligar used <strong>Stealth Rock</strong>!<br></div><div class="battle-history"><small>Pointed stones float in the air around your team!</small><br></div><div class="spacer battle-history"><br></div><div class="battle-history">Aggron used <strong>Dragon Tail</strong>!<br></div><div class="battle-history"><small>(The opposing Gligar lost <abbr title="−28/333">8.4%</abbr> of its health!)</small><br></div><div class="spacer battle-history"><br></div><div class="battle-history"><strong>Cobalion</strong> was dragged out!<br></div><div class="battle-history"><small>Pointed stones dug into the opposing Cobalion!</small><br></div><div class="spacer battle-history"><br></div><div class="battle-history"><small>The opposing Cobalion restored a little HP using its Leftovers!</small><br></div><div class="spacer battle-history"><br></div><h2 class="battle-history">Turn 3</h2><div class="spacer battle-history"><br></div><div class="battle-history">Aggron, come back!<br></div><div class="battle-history">Go! <strong>Celebi</strong>!<br></div><div class="battle-history"><small>Pointed stones dug into Celebi!</small><br></div><div class="spacer battle-history"><br></div><div class="battle-history">The opposing Cobalion used <strong>Close Combat</strong>!<br></div><div class="battle-history"><small>It's not very effective...</small><br></div><div class="battle-history"><small>(Celebi lost <abbr title="−87/396">22.0%</abbr> of its health!)</small><br></div><div class="battle-history"><small>The opposing Cobalion's Defense fell!</small><br></div><div class="battle-history"><small>The opposing Cobalion's Special Defense fell!</small><br></div><div class="spacer battle-history"><br></div><h2 class="battle-history">Turn 4</h2><div class="spacer battle-history"><br></div><div class="battle-history">AshLose'em withdrew Cobalion!<br></div><div class="battle-history">AshLose'em sent out <strong>Chandelure</strong>!<br></div><div class="battle-history"><small>Pointed stones dug into the opposing Chandelure!</small><br></div><div class="spacer battle-history"><br></div><div class="battle-history">Celebi used <strong>Recover</strong>!<br></div><div class="battle-history"><small>Celebi restored its HP.</small><br></div><div class="spacer battle-history"><br></div><h2 class="battle-history">Turn 5</h2><div class="spacer battle-history"><br></div><div class="battle-history">Celebi, come back!<br></div><div class="battle-history">Go! <strong>Arcanine</strong>!<br></div><div class="battle-history"><small>Pointed stones dug into Arcanine!</small><br></div><div class="battle-history"><small>[Arcanine's Intimidate]</small><br></div><div class="battle-history"><small>The opposing Chandelure's Attack fell!</small><br></div><div class="spacer battle-history"><br></div><div class="battle-history">The opposing Chandelure used <strong>Fire Blast</strong>!<br></div><div class="battle-history"><small>It's not very effective...</small><br></div><div class="battle-history"><small>(Arcanine lost <abbr title="−123/383">32.1%</abbr> of its health!)</small><br></div><div class="spacer battle-history"><br></div><h2 class="battle-history">Turn 6</h2><div class="spacer battle-history"><br></div><div class="battle-history">AshLose'em withdrew Chandelure!<br></div><div class="battle-history">AshLose'em sent out <strong>Tentacruel</strong>!<br></div><div class="battle-history"><small>Pointed stones dug into the opposing Tentacruel!</small><br></div><div class="spacer battle-history"><br></div><div class="battle-history">Arcanine used <strong>Wild Charge</strong>!<br></div><div class="battle-history"><small>It's super effective!</small><br></div><div class="battle-history"><small>A critical hit!</small><br></div><div class="battle-history"><small>(The opposing Tentacruel lost <abbr title="−316/361">87.5%</abbr> of its health!)</small><br></div><div class="battle-history"><small>Arcanine is damaged by the recoil!</small><br></div><div class="spacer battle-history"><br></div><div class="battle-history">The opposing Tentacruel fainted!<br></div><div class="spacer battle-history"><br></div><div class="battle-history">AshLose'em sent out <strong>Gligar</strong>!<br></div><div class="battle-history"><small>Pointed stones dug into the opposing Gligar!</small><br></div><div class="spacer battle-history"><br></div><h2 class="battle-history">Turn 7</h2><div class="spacer battle-history"><br></div><div class="battle-history">Arcanine, come back!<br></div><div class="battle-history">Go! <strong>Donphan</strong>!<br></div><div class="battle-history"><small>Pointed stones dug into Donphan!</small><br></div><div class="spacer battle-history"><br></div><div class="battle-history">The opposing Gligar used <strong>Earthquake</strong>!<br></div><div class="battle-history"><small>(Donphan lost <abbr title="−76/384">19.8%</abbr> of its health!)</small><br></div><div class="spacer battle-history"><br></div><div class="battle-history"><small>Donphan restored a little HP using its Leftovers!</small><br></div><div class="spacer battle-history"><br></div><h2 class="battle-history">Turn 8</h2><div class="spacer battle-history"><br></div><div class="battle-history">AshLose'em withdrew Gligar!<br></div><div class="battle-history">AshLose'em sent out Obama-snow (<strong>Abomasnow</strong>)!<br></div><div class="battle-history"><small>Pointed stones dug into the opposing Obama-snow!</small><br></div><div class="spacer battle-history"><br></div><div class="battle-history">Donphan used <strong>Knock Off</strong>!<br></div><div class="battle-history"><small>(The opposing Obama-snow lost <abbr title="−119/323">36.8%</abbr> of its health!)</small><br></div><div class="spacer battle-history"><br></div><div class="battle-history"><small>Donphan restored a little HP using its Leftovers!</small><br></div><div class="spacer battle-history"><br></div><h2 class="battle-history">Turn 9</h2><div class="spacer battle-history"><br></div><div class="battle-history">Donphan, come back!<br></div><div class="battle-history">Go! <strong>Vaporeon</strong>!<br></div><div class="battle-history"><small>Pointed stones dug into Vaporeon!</small><br></div><div class="spacer battle-history"><br></div><div class="battle-history"><small>The opposing Obama-snow's Abomasite is reacting to AshLose'em's Mega Bracelet!</small><br>The opposing Obama-snow has Mega Evolved into Mega Abomasnow!<br></div><div class="battle-history"><small>[The opposing Obama-snow's Snow Warning]</small><br><small>It started to hail!</small><br></div><div class="spacer battle-history"><br></div><div class="battle-history">The opposing Obama-snow used <strong>Blizzard</strong>!<br></div><div class="battle-history"><small>It's not very effective...</small><br></div><div class="battle-history"><small>(Vaporeon lost <abbr title="−123/464">26.5%</abbr> of its health!)</small><br></div><div class="spacer battle-history"><br></div><div class="battle-history"><small>The hail is crashing down.</small><br></div><div class="battle-history"><small>Vaporeon is buffeted by the hail!</small><br></div><div class="battle-history"><small>Vaporeon restored a little HP using its Leftovers!</small><br></div><div class="spacer battle-history"><br></div><h2 class="battle-history">Turn 10</h2><div class="spacer battle-history"><br></div><div class="battle-history">Vaporeon used <strong>Wish</strong>!<br></div><div class="spacer battle-history"><br></div><div class="battle-history">The opposing Obama-snow used <strong>Wood Hammer</strong>!<br></div><div class="battle-history"><small>It's super effective!</small><br></div><div class="battle-history"><small>(Vaporeon lost <abbr title="−283/464">61.0%</abbr> of its health!)</small><br></div><div class="battle-history"><small>The opposing Obama-snow is damaged by the recoil!</small><br></div><div class="spacer battle-history"><br></div><div class="battle-history">Vaporeon fainted!<br></div><div class="spacer battle-history"><br></div><div class="battle-history"><small>The hail is crashing down.</small><br></div><div class="spacer battle-history"><br></div><div class="battle-history">Go! Aggron (<strong>Aggron-Mega</strong>)!<br></div><div class="battle-history"><small>Pointed stones dug into Aggron!</small><br></div><div class="spacer battle-history"><br></div><h2 class="battle-history">Turn 11</h2><div class="spacer battle-history"><br></div><div class="battle-history">The opposing Obama-snow used <strong>Blizzard</strong>!<br></div><div class="battle-history"><small>It's not very effective...</small><br></div><div class="battle-history"><small>(Aggron lost <abbr title="−93/344">27.0%</abbr> of its health!)</small><br></div><div class="spacer battle-history"><br></div><div class="battle-history">Aggron used <strong>Dragon Tail</strong>!<br></div><div class="battle-history"><small>(The opposing Obama-snow lost <abbr title="−31/323">9.6%</abbr> of its health!)</small><br></div><div class="spacer battle-history"><br></div><div class="battle-history">The opposing Obama-snow fainted!<br></div><div class="spacer battle-history"><br></div><div class="battle-history"><small>The hail is crashing down.</small><br></div><div class="battle-history"><small>Aggron is buffeted by the hail!</small><br></div><div class="battle-history"><small>Vaporeon's wish came true!</small><br></div><div class="spacer battle-history"><br></div><div class="battle-history">AshLose'em sent out <strong>Cobalion</strong>!<br></div><div class="battle-history"><small>Pointed stones dug into the opposing Cobalion!</small><br></div><div class="spacer battle-history"><br></div><h2 class="battle-history">Turn 12</h2><div class="spacer battle-history"><br></div><div class="battle-history">The opposing Cobalion used <strong>Close Combat</strong>!<br></div><div class="battle-history"><small>It's super effective!</small><br></div><div class="battle-history"><small>(Aggron lost <abbr title="−126/344">36.6%</abbr> of its health!)</small><br></div><div class="battle-history"><small>The opposing Cobalion's Defense fell!</small><br></div><div class="battle-history"><small>The opposing Cobalion's Special Defense fell!</small><br></div><div class="spacer battle-history"><br></div><div class="battle-history">Aggron used <strong>Thunder Wave</strong>!<br></div><div class="battle-history"><small>The opposing Cobalion is paralyzed! It may be unable to move!</small><br></div><div class="spacer battle-history"><br></div><div class="battle-history"><small>The hail is crashing down.</small><br></div><div class="battle-history"><small>Aggron is buffeted by the hail!</small><br></div><div class="battle-history"><small>The opposing Cobalion is buffeted by the hail!</small><br></div><div class="battle-history"><small>The opposing Cobalion restored a little HP using its Leftovers!</small><br></div><div class="spacer battle-history"><br></div><h2 class="battle-history">Turn 13</h2><div class="spacer battle-history"><br></div><div class="battle-history">Aggron, come back!<br></div><div class="battle-history">Go! <strong>Donphan</strong>!<br></div><div class="battle-history"><small>Pointed stones dug into Donphan!</small><br></div><div class="spacer battle-history"><br></div><div class="battle-history">The opposing Cobalion used <strong>Close Combat</strong>!<br></div><div class="battle-history"><small>(Donphan lost <abbr title="−142/384">37.0%</abbr> of its health!)</small><br></div><div class="battle-history"><small>The opposing Cobalion's Defense fell!</small><br></div><div class="battle-history"><small>The opposing Cobalion's Special Defense fell!</small><br></div><div class="spacer battle-history"><br></div><div class="battle-history"><small>The hail stopped.</small><br></div><div class="battle-history"><small>Donphan restored a little HP using its Leftovers!</small><br></div><div class="battle-history"><small>The opposing Cobalion restored a little HP using its Leftovers!</small><br></div><div class="spacer battle-history"><br></div><h2 class="battle-history">Turn 14</h2><div class="spacer battle-history"><br></div><div class="battle-history">AshLose'em withdrew Cobalion!<br></div><div class="battle-history">AshLose'em sent out <strong>Hydreigon</strong>!<br></div><div class="battle-history"><small>Pointed stones dug into the opposing Hydreigon!</small><br></div><div class="spacer battle-history"><br></div><div class="battle-history">Donphan used <strong>Knock Off</strong>!<br></div><div class="battle-history"><small>It's not very effective...</small><br></div><div class="battle-history"><small>(The opposing Hydreigon lost <abbr title="−71/325">21.8%</abbr> of its health!)</small><br></div><div class="battle-history"><small>Donphan knocked off the opposing Hydreigon's Choice Scarf!</small><br></div><div class="spacer battle-history"><br></div><div class="battle-history"><small>Donphan restored a little HP using its Leftovers!</small><br></div><div class="spacer battle-history"><br></div><h2 class="battle-history">Turn 15</h2><div class="spacer battle-history"><br></div><div class="battle-history">The opposing Hydreigon used <strong>Draco Meteor</strong>!<br></div><div class="battle-history"><small>(Donphan lost <abbr title="−214/384">55.7%</abbr> of its health!)</small><br></div><div class="battle-history"><small>The opposing Hydreigon's Special Attack fell harshly!</small><br></div><div class="spacer battle-history"><br></div><div class="battle-history">Donphan fainted!<br></div><div class="spacer battle-history"><br></div><div class="battle-history">Go! <strong>Tyrantrum</strong>!<br></div><div class="battle-history"><small>Pointed stones dug into Tyrantrum!</small><br></div><div class="spacer battle-history"><br></div><h2 class="battle-history">Turn 16</h2><div class="spacer battle-history"><br></div><div class="battle-history">The opposing Hydreigon used <strong>Draco Meteor</strong>!<br></div><div class="battle-history"><small>It's super effective!</small><br></div><div class="battle-history"><small>(Tyrantrum lost <abbr title="−268/306">87.6%</abbr> of its health!)</small><br></div><div class="battle-history"><small>The opposing Hydreigon's Special Attack fell harshly!</small><br></div><div class="spacer battle-history"><br></div><div class="battle-history">Tyrantrum fainted!<br></div><div class="spacer battle-history"><br></div><div class="battle-history">Go! Aggron (<strong>Aggron-Mega</strong>)!<br></div><div class="battle-history"><small>Pointed stones dug into Aggron!</small><br></div><div class="spacer battle-history"><br></div><h2 class="battle-history">Turn 17</h2><div class="spacer battle-history"><br></div><div class="battle-history">The opposing Hydreigon used <strong>Fire Blast</strong>!<br></div><div class="battle-history"><small>It's super effective!</small><br></div><div class="battle-history"><small>(Aggron lost <abbr title="−52/344">15.1%</abbr> of its health!)</small><br></div><div class="battle-history"><small>Aggron was burned!</small><br></div><div class="spacer battle-history"><br></div><div class="battle-history">Aggron used <strong>Thunder Wave</strong>!<br></div><div class="battle-history"><small>The opposing Hydreigon is paralyzed! It may be unable to move!</small><br></div><div class="spacer battle-history"><br></div><div class="battle-history"><small>Aggron was hurt by its burn!</small><br></div><div class="spacer battle-history"><br></div><h2 class="battle-history">Turn 18</h2><div class="spacer battle-history"><br></div><div class="battle-history">The opposing Hydreigon used <strong>Draco Meteor</strong>!<br></div><div class="battle-history"><small>It's not very effective...</small><br></div><div class="battle-history"><small>(Aggron lost <abbr title="−29/344">8.4%</abbr> of its health!)</small><br></div><div class="battle-history"><small>The opposing Hydreigon's Special Attack fell harshly!</small><br></div><div class="spacer battle-history"><br></div><div class="battle-history">Aggron used <strong>Dragon Tail</strong>!<br></div><div class="battle-history"><small>It's super effective!</small><br></div><div class="battle-history"><small>(The opposing Hydreigon lost <abbr title="−65/325">20%</abbr> of its health!)</small><br></div><div class="spacer battle-history"><br></div><div class="battle-history"><strong>Chandelure</strong> was dragged out!<br></div><div class="battle-history"><small>Pointed stones dug into the opposing Chandelure!</small><br></div><div class="spacer battle-history"><br></div><div class="battle-history"><small>Aggron was hurt by its burn!</small><br></div><div class="spacer battle-history"><br></div><h2 class="battle-history">Turn 19</h2><div class="spacer battle-history"><br></div><div class="battle-history">AshLose'em withdrew Chandelure!<br></div><div class="battle-history">AshLose'em sent out <strong>Gligar</strong>!<br></div><div class="battle-history"><small>Pointed stones dug into the opposing Gligar!</small><br></div><div class="spacer battle-history"><br></div><div class="battle-history">Aggron used <strong>Thunder Wave</strong>!<br></div><div class="battle-history"><small>It doesn't affect the opposing Gligar...</small><br></div><div class="spacer battle-history"><br></div><div class="battle-history"><small>Aggron was hurt by its burn!</small><br></div><div class="spacer battle-history"><br></div><div class="battle-history">Aggron fainted!<br></div><div class="spacer battle-history"><br></div><div class="battle-history">Go! <strong>Arcanine</strong>!<br></div><div class="battle-history"><small>Pointed stones dug into Arcanine!</small><br></div><div class="spacer battle-history"><br></div><div class="battle-history">Arcanine fainted!<br></div><div class="spacer battle-history"><br></div><div class="battle-history">Go! <strong>Celebi</strong>!<br></div><div class="battle-history"><small>Pointed stones dug into Celebi!</small><br></div><div class="spacer battle-history"><br></div><h2 class="battle-history">Turn 20</h2><div class="spacer battle-history"><br></div><div class="battle-history">Celebi used <strong>U-turn</strong>!<br></div><div class="battle-history"><small>It's not very effective...</small><br></div><div class="battle-history"><small>(The opposing Gligar lost <abbr title="−16/333">4.8%</abbr> of its health!)</small><br></div><div class="battle-history"><small>Celebi lost some of its HP!</small><br></div><div class="spacer battle-history"><br></div><div class="battle-history">The opposing Gligar used <strong>Earthquake</strong>!<br></div><div class="battle-history"><small>It's not very effective...</small><br></div><div class="battle-history"><small>(Celebi lost <abbr title="−45/396">11.4%</abbr> of its health!)</small><br></div><div class="spacer battle-history"><br></div><h2 class="battle-history">Turn 21</h2><div class="spacer battle-history"><br></div><div class="battle-history">AshLose'em withdrew Gligar!<br></div><div class="battle-history">AshLose'em sent out <strong>Chandelure</strong>!<br></div><div class="battle-history"><small>Pointed stones dug into the opposing Chandelure!</small><br></div><div class="spacer battle-history"><br></div><div class="battle-history">Celebi used <strong>Leaf Storm</strong>!<br></div><div class="battle-history"><small>It's not very effective...</small><br></div><div class="battle-history"><small>(The opposing Chandelure lost <abbr title="−66/261">25.3%</abbr> of its health!)</small><br></div><div class="battle-history"><small>Celebi's Special Attack fell harshly!</small><br></div><div class="battle-history"><small>Celebi lost some of its HP!</small><br></div><div class="spacer battle-history"><br></div><div class="battle-history">The opposing Chandelure fainted!<br></div><div class="spacer battle-history"><br></div><div class="battle-history">AshLose'em sent out <strong>Hydreigon</strong>!<br></div><div class="battle-history"><small>Pointed stones dug into the opposing Hydreigon!</small><br></div><div class="spacer battle-history"><br></div><h2 class="battle-history">Turn 22</h2><div class="spacer battle-history"><br></div><div class="battle-history">Celebi used <strong>U-turn</strong>!<br></div><div class="battle-history"><small>It's super effective!</small><br></div><div class="battle-history"><small>(The opposing Hydreigon lost <abbr title="−109/325">33.5%</abbr> of its health!)</small><br></div><div class="battle-history"><small>Celebi lost some of its HP!</small><br></div><div class="spacer battle-history"><br></div><div class="battle-history">The opposing Hydreigon fainted!<br></div><div class="spacer battle-history"><br></div><div class="battle-history">AshLose'em sent out <strong>Cobalion</strong>!<br></div><div class="battle-history"><small>Pointed stones dug into the opposing Cobalion!</small><br></div><div class="spacer battle-history"><br></div><h2 class="battle-history">Turn 23</h2><div class="spacer battle-history"><br></div><div class="battle-history">Celebi used <strong>Hidden Power</strong>!<br></div><div class="battle-history"><small>It's super effective!</small><br></div><div class="battle-history"><small>(The opposing Cobalion lost <abbr title="−117/324">36.1%</abbr> of its health!)</small><br></div><div class="battle-history"><small>Celebi lost some of its HP!</small><br></div><div class="spacer battle-history"><br></div><div class="battle-history">The opposing Cobalion used <strong>Swords Dance</strong>!<br></div><div class="battle-history"><small>The opposing Cobalion's Attack rose sharply!</small><br></div><div class="spacer battle-history"><br></div><div class="battle-history"><small>The opposing Cobalion restored a little HP using its Leftovers!</small><br></div><div class="spacer battle-history"><br></div><h2 class="battle-history">Turn 24</h2><div class="spacer battle-history"><br></div><div class="battle-history">Celebi used <strong>Recover</strong>!<br></div><div class="battle-history"><small>Celebi restored its HP.</small><br></div><div class="spacer battle-history"><br></div><div class="battle-history">The opposing Cobalion used <strong>Iron Head</strong>!<br></div><div class="battle-history"><small>(Celebi lost <abbr title="−208/396">52.5%</abbr> of its health!)</small><br></div><div class="spacer battle-history"><br></div><div class="battle-history"><small>The opposing Cobalion restored a little HP using its Leftovers!</small><br></div><div class="spacer battle-history"><br></div><h2 class="battle-history">Turn 25</h2><div class="spacer battle-history"><br></div><div class="battle-history">Celebi used <strong>Recover</strong>!<br></div><div class="battle-history"><small>Celebi restored its HP.</small><br></div><div class="spacer battle-history"><br></div><div class="battle-history">The opposing Cobalion is paralyzed! It can't move!<br></div><div class="spacer battle-history"><br></div><div class="battle-history"><small>The opposing Cobalion restored a little HP using its Leftovers!</small><br></div><div class="spacer battle-history"><br></div><h2 class="battle-history">Turn 26</h2><div class="spacer battle-history"><br></div><div class="battle-history">Celebi used <strong>Hidden Power</strong>!<br></div><div class="battle-history"><small>It's super effective!</small><br></div><div class="battle-history"><small>(The opposing Cobalion lost <abbr title="−104/324">32.1%</abbr> of its health!)</small><br></div><div class="battle-history"><small>Celebi lost some of its HP!</small><br></div><div class="spacer battle-history"><br></div><div class="battle-history">The opposing Cobalion used <strong>Iron Head</strong>!<br></div><div class="battle-history"><small>(Celebi lost <abbr title="−213/396">53.8%</abbr> of its health!)</small><br></div><div class="spacer battle-history"><br></div><div class="battle-history"><small>The opposing Cobalion restored a little HP using its Leftovers!</small><br></div><div class="spacer battle-history"><br></div><h2 class="battle-history">Turn 27</h2><div class="spacer battle-history"><br></div><div class="battle-history">Celebi used <strong>Recover</strong>!<br></div><div class="battle-history"><small>Celebi restored its HP.</small><br></div><div class="spacer battle-history"><br></div><div class="battle-history">The opposing Cobalion is paralyzed! It can't move!<br></div><div class="spacer battle-history"><br></div><div class="battle-history"><small>The opposing Cobalion restored a little HP using its Leftovers!</small><br></div><div class="spacer battle-history"><br></div><h2 class="battle-history">Turn 28</h2><div class="spacer battle-history"><br></div><div class="battle-history">Celebi used <strong>Hidden Power</strong>!<br></div><div class="battle-history"><small>It's super effective!</small><br></div><div class="battle-history"><small>(The opposing Cobalion lost <abbr title="−120/324">37.0%</abbr> of its health!)</small><br></div><div class="battle-history"><small>Celebi lost some of its HP!</small><br></div><div class="spacer battle-history"><br></div><div class="battle-history">The opposing Cobalion is paralyzed! It can't move!<br></div><div class="spacer battle-history"><br></div><div class="battle-history"><small>The opposing Cobalion restored a little HP using its Leftovers!</small><br></div><div class="spacer battle-history"><br></div><h2 class="battle-history">Turn 29</h2><div class="spacer battle-history"><br></div><div class="battle-history">Celebi used <strong>Hidden Power</strong>!<br></div><div class="battle-history"><small>It's super effective!</small><br></div><div class="battle-history"><small>(The opposing Cobalion lost <abbr title="−93/324">28.7%</abbr> of its health!)</small><br></div><div class="battle-history"><small>Celebi lost some of its HP!</small><br></div><div class="spacer battle-history"><br></div><div class="battle-history">The opposing Cobalion fainted!<br></div><div class="spacer battle-history"><br></div><div class="battle-history">AshLose'em sent out <strong>Gligar</strong>!<br></div><div class="battle-history"><small>Pointed stones dug into the opposing Gligar!</small><br></div><div class="spacer battle-history"><br></div><h2 class="battle-history">Turn 30</h2><div class="spacer battle-history"><br></div><div class="battle-history">Celebi used <strong>Recover</strong>!<br></div><div class="battle-history"><small>Celebi restored its HP.</small><br></div><div class="spacer battle-history"><br></div><div class="battle-history">The opposing Gligar used <strong>Earthquake</strong>!<br></div><div class="battle-history"><small>It's not very effective...</small><br></div><div class="battle-history"><small>(Celebi lost <abbr title="−49/396">12.4%</abbr> of its health!)</small><br></div><div class="spacer battle-history"><br></div><h2 class="battle-history">Turn 31</h2><div class="spacer battle-history"><br></div><div class="battle-history">Celebi used <strong>Hidden Power</strong>!<br></div><div class="battle-history"><small>(The opposing Gligar lost <abbr title="−39/333">11.7%</abbr> of its health!)</small><br></div><div class="battle-history"><small>Celebi lost some of its HP!</small><br></div><div class="spacer battle-history"><br></div><div class="battle-history">The opposing Gligar used <strong>Earthquake</strong>!<br></div><div class="battle-history"><small>It's not very effective...</small><br></div><div class="battle-history"><small>(Celebi lost <abbr title="−45/396">11.4%</abbr> of its health!)</small><br></div><div class="spacer battle-history"><br></div><h2 class="battle-history">Turn 32</h2><div class="chat chatmessage-mazardandy"><strong style="color:hsl(70,72%,32%)"><small>☆</small><span class="username" data-name="Mazardandy">Mazardandy</span>:</strong> <em>You forfeit</em></div><div class="spacer battle-history"><br></div><div class="battle-history">Celebi used <strong>Hidden Power</strong>!<br></div><div class="battle-history"><small>(The opposing Gligar lost <abbr title="−39/333">11.7%</abbr> of its health!)</small><br></div><div class="battle-history"><small>Celebi lost some of its HP!</small><br></div><div class="spacer battle-history"><br></div><div class="battle-history">The opposing Gligar used <strong>Roost</strong>!<br></div><div class="battle-history"><small>The opposing Gligar restored its HP.</small><br></div><div class="spacer battle-history"><br></div><h2 class="battle-history">Turn 33</h2><div class="spacer battle-history"><br></div><div class="battle-history">Celebi used <strong>Hidden Power</strong>!<br></div><div class="battle-history"><small>(The opposing Gligar lost <abbr title="−44/333">13.2%</abbr> of its health!)</small><br></div><div class="battle-history"><small>Celebi lost some of its HP!</small><br></div><div class="spacer battle-history"><br></div><div class="battle-history">The opposing Gligar used <strong>Earthquake</strong>!<br></div><div class="battle-history"><small>It's not very effective...</small><br></div><div class="battle-history"><small>(Celebi lost <abbr title="−42/396">10.6%</abbr> of its health!)</small><br></div><div class="spacer battle-history"><br></div><h2 class="battle-history">Turn 34</h2><div class="spacer battle-history"><br></div><div class="battle-history">Celebi used <strong>Recover</strong>!<br></div><div class="battle-history"><small>Celebi restored its HP.</small><br></div><div class="spacer battle-history"><br></div><div class="battle-history">The opposing Gligar used <strong>Earthquake</strong>!<br></div><div class="battle-history"><small>It's not very effective...</small><br></div><div class="battle-history"><small>(Celebi lost <abbr title="−48/396">12.1%</abbr> of its health!)</small><br></div><div class="spacer battle-history"><br></div><h2 class="battle-history">Turn 35</h2><div class="chat chatmessage-ashloseem"><strong style="color:hsl(24,74%,42%)"><small>☆</small><span class="username" data-name="AshLose'em">AshLose'em</span>:</strong> <em>this won't end soon</em></div><div class="spacer battle-history"><br></div><div class="battle-history">Celebi used <strong>Leaf Storm</strong>!<br></div><div class="battle-history"><small>(The opposing Gligar lost <abbr title="−125/333">37.5%</abbr> of its health!)</small><br></div><div class="battle-history"><small>Celebi's Special Attack fell harshly!</small><br></div><div class="battle-history"><small>Celebi lost some of its HP!</small><br></div><div class="spacer battle-history"><br></div><div class="battle-history">The opposing Gligar used <strong>Earthquake</strong>!<br></div><div class="battle-history"><small>It's not very effective...</small><br></div><div class="battle-history"><small>(Celebi lost <abbr title="−43/396">10.9%</abbr> of its health!)</small><br></div><div class="spacer battle-history"><br></div><h2 class="battle-history">Turn 36</h2><div class="spacer battle-history"><br></div><div class="battle-history">Celebi used <strong>Leaf Storm</strong>!<br></div><div class="battle-history"><small>(The opposing Gligar lost <abbr title="−86/333">25.8%</abbr> of its health!)</small><br></div><div class="battle-history"><small>Celebi's Special Attack fell harshly!</small><br></div><div class="battle-history"><small>Celebi lost some of its HP!</small><br></div><div class="spacer battle-history"><br></div><div class="battle-history">The opposing Gligar fainted!<br></div><div class="spacer battle-history"><br></div><div class="battle-history"><strong>Mazardandy</strong> won the battle!<br></div><div class="chat chatmessage-ashloseem"><strong style="color:hsl(24,74%,42%)"><small>☆</small><span class="username" data-name="AshLose'em">AshLose'em</span>:</strong> <em>or not</em></div><div class="chat chatmessage-ashloseem"><strong style="color:hsl(24,74%,42%)"><small>☆</small><span class="username" data-name="AshLose'em">AshLose'em</span>:</strong> <em>gg</em></div><div class="chat">Mazardandy's rating: 1045 → <strong>1082</strong><br>(+37 for winning)</div><div class="chat">AshLose'em's rating: 1084 → <strong>1059</strong><br>(-25 for losing)</div><div class="chat"><small>AshLose'em left.</small></div></div><div class="inner-preempt"></div></div></div>
</div>
<script>
let daily = Math.floor(Date.now()/1000/60/60/24);document.write('<script src="https://play.pokemonshowdown.com/js/replay-embed.js?version'+daily+'"></'+'script>');
</script>
