<!DOCTYPE html>
<meta charset="utf-8" />
<!-- version 1 -->
<title>UU replay: 10blast vs. Elite Dangerous</title>
<style>
html,body {font-family:Verdana, sans-serif;font-size:10pt;margin:0;padding:0;}body{padding:12px 0;} .battle-log {font-family:Verdana, sans-serif;font-size:10pt;} .battle-log-inline {border:1px solid #AAAAAA;background:#EEF2F5;color:black;max-width:640px;margin:0 auto 80px;padding-bottom:5px;} .battle-log .inner {padding:4px 8px 0px 8px;} .battle-log .inner-preempt {padding:0 8px 4px 8px;} .battle-log .inner-after {margin-top:0.5em;} .battle-log h2 {margin:0.5em -8px;padding:4px 8px;border:1px solid #AAAAAA;background:#E0E7EA;border-left:0;border-right:0;font-family:Verdana, sans-serif;font-size:13pt;} .battle-log .chat {vertical-align:middle;padding:3px 0 3px 0;font-size:8pt;} .battle-log .chat strong {color:#40576A;} .battle-log .chat em {padding:1px 4px 1px 3px;color:#000000;font-style:normal;} .chat.mine {background:rgba(0,0,0,0.05);margin-left:-8px;margin-right:-8px;padding-left:8px;padding-right:8px;} .spoiler {color:#BBBBBB;background:#BBBBBB;padding:0px 3px;} .spoiler:hover, .spoiler:active, .spoiler-shown {color:#000000;background:#E2E2E2;padding:0px 3px;} .spoiler a {color:#BBBBBB;} .spoiler:hover a, .spoiler:active a, .spoiler-shown a {color:#2288CC;} .chat code, .chat .spoiler:hover code, .chat .spoiler:active code, .chat .spoiler-shown code {border:1px solid #C0C0C0;background:#EEEEEE;color:black;padding:0 2px;} .chat .spoiler code {border:1px solid #CCCCCC;background:#CCCCCC;color:#CCCCCC;} .battle-log .rated {padding:3px 4px;} .battle-log .rated strong {color:white;background:#89A;padding:1px 4px;border-radius:4px;} .spacer {margin-top:0.5em;} .message-announce {background:#6688AA;color:white;padding:1px 4px 2px;} .message-announce a, .broadcast-green a, .broadcast-blue a, .broadcast-red a {color:#DDEEFF;} .broadcast-green {background-color:#559955;color:white;padding:2px 4px;} .broadcast-blue {background-color:#6688AA;color:white;padding:2px 4px;} .infobox {border:1px solid #6688AA;padding:2px 4px;} .infobox-limited {max-height:200px;overflow:auto;overflow-x:hidden;} .broadcast-red {background-color:#AA5544;color:white;padding:2px 4px;} .message-learn-canlearn {font-weight:bold;color:#228822;text-decoration:underline;} .message-learn-cannotlearn {font-weight:bold;color:#CC2222;text-decoration:underline;} .message-effect-weak {font-weight:bold;color:#CC2222;} .message-effect-resist {font-weight:bold;color:#6688AA;} .message-effect-immune {font-weight:bold;color:#666666;} .message-learn-list {margin-top:0;margin-bottom:0;} .message-throttle-notice, .message-error {color:#992222;} .message-overflow, .chat small.message-overflow {font-size:0pt;} .message-overflow::before {font-size:9pt;content:'...';} .subtle {color:#3A4A66;}
</style>
<div class="wrapper replay-wrapper" style="max-width:1180px;margin:0 auto">
<input type="hidden" name="replayid" value="uu-542626258" />
<div class="battle"></div><div class="battle-log"></div><div class="replay-controls"></div><div class="replay-controls-2"></div>
<h1 style="font-weight:normal;text-align:center"><strong>UU</strong><br /><a href="http://pokemonshowdown.com/users/10blast" class="subtle" target="_blank">10blast</a> vs. <a href="http://pokemonshowdown.com/users/elitedangerous" class="subtle" target="_blank">Elite Dangerous</a></h1>
<script type="text/plain" class="battle-log-data">|j|10blast
|j|Elite Dangerous
|player|p1|10blast|68
|player|p2|Elite Dangerous|174
|gametype|singles
|gen|6
|tier|UU
|rated
|seed|58580,21449,2143,56691
|rule|Sleep Clause Mod: Limit one foe put to sleep
|rule|Species Clause: Limit one of each Pokémon
|rule|OHKO Clause: OHKO moves are banned
|rule|Moody Clause: Moody is banned
|rule|Evasion Moves Clause: Evasion moves are banned
|rule|Endless Battle Clause: Forcing endless battles is banned
|rule|HP Percentage Mod: HP is shown in percentages
|clearpoke
|poke|p1|Gallade, M|item
|poke|p1|Yanmega, M, shiny|item
|poke|p1|Froslass, F, shiny|item
|poke|p1|Donphan, F, shiny|item
|poke|p1|Florges-White, F, shiny|item
|poke|p1|Ambipom, F, shiny|item
|poke|p2|Aggron, F|item
|poke|p2|Meowstic, M|item
|poke|p2|Crawdaunt, F|item
|poke|p2|Forretress, M|item
|poke|p2|Chesnaught, M|item
|poke|p2|Hydreigon, F|item
|rule|Swagger Clause: Swagger is banned
|rule|Baton Pass Clause: Limit one Baton Passer, can't pass Spe and other stats simultaneously
|teampreview
|choice|team 6, team 2, team 3, team 4, team 5, team 1|team 3, team 2, team 1, team 4, team 5, team 6
|
|start
|switch|p1a: Harambæ|Ambipom, F, shiny|292\/292
|switch|p2a: Crawdaunt|Crawdaunt, F|267\/267
|turn|1
|c|☆10blast|dicks out btw
|choice|move fakeout|switch 4
|
|switch|p2a: Forretress|Forretress, M|353\/353
|move|p1a: Harambæ|Fake Out|p2a: Forretress
|-resisted|p2a: Forretress
|-damage|p2a: Forretress|323\/353
|-damage|p1a: Harambæ|244\/292|[from] item: Rocky Helmet|[of] p2a: Forretress
|
|upkeep
|turn|2
|choice|switch 4|move stealthrock
|
|switch|p1a: Daphnee|Donphan, F, shiny|384\/384
|move|p2a: Forretress|Stealth Rock|p1a: Daphnee
|-sidestart|p1: 10blast|move: Stealth Rock
|
|upkeep
|turn|3
|choice|move knockoff|move spikes
|
|move|p1a: Daphnee|Knock Off|p2a: Forretress
|-damage|p2a: Forretress|276\/353
|-damage|p1a: Daphnee|320\/384|[from] item: Rocky Helmet|[of] p2a: Forretress
|-enditem|p2a: Forretress|Rocky Helmet|[from] move: Knock Off|[of] p1a: Daphnee
|move|p2a: Forretress|Spikes|p1a: Daphnee
|-sidestart|p1: 10blast|Spikes
|
|-heal|p1a: Daphnee|344\/384|[from] item: Leftovers
|upkeep
|turn|4
|choice|move rapidspin|switch 4
|
|switch|p2a: Crawdaunt|Crawdaunt, F|267\/267
|move|p1a: Daphnee|Rapid Spin|p2a: Crawdaunt
|-damage|p2a: Crawdaunt|245\/267
|-sideend|p1: 10blast|Spikes|[from] move: Rapid Spin|[of] p1a: Daphnee
|-sideend|p1: 10blast|Stealth Rock|[from] move: Rapid Spin|[of] p1a: Daphnee
|
|-heal|p1a: Daphnee|368\/384|[from] item: Leftovers
|upkeep
|turn|5
|choice|move knockoff|move crabhammer
|
|move|p2a: Crawdaunt|Crabhammer|p1a: Daphnee
|-supereffective|p1a: Daphnee
|-damage|p1a: Daphnee|0 fnt
|-damage|p2a: Crawdaunt|219\/267|[from] item: Life Orb
|faint|p1a: Daphnee
|
|upkeep
|c|☆Elite Dangerous|where is your switch in for this monster
|c|☆Elite Dangerous|lel
|choice|switch 5|
|
|switch|p1a: Dat Good Good|Florges-White, F, shiny|360\/360
|turn|6
|choice|move moonblast|switch 2
|
|switch|p2a: Meowstic|Meowstic, M|289\/289
|move|p1a: Dat Good Good|Moonblast|p2a: Meowstic
|-damage|p2a: Meowstic|193\/289
|
|upkeep
|turn|7
|choice|move wish|move lightscreen
|
|move|p2a: Meowstic|Light Screen|p2a: Meowstic
|-sidestart|p2: Elite Dangerous|move: Light Screen
|move|p1a: Dat Good Good|Wish|p1a: Dat Good Good
|
|upkeep
|turn|8
|choice|move calmmind|move thunderwave
|
|move|p2a: Meowstic|Thunder Wave|p1a: Dat Good Good
|-status|p1a: Dat Good Good|par
|cant|p1a: Dat Good Good|par
|
|upkeep
|turn|9
|choice|move calmmind|move reflect
|
|move|p2a: Meowstic|Reflect|p2a: Meowstic
|-sidestart|p2: Elite Dangerous|Reflect
|move|p1a: Dat Good Good|Calm Mind|p1a: Dat Good Good
|-boost|p1a: Dat Good Good|spa|1
|-boost|p1a: Dat Good Good|spd|1
|
|upkeep
|turn|10
|choice|move aromatherapy|switch 3
|
|switch|p2a: Aggron|Aggron, F|281\/281
|move|p1a: Dat Good Good|Aromatherapy|p1a: Dat Good Good
|-activate|p1a: Dat Good Good|move: Aromatherapy
|-curestatus|p1a: Dat Good Good|par|[msg]
|
|upkeep
|turn|11
|choice|move moonblast|move autotomize mega
|
|detailschange|p2a: Aggron|Aggron-Mega, F
|-mega|p2a: Aggron|Aggron|Aggronite
|move|p2a: Aggron|Autotomize|p2a: Aggron
|-boost|p2a: Aggron|spe|2
|-start|p2a: Aggron|Autotomize
|move|p1a: Dat Good Good|Moonblast|p2a: Aggron
|-resisted|p2a: Aggron
|-damage|p2a: Aggron|229\/281
|
|upkeep
|turn|12
|choice|move moonblast|move honeclaws
|
|move|p2a: Aggron|Hone Claws|p2a: Aggron
|-boost|p2a: Aggron|atk|1
|-boost|p2a: Aggron|accuracy|1
|move|p1a: Dat Good Good|Moonblast|p2a: Aggron
|-resisted|p2a: Aggron
|-damage|p2a: Aggron|176\/281
|
|upkeep
|turn|13
|choice|move moonblast|move irontail
|
|move|p2a: Aggron|Iron Tail|p1a: Dat Good Good
|-supereffective|p1a: Dat Good Good
|-damage|p1a: Dat Good Good|0 fnt
|faint|p1a: Dat Good Good
|
|upkeep
|choice|switch 2|
|
|switch|p1a: Yamnigga|Yanmega, M, shiny|313\/313
|turn|14
|choice|move bugbuzz|move autotomize
|
|move|p1a: Yamnigga|Bug Buzz|p2a: Aggron
|-resisted|p2a: Aggron
|-damage|p2a: Aggron|95\/281
|move|p2a: Aggron|Autotomize|p2a: Aggron
|-boost|p2a: Aggron|spe|2
|-start|p2a: Aggron|Autotomize
|
|-sideend|p2: Elite Dangerous|move: Light Screen
|upkeep
|turn|15
|choice|move bugbuzz|move irontail
|
|move|p2a: Aggron|Iron Tail|p1a: Yamnigga
|-crit|p1a: Yamnigga
|-damage|p1a: Yamnigga|0 fnt
|faint|p1a: Yamnigga
|
|upkeep
|choice|switch 3|
|
|switch|p1a: Keiko|Froslass, F, shiny|282\/282
|turn|16
|choice|move shadowball|move irontail
|
|move|p2a: Aggron|Iron Tail|p1a: Keiko
|-supereffective|p1a: Keiko
|-enditem|p1a: Keiko|Focus Sash
|-damage|p1a: Keiko|1\/282
|move|p1a: Keiko|Shadow Ball|p2a: Aggron
|-damage|p2a: Aggron|0 fnt
|faint|p2a: Aggron
|
|-sideend|p2: Elite Dangerous|Reflect
|upkeep
|choice||switch 2
|
|switch|p2a: Crawdaunt|Crawdaunt, F|219\/267
|turn|17
|choice|move destinybond|move swordsdance
|
|move|p1a: Keiko|Destiny Bond|p1a: Keiko
|-singlemove|p1a: Keiko|Destiny Bond
|move|p2a: Crawdaunt|Swords Dance|p2a: Crawdaunt
|-boost|p2a: Crawdaunt|atk|2
|
|upkeep
|turn|18
|c|☆Elite Dangerous|ops
|choice|move destinybond|move swordsdance
|
|move|p1a: Keiko|Destiny Bond|p1a: Keiko
|-singlemove|p1a: Keiko|Destiny Bond
|move|p2a: Crawdaunt|Swords Dance|p2a: Crawdaunt
|-boost|p2a: Crawdaunt|atk|2
|
|upkeep
|turn|19
|choice|move destinybond|move swordsdance
|
|move|p1a: Keiko|Destiny Bond|p1a: Keiko
|-singlemove|p1a: Keiko|Destiny Bond
|move|p2a: Crawdaunt|Swords Dance|p2a: Crawdaunt
|-boost|p2a: Crawdaunt|atk|2
|
|upkeep
|turn|20
|c|☆Elite Dangerous|its lit
|choice|move destinybond|move swordsdance
|
|move|p1a: Keiko|Destiny Bond|p1a: Keiko
|-singlemove|p1a: Keiko|Destiny Bond
|move|p2a: Crawdaunt|Swords Dance|p2a: Crawdaunt
|-boost|p2a: Crawdaunt|atk|0
|
|upkeep
|turn|21
|choice|move destinybond|move swordsdance
|
|move|p1a: Keiko|Destiny Bond|p1a: Keiko
|-singlemove|p1a: Keiko|Destiny Bond
|move|p2a: Crawdaunt|Swords Dance|p2a: Crawdaunt
|-boost|p2a: Crawdaunt|atk|0
|
|upkeep
|turn|22
|choice|move shadowball|move swordsdance
|
|move|p1a: Keiko|Shadow Ball|p2a: Crawdaunt
|-resisted|p2a: Crawdaunt
|-damage|p2a: Crawdaunt|134\/267
|move|p2a: Crawdaunt|Swords Dance|p2a: Crawdaunt
|-boost|p2a: Crawdaunt|atk|0
|
|upkeep
|turn|23
|c|☆Elite Dangerous|c:
|choice|move destinybond|move aquajet
|
|move|p2a: Crawdaunt|Aqua Jet|p1a: Keiko
|-damage|p1a: Keiko|0 fnt
|-damage|p2a: Crawdaunt|108\/267|[from] item: Life Orb
|faint|p1a: Keiko
|
|upkeep
|choice|switch 4|
|
|switch|p1a: Harambæ|Ambipom, F, shiny|244\/292
|turn|24
|choice|move fakeout|switch 4
|
|switch|p2a: Forretress|Forretress, M|276\/353
|move|p1a: Harambæ|Fake Out|p2a: Forretress
|-resisted|p2a: Forretress
|-damage|p2a: Forretress|243\/353
|
|upkeep
|turn|25
|c|☆Elite Dangerous|lul
|choice|move uturn|move spikes
|
|move|p1a: Harambæ|U-turn|p2a: Forretress
|-resisted|p2a: Forretress
|-damage|p2a: Forretress|223\/353
|choice|switch 6|
|
|switch|p1a: Goku|Gallade, M|278\/278
|move|p2a: Forretress|Spikes|p1a: Goku
|-sidestart|p1: 10blast|Spikes
|
|upkeep
|turn|26
|choice|move drainpunch|move voltswitch
|
|move|p1a: Goku|Drain Punch|p2a: Forretress
|-damage|p2a: Forretress|141\/353
|move|p2a: Forretress|Volt Switch|p1a: Goku
|-damage|p1a: Goku|260\/278
|choice||switch 5
|
|switch|p2a: Chesnaught|Chesnaught, M|317\/317
|
|upkeep
|turn|27
|choice|move psychocut|move bellydrum
|
|move|p2a: Chesnaught|Belly Drum|p2a: Chesnaught
|-damage|p2a: Chesnaught|159\/317
|-setboost|p2a: Chesnaught|atk|6|[from] move: Belly Drum
|move|p1a: Goku|Psycho Cut|p2a: Chesnaught
|-supereffective|p2a: Chesnaught
|-damage|p2a: Chesnaught|0 fnt
|faint|p2a: Chesnaught
|
|upkeep
|c|☆Elite Dangerous|noooooooooooooooooooooooooooooooooooooooooooooooooooooooooooooooooooooooooooooooooooooooooooooooooooooooooooooooooooooooooooooooooo
|c|☆Elite Dangerous|you fiend
|choice||switch 3
|
|switch|p2a: Meowstic|Meowstic, M|193\/289
|turn|28
|choice|move shadowsneak|move reflect
|
|move|p2a: Meowstic|Reflect|p2a: Meowstic
|-sidestart|p2: Elite Dangerous|Reflect
|move|p1a: Goku|Shadow Sneak|p2a: Meowstic
|-supereffective|p2a: Meowstic
|-damage|p2a: Meowstic|143\/289
|
|upkeep
|turn|29
|choice|move shadowsneak|move thunderwave
|
|move|p2a: Meowstic|Thunder Wave|p1a: Goku
|-status|p1a: Goku|par
|move|p1a: Goku|Shadow Sneak|p2a: Meowstic
|-supereffective|p2a: Meowstic
|-damage|p2a: Meowstic|95\/289
|
|upkeep
|turn|30
|choice|move shadowsneak|switch 4
|
|switch|p2a: Crawdaunt|Crawdaunt, F|108\/267
|move|p1a: Goku|Shadow Sneak|p2a: Crawdaunt
|-resisted|p2a: Crawdaunt
|-damage|p2a: Crawdaunt|94\/267
|
|upkeep
|turn|31
|choice|move drainpunch|move knockoff
|
|move|p2a: Crawdaunt|Knock Off|p1a: Goku
|-damage|p1a: Goku|0 fnt
|-enditem|p1a: Goku|Assault Vest|[from] move: Knock Off|[of] p2a: Crawdaunt
|-damage|p2a: Crawdaunt|68\/267|[from] item: Life Orb
|faint|p1a: Goku
|
|upkeep
|c|☆Elite Dangerous|rekt
|choice|switch 6|
|
|switch|p1a: Harambæ|Ambipom, F, shiny|244\/292
|-damage|p1a: Harambæ|208\/292|[from] Spikes
|turn|32
|choice|move fakeout|switch 5
|
|switch|p2a: Forretress|Forretress, M|141\/353
|move|p1a: Harambæ|Fake Out|p2a: Forretress
|-resisted|p2a: Forretress
|-damage|p2a: Forretress|127\/353
|
|upkeep
|turn|33
|choice|move return|move voltswitch
|
|move|p1a: Harambæ|Return|p2a: Forretress
|-resisted|p2a: Forretress
|-damage|p2a: Forretress|103\/353
|move|p2a: Forretress|Volt Switch|p1a: Harambæ
|-damage|p1a: Harambæ|154\/292
|choice||switch 4
|
|switch|p2a: Meowstic|Meowstic, M|95\/289
|
|upkeep
|turn|34
|choice|move uturn|move thunderwave
|
|move|p2a: Meowstic|Thunder Wave|p1a: Harambæ
|-status|p1a: Harambæ|par
|move|p1a: Harambæ|U-turn|p2a: Meowstic
|-supereffective|p2a: Meowstic
|-damage|p2a: Meowstic|25\/289
|
|upkeep
|turn|35
|choice|move return|switch 4
|
|switch|p2a: Forretress|Forretress, M|103\/353
|move|p1a: Harambæ|Return|p2a: Forretress
|-resisted|p2a: Forretress
|-damage|p2a: Forretress|79\/353
|
|-sideend|p2: Elite Dangerous|Reflect
|upkeep
|turn|36
|choice|move return|move voltswitch
|
|move|p2a: Forretress|Volt Switch|p1a: Harambæ
|-damage|p1a: Harambæ|101\/292 par
|choice||switch 4
|
|switch|p2a: Meowstic|Meowstic, M|25\/289
|move|p1a: Harambæ|Return|p2a: Meowstic
|-damage|p2a: Meowstic|0 fnt
|faint|p2a: Meowstic
|
|upkeep
|choice||switch 4
|
|switch|p2a: Forretress|Forretress, M|79\/353
|turn|37
|choice|move return|move voltswitch
|
|move|p2a: Forretress|Volt Switch|p1a: Harambæ
|-damage|p1a: Harambæ|53\/292 par
|choice||switch 5
|
|switch|p2a: Crawdaunt|Crawdaunt, F|68\/267
|cant|p1a: Harambæ|par
|
|upkeep
|turn|38
|choice|move return|move swordsdance
|
|move|p2a: Crawdaunt|Swords Dance|p2a: Crawdaunt
|-boost|p2a: Crawdaunt|atk|2
|move|p1a: Harambæ|Return|p2a: Crawdaunt
|-damage|p2a: Crawdaunt|0 fnt
|faint|p2a: Crawdaunt
|
|upkeep
|choice||switch 5
|
|switch|p2a: Forretress|Forretress, M|79\/353
|turn|39
|choice|move return|move voltswitch
|
|move|p2a: Forretress|Volt Switch|p1a: Harambæ
|-damage|p1a: Harambæ|5\/292 par
|choice||switch 6
|
|switch|p2a: Hydreigon|Hydreigon, F|325\/325
|move|p1a: Harambæ|Return|p2a: Hydreigon
|-damage|p2a: Hydreigon|123\/325
|
|upkeep
|turn|40
|c|☆10blast|cheeky bastard
|choice|move return|switch 6
|
|switch|p2a: Forretress|Forretress, M|79\/353
|move|p1a: Harambæ|Return|p2a: Forretress
|-resisted|p2a: Forretress
|-damage|p2a: Forretress|24\/353
|
|upkeep
|turn|41
|choice|move return|move rapidspin
|
|move|p2a: Forretress|Rapid Spin|p1a: Harambæ
|-damage|p1a: Harambæ|0 fnt
|faint|p1a: Harambæ
|
|win|Elite Dangerous
|player|p1
|player|p2
|c|☆Elite Dangerous|kek
|raw|10blast's rating: 1260 &rarr; <strong>1237<\/strong><br \/>(-23 for losing)
|raw|Elite Dangerous's rating: 1291 &rarr; <strong>1314<\/strong><br \/>(+23 for winning)
|c|☆10blast|gg
|c|☆Elite Dangerous|dat spin
|c|☆Elite Dangerous|ggs
|l|Elite Dangerous</script>
</div>
<div class="battle-log battle-log-inline"><div class="inner"><div class="battle-options"></div><div class="inner"><div class="chat"><small>10blast joined.</small></div><div class="chat"><small>Elite Dangerous joined.</small></div><div class=""><small>Format:</small> <br><strong>UU</strong></div><div class="rated"><strong>Rated battle</strong></div><div class=""><small><em>Sleep Clause Mod:</em> Limit one foe put to sleep</small></div><div class=""><small><em>Species Clause:</em> Limit one of each Pokémon</small></div><div class=""><small><em>OHKO Clause:</em> OHKO moves are banned</small></div><div class=""><small><em>Moody Clause:</em> Moody is banned</small></div><div class=""><small><em>Evasion Moves Clause:</em> Evasion moves are banned</small></div><div class=""><small><em>Endless Battle Clause:</em> Forcing endless battles is banned</small></div><div class=""><small><em>HP Percentage Mod:</em> HP is shown in percentages</small></div><div class=""><small><em>Swagger Clause:</em> Swagger is banned</small></div><div class=""><small><em>Baton Pass Clause:</em> Limit one Baton Passer, can't pass Spe and other stats simultaneously</small></div><div class="chat battle-history"><strong>10blast's team:</strong> <em style="color:#445566;display:block;">Gallade / Yanmega / Froslass / Donphan / Florges-White / Ambipom</em></div><div class="chat battle-history"><strong>Elite Dangerous's team:</strong> <em style="color:#445566;display:block;">Aggron / Meowstic / Crawdaunt / Forretress / Chesnaught / Hydreigon</em></div><div class="spacer battle-history"><br></div><div class="battle-history">Battle started between 10blast and Elite Dangerous!<br></div><div class="spacer battle-history"><br></div><div class="battle-history">Go! Harambæ (<strong>Ambipom</strong>)!<br></div><div class="spacer battle-history"><br></div><div class="battle-history">Elite Dangerous sent out <strong>Crawdaunt</strong>!<br></div><div class="spacer battle-history"><br></div><h2 class="battle-history">Turn 1</h2><div class="chat chatmessage-10blast"><strong style="color:hsl(159,45%,45.164061557754884%)"><small>☆</small><span class="username" data-name="10blast">10blast</span>:</strong> <em>dicks out btw</em></div><div class="spacer battle-history"><br></div><div class="battle-history">Elite Dangerous withdrew Crawdaunt!<br></div><div class="battle-history">Elite Dangerous sent out <strong>Forretress</strong>!<br></div><div class="spacer battle-history"><br></div><div class="battle-history">Harambæ used <strong>Fake Out</strong>!<br></div><div class="battle-history"><small>It's not very effective...</small><br></div><div class="battle-history"><small>(The opposing Forretress lost <abbr title="−30/353">8.5%</abbr> of its health!)</small><br></div><div class="battle-history"><small>Harambæ was hurt by the Rocky Helmet!</small><br></div><div class="spacer battle-history"><br></div><h2 class="battle-history">Turn 2</h2><div class="spacer battle-history"><br></div><div class="battle-history">Harambæ, come back!<br></div><div class="battle-history">Go! Daphnee (<strong>Donphan</strong>)!<br></div><div class="spacer battle-history"><br></div><div class="battle-history">The opposing Forretress used <strong>Stealth Rock</strong>!<br></div><div class="battle-history"><small>Pointed stones float in the air around your team!</small><br></div><div class="spacer battle-history"><br></div><h2 class="battle-history">Turn 3</h2><div class="spacer battle-history"><br></div><div class="battle-history">Daphnee used <strong>Knock Off</strong>!<br></div><div class="battle-history"><small>(The opposing Forretress lost <abbr title="−47/353">13.3%</abbr> of its health!)</small><br></div><div class="battle-history"><small>Daphnee was hurt by the Rocky Helmet!</small><br></div><div class="battle-history"><small>Daphnee knocked off the opposing Forretress's Rocky Helmet!</small><br></div><div class="spacer battle-history"><br></div><div class="battle-history">The opposing Forretress used <strong>Spikes</strong>!<br></div><div class="battle-history"><small>Spikes were scattered on the ground all around your team!</small><br></div><div class="spacer battle-history"><br></div><div class="battle-history"><small>Daphnee restored a little HP using its Leftovers!</small><br></div><div class="spacer battle-history"><br></div><h2 class="battle-history">Turn 4</h2><div class="spacer battle-history"><br></div><div class="battle-history">Elite Dangerous withdrew Forretress!<br></div><div class="battle-history">Elite Dangerous sent out <strong>Crawdaunt</strong>!<br></div><div class="spacer battle-history"><br></div><div class="battle-history">Daphnee used <strong>Rapid Spin</strong>!<br></div><div class="battle-history"><small>(The opposing Crawdaunt lost <abbr title="−22/267">8.2%</abbr> of its health!)</small><br></div><div class="battle-history"><small>The spikes disappeared from the ground around your team!</small><br></div><div class="battle-history"><small>The pointed stones disappeared from around your team!</small><br></div><div class="spacer battle-history"><br></div><div class="battle-history"><small>Daphnee restored a little HP using its Leftovers!</small><br></div><div class="spacer battle-history"><br></div><h2 class="battle-history">Turn 5</h2><div class="spacer battle-history"><br></div><div class="battle-history">The opposing Crawdaunt used <strong>Crabhammer</strong>!<br></div><div class="battle-history"><small>It's super effective!</small><br></div><div class="battle-history"><small>(Daphnee lost <abbr title="−368/384">95.8%</abbr> of its health!)</small><br></div><div class="battle-history"><small>The opposing Crawdaunt lost some of its HP!</small><br></div><div class="spacer battle-history"><br></div><div class="battle-history">Daphnee fainted!<br></div><div class="chat chatmessage-elitedangerous"><strong style="color:hsl(111,59%,39%)"><small>☆</small><span class="username" data-name="Elite Dangerous">Elite Dangerous</span>:</strong> <em>where is your switch in for this monster</em></div><div class="chat chatmessage-elitedangerous"><strong style="color:hsl(111,59%,39%)"><small>☆</small><span class="username" data-name="Elite Dangerous">Elite Dangerous</span>:</strong> <em>lel</em></div><div class="spacer battle-history"><br></div><div class="battle-history">Go! Dat Good Good (<strong>Florges-White</strong>)!<br></div><div class="spacer battle-history"><br></div><h2 class="battle-history">Turn 6</h2><div class="spacer battle-history"><br></div><div class="battle-history">Elite Dangerous withdrew Crawdaunt!<br></div><div class="battle-history">Elite Dangerous sent out <strong>Meowstic</strong>!<br></div><div class="spacer battle-history"><br></div><div class="battle-history">Dat Good Good used <strong>Moonblast</strong>!<br></div><div class="battle-history"><small>(The opposing Meowstic lost <abbr title="−96/289">33.2%</abbr> of its health!)</small><br></div><div class="spacer battle-history"><br></div><h2 class="battle-history">Turn 7</h2><div class="spacer battle-history"><br></div><div class="battle-history">The opposing Meowstic used <strong>Light Screen</strong>!<br></div><div class="battle-history"><small>Light Screen made the opposing team stronger against special moves!</small><br></div><div class="spacer battle-history"><br></div><div class="battle-history">Dat Good Good used <strong>Wish</strong>!<br></div><div class="spacer battle-history"><br></div><h2 class="battle-history">Turn 8</h2><div class="spacer battle-history"><br></div><div class="battle-history">The opposing Meowstic used <strong>Thunder Wave</strong>!<br></div><div class="battle-history"><small>Dat Good Good is paralyzed! It may be unable to move!</small><br></div><div class="spacer battle-history"><br></div><div class="battle-history">Dat Good Good is paralyzed! It can't move!<br></div><div class="spacer battle-history"><br></div><h2 class="battle-history">Turn 9</h2><div class="spacer battle-history"><br></div><div class="battle-history">The opposing Meowstic used <strong>Reflect</strong>!<br></div><div class="battle-history"><small>Reflect made the opposing team stronger against physical moves!</small><br></div><div class="spacer battle-history"><br></div><div class="battle-history">Dat Good Good used <strong>Calm Mind</strong>!<br></div><div class="battle-history"><small>Dat Good Good's Special Attack rose!</small><br></div><div class="battle-history"><small>Dat Good Good's Special Defense rose!</small><br></div><div class="spacer battle-history"><br></div><h2 class="battle-history">Turn 10</h2><div class="spacer battle-history"><br></div><div class="battle-history">Elite Dangerous withdrew Meowstic!<br></div><div class="battle-history">Elite Dangerous sent out <strong>Aggron</strong>!<br></div><div class="spacer battle-history"><br></div><div class="battle-history">Dat Good Good used <strong>Aromatherapy</strong>!<br></div><div class="battle-history"><small>A soothing aroma wafted through the area!</small><br></div><div class="battle-history"><small>Dat Good Good was cured of paralysis.</small><br></div><div class="spacer battle-history"><br></div><h2 class="battle-history">Turn 11</h2><div class="spacer battle-history"><br></div><div class="battle-history"><small>The opposing Aggron's Aggronite is reacting to Elite Dangerous's Mega Bracelet!</small><br>The opposing Aggron has Mega Evolved into Mega Aggron!<br></div><div class="spacer battle-history"><br></div><div class="battle-history">The opposing Aggron used <strong>Autotomize</strong>!<br></div><div class="battle-history"><small>The opposing Aggron's Speed rose sharply!</small><br></div><div class="battle-history"><small>The opposing Aggron became nimble!</small><br></div><div class="spacer battle-history"><br></div><div class="battle-history">Dat Good Good used <strong>Moonblast</strong>!<br></div><div class="battle-history"><small>It's not very effective...</small><br></div><div class="battle-history"><small>(The opposing Aggron lost <abbr title="−52/281">18.5%</abbr> of its health!)</small><br></div><div class="spacer battle-history"><br></div><h2 class="battle-history">Turn 12</h2><div class="spacer battle-history"><br></div><div class="battle-history">The opposing Aggron used <strong>Hone Claws</strong>!<br></div><div class="battle-history"><small>The opposing Aggron's Attack rose!</small><br></div><div class="battle-history"><small>The opposing Aggron's accuracy rose!</small><br></div><div class="spacer battle-history"><br></div><div class="battle-history">Dat Good Good used <strong>Moonblast</strong>!<br></div><div class="battle-history"><small>It's not very effective...</small><br></div><div class="battle-history"><small>(The opposing Aggron lost <abbr title="−53/281">18.9%</abbr> of its health!)</small><br></div><div class="spacer battle-history"><br></div><h2 class="battle-history">Turn 13</h2><div class="spacer battle-history"><br></div><div class="battle-history">The opposing Aggron used <strong>Iron Tail</strong>!<br></div><div class="battle-history"><small>It's super effective!</small><br></div><div class="battle-history"><small>(Dat Good Good lost <abbr title="−360/360">100%</abbr> of its health!)</small><br></div><div class="spacer battle-history"><br></div><div class="battle-history">Dat Good Good fainted!<br></div><div class="spacer battle-history"><br></div><div class="battle-history">Go! Yamnigga (<strong>Yanmega</strong>)!<br></div><div class="spacer battle-history"><br></div><h2 class="battle-history">Turn 14</h2><div class="spacer battle-history"><br></div><div class="battle-history">Yamnigga used <strong>Bug Buzz</strong>!<br></div><div class="battle-history"><small>It's not very effective...</small><br></div><div class="battle-history"><small>(The opposing Aggron lost <abbr title="−81/281">28.8%</abbr> of its health!)</small><br></div><div class="spacer battle-history"><br></div><div class="battle-history">The opposing Aggron used <strong>Autotomize</strong>!<br></div><div class="battle-history"><small>The opposing Aggron's Speed rose sharply!</small><br></div><div class="battle-history"><small>The opposing Aggron became nimble!</small><br></div><div class="spacer battle-history"><br></div><div class="battle-history"><small>The opposing team's Light Screen wore off!</small><br></div><div class="spacer battle-history"><br></div><h2 class="battle-history">Turn 15</h2><div class="spacer battle-history"><br></div><div class="battle-history">The opposing Aggron used <strong>Iron Tail</strong>!<br></div><div class="battle-history"><small>A critical hit!</small><br></div><div class="battle-history"><small>(Yamnigga lost <abbr title="−313/313">100%</abbr> of its health!)</small><br></div><div class="spacer battle-history"><br></div><div class="battle-history">Yamnigga fainted!<br></div><div class="spacer battle-history"><br></div><div class="battle-history">Go! Keiko (<strong>Froslass</strong>)!<br></div><div class="spacer battle-history"><br></div><h2 class="battle-history">Turn 16</h2><div class="spacer battle-history"><br></div><div class="battle-history">The opposing Aggron used <strong>Iron Tail</strong>!<br></div><div class="battle-history"><small>It's super effective!</small><br></div><div class="battle-history"><small>Keiko hung on using its Focus Sash!</small><br></div><div class="battle-history"><small>(Keiko lost <abbr title="−281/282">99.6%</abbr> of its health!)</small><br></div><div class="spacer battle-history"><br></div><div class="battle-history">Keiko used <strong>Shadow Ball</strong>!<br></div><div class="battle-history"><small>(The opposing Aggron lost <abbr title="−95/281">33.8%</abbr> of its health!)</small><br></div><div class="spacer battle-history"><br></div><div class="battle-history">The opposing Aggron fainted!<br></div><div class="spacer battle-history"><br></div><div class="battle-history"><small>The opposing team's Reflect wore off!</small><br></div><div class="spacer battle-history"><br></div><div class="battle-history">Elite Dangerous sent out <strong>Crawdaunt</strong>!<br></div><div class="spacer battle-history"><br></div><h2 class="battle-history">Turn 17</h2><div class="spacer battle-history"><br></div><div class="battle-history">Keiko used <strong>Destiny Bond</strong>!<br></div><div class="battle-history">Keiko is hoping to take its attacker down with it!<br></div><div class="spacer battle-history"><br></div><div class="battle-history">The opposing Crawdaunt used <strong>Swords Dance</strong>!<br></div><div class="battle-history"><small>The opposing Crawdaunt's Attack rose sharply!</small><br></div><div class="spacer battle-history"><br></div><h2 class="battle-history">Turn 18</h2><div class="chat chatmessage-elitedangerous"><strong style="color:hsl(111,59%,39%)"><small>☆</small><span class="username" data-name="Elite Dangerous">Elite Dangerous</span>:</strong> <em>ops</em></div><div class="spacer battle-history"><br></div><div class="battle-history">Keiko used <strong>Destiny Bond</strong>!<br></div><div class="battle-history">Keiko is hoping to take its attacker down with it!<br></div><div class="spacer battle-history"><br></div><div class="battle-history">The opposing Crawdaunt used <strong>Swords Dance</strong>!<br></div><div class="battle-history"><small>The opposing Crawdaunt's Attack rose sharply!</small><br></div><div class="spacer battle-history"><br></div><h2 class="battle-history">Turn 19</h2><div class="spacer battle-history"><br></div><div class="battle-history">Keiko used <strong>Destiny Bond</strong>!<br></div><div class="battle-history">Keiko is hoping to take its attacker down with it!<br></div><div class="spacer battle-history"><br></div><div class="battle-history">The opposing Crawdaunt used <strong>Swords Dance</strong>!<br></div><div class="battle-history"><small>The opposing Crawdaunt's Attack rose sharply!</small><br></div><div class="spacer battle-history"><br></div><h2 class="battle-history">Turn 20</h2><div class="chat chatmessage-elitedangerous"><strong style="color:hsl(111,59%,39%)"><small>☆</small><span class="username" data-name="Elite Dangerous">Elite Dangerous</span>:</strong> <em>its lit</em></div><div class="spacer battle-history"><br></div><div class="battle-history">Keiko used <strong>Destiny Bond</strong>!<br></div><div class="battle-history">Keiko is hoping to take its attacker down with it!<br></div><div class="spacer battle-history"><br></div><div class="battle-history">The opposing Crawdaunt used <strong>Swords Dance</strong>!<br></div><div class="battle-history"><small>The opposing Crawdaunt's Attack won't go any higher!</small><br></div><div class="spacer battle-history"><br></div><h2 class="battle-history">Turn 21</h2><div class="spacer battle-history"><br></div><div class="battle-history">Keiko used <strong>Destiny Bond</strong>!<br></div><div class="battle-history">Keiko is hoping to take its attacker down with it!<br></div><div class="spacer battle-history"><br></div><div class="battle-history">The opposing Crawdaunt used <strong>Swords Dance</strong>!<br></div><div class="battle-history"><small>The opposing Crawdaunt's Attack won't go any higher!</small><br></div><div class="spacer battle-history"><br></div><h2 class="battle-history">Turn 22</h2><div class="spacer battle-history"><br></div><div class="battle-history">Keiko used <strong>Shadow Ball</strong>!<br></div><div class="battle-history"><small>It's not very effective...</small><br></div><div class="battle-history"><small>(The opposing Crawdaunt lost <abbr title="−85/267">31.8%</abbr> of its health!)</small><br></div><div class="spacer battle-history"><br></div><div class="battle-history">The opposing Crawdaunt used <strong>Swords Dance</strong>!<br></div><div class="battle-history"><small>The opposing Crawdaunt's Attack won't go any higher!</small><br></div><div class="spacer battle-history"><br></div><h2 class="battle-history">Turn 23</h2><div class="chat chatmessage-elitedangerous"><strong style="color:hsl(111,59%,39%)"><small>☆</small><span class="username" data-name="Elite Dangerous">Elite Dangerous</span>:</strong> <em>c:</em></div><div class="spacer battle-history"><br></div><div class="battle-history">The opposing Crawdaunt used <strong>Aqua Jet</strong>!<br></div><div class="battle-history"><small>(Keiko lost <abbr title="−1/282">0.4%</abbr> of its health!)</small><br></div><div class="battle-history"><small>The opposing Crawdaunt lost some of its HP!</small><br></div><div class="spacer battle-history"><br></div><div class="battle-history">Keiko fainted!<br></div><div class="spacer battle-history"><br></div><div class="battle-history">Go! Harambæ (<strong>Ambipom</strong>)!<br></div><div class="spacer battle-history"><br></div><h2 class="battle-history">Turn 24</h2><div class="spacer battle-history"><br></div><div class="battle-history">Elite Dangerous withdrew Crawdaunt!<br></div><div class="battle-history">Elite Dangerous sent out <strong>Forretress</strong>!<br></div><div class="spacer battle-history"><br></div><div class="battle-history">Harambæ used <strong>Fake Out</strong>!<br></div><div class="battle-history"><small>It's not very effective...</small><br></div><div class="battle-history"><small>(The opposing Forretress lost <abbr title="−33/353">9.3%</abbr> of its health!)</small><br></div><div class="spacer battle-history"><br></div><h2 class="battle-history">Turn 25</h2><div class="chat chatmessage-elitedangerous"><strong style="color:hsl(111,59%,39%)"><small>☆</small><span class="username" data-name="Elite Dangerous">Elite Dangerous</span>:</strong> <em>lul</em></div><div class="spacer battle-history"><br></div><div class="battle-history">Harambæ used <strong>U-turn</strong>!<br></div><div class="battle-history"><small>It's not very effective...</small><br></div><div class="battle-history"><small>(The opposing Forretress lost <abbr title="−20/353">5.7%</abbr> of its health!)</small><br></div><div class="spacer battle-history"><br></div><div class="battle-history">Harambæ went back to 10blast!<br></div><div class="battle-history">Go! Goku (<strong>Gallade</strong>)!<br></div><div class="spacer battle-history"><br></div><div class="battle-history">The opposing Forretress used <strong>Spikes</strong>!<br></div><div class="battle-history"><small>Spikes were scattered on the ground all around your team!</small><br></div><div class="spacer battle-history"><br></div><h2 class="battle-history">Turn 26</h2><div class="spacer battle-history"><br></div><div class="battle-history">Goku used <strong>Drain Punch</strong>!<br></div><div class="battle-history"><small>(The opposing Forretress lost <abbr title="−82/353">23.2%</abbr> of its health!)</small><br></div><div class="spacer battle-history"><br></div><div class="battle-history">The opposing Forretress used <strong>Volt Switch</strong>!<br></div><div class="battle-history"><small>(Goku lost <abbr title="−18/278">6.5%</abbr> of its health!)</small><br></div><div class="spacer battle-history"><br></div><div class="battle-history">The opposing Forretress went back to Elite Dangerous!<br></div><div class="battle-history">Elite Dangerous sent out <strong>Chesnaught</strong>!<br></div><div class="spacer battle-history"><br></div><h2 class="battle-history">Turn 27</h2><div class="spacer battle-history"><br></div><div class="battle-history">The opposing Chesnaught used <strong>Belly Drum</strong>!<br></div><div class="battle-history"><small>(The opposing Chesnaught lost <abbr title="−158/317">49.8%</abbr> of its health!)</small><br></div><div class="battle-history"><small>The opposing Chesnaught cut its own HP and maximized its Attack!</small><br></div><div class="spacer battle-history"><br></div><div class="battle-history">Goku used <strong>Psycho Cut</strong>!<br></div><div class="battle-history"><small>It's super effective!</small><br></div><div class="battle-history"><small>(The opposing Chesnaught lost <abbr title="−159/317">50.2%</abbr> of its health!)</small><br></div><div class="spacer battle-history"><br></div><div class="battle-history">The opposing Chesnaught fainted!<br></div><div class="chat chatmessage-elitedangerous"><strong style="color:hsl(111,59%,39%)"><small>☆</small><span class="username" data-name="Elite Dangerous">Elite Dangerous</span>:</strong> <em>noooooooooooooooooooooooooooooooooooooooooooooooooooooooooooooooooooooooooooooooooooooooooooooooooooooooooooooooooooooooooooooooooo</em></div><div class="chat chatmessage-elitedangerous"><strong style="color:hsl(111,59%,39%)"><small>☆</small><span class="username" data-name="Elite Dangerous">Elite Dangerous</span>:</strong> <em>you fiend</em></div><div class="spacer battle-history"><br></div><div class="battle-history">Elite Dangerous sent out <strong>Meowstic</strong>!<br></div><div class="spacer battle-history"><br></div><h2 class="battle-history">Turn 28</h2><div class="spacer battle-history"><br></div><div class="battle-history">The opposing Meowstic used <strong>Reflect</strong>!<br></div><div class="battle-history"><small>Reflect made the opposing team stronger against physical moves!</small><br></div><div class="spacer battle-history"><br></div><div class="battle-history">Goku used <strong>Shadow Sneak</strong>!<br></div><div class="battle-history"><small>It's super effective!</small><br></div><div class="battle-history"><small>(The opposing Meowstic lost <abbr title="−50/289">17.3%</abbr> of its health!)</small><br></div><div class="spacer battle-history"><br></div><h2 class="battle-history">Turn 29</h2><div class="spacer battle-history"><br></div><div class="battle-history">The opposing Meowstic used <strong>Thunder Wave</strong>!<br></div><div class="battle-history"><small>Goku is paralyzed! It may be unable to move!</small><br></div><div class="spacer battle-history"><br></div><div class="battle-history">Goku used <strong>Shadow Sneak</strong>!<br></div><div class="battle-history"><small>It's super effective!</small><br></div><div class="battle-history"><small>(The opposing Meowstic lost <abbr title="−48/289">16.6%</abbr> of its health!)</small><br></div><div class="spacer battle-history"><br></div><h2 class="battle-history">Turn 30</h2><div class="spacer battle-history"><br></div><div class="battle-history">Elite Dangerous withdrew Meowstic!<br></div><div class="battle-history">Elite Dangerous sent out <strong>Crawdaunt</strong>!<br></div><div class="spacer battle-history"><br></div><div class="battle-history">Goku used <strong>Shadow Sneak</strong>!<br></div><div class="battle-history"><small>It's not very effective...</small><br></div><div class="battle-history"><small>(The opposing Crawdaunt lost <abbr title="−14/267">5.2%</abbr> of its health!)</small><br></div><div class="spacer battle-history"><br></div><h2 class="battle-history">Turn 31</h2><div class="spacer battle-history"><br></div><div class="battle-history">The opposing Crawdaunt used <strong>Knock Off</strong>!<br></div><div class="battle-history"><small>(Goku lost <abbr title="−260/278">93.5%</abbr> of its health!)</small><br></div><div class="battle-history"><small>The opposing Crawdaunt knocked off Goku's Assault Vest!</small><br></div><div class="battle-history"><small>The opposing Crawdaunt lost some of its HP!</small><br></div><div class="spacer battle-history"><br></div><div class="battle-history">Goku fainted!<br></div><div class="chat chatmessage-elitedangerous"><strong style="color:hsl(111,59%,39%)"><small>☆</small><span class="username" data-name="Elite Dangerous">Elite Dangerous</span>:</strong> <em>rekt</em></div><div class="spacer battle-history"><br></div><div class="battle-history">Go! Harambæ (<strong>Ambipom</strong>)!<br></div><div class="battle-history"><small>Harambæ is hurt by the spikes!</small><br></div><div class="spacer battle-history"><br></div><h2 class="battle-history">Turn 32</h2><div class="spacer battle-history"><br></div><div class="battle-history">Elite Dangerous withdrew Crawdaunt!<br></div><div class="battle-history">Elite Dangerous sent out <strong>Forretress</strong>!<br></div><div class="spacer battle-history"><br></div><div class="battle-history">Harambæ used <strong>Fake Out</strong>!<br></div><div class="battle-history"><small>It's not very effective...</small><br></div><div class="battle-history"><small>(The opposing Forretress lost <abbr title="−14/353">4.0%</abbr> of its health!)</small><br></div><div class="spacer battle-history"><br></div><h2 class="battle-history">Turn 33</h2><div class="spacer battle-history"><br></div><div class="battle-history">Harambæ used <strong>Return</strong>!<br></div><div class="battle-history"><small>It's not very effective...</small><br></div><div class="battle-history"><small>(The opposing Forretress lost <abbr title="−24/353">6.8%</abbr> of its health!)</small><br></div><div class="spacer battle-history"><br></div><div class="battle-history">The opposing Forretress used <strong>Volt Switch</strong>!<br></div><div class="battle-history"><small>(Harambæ lost <abbr title="−54/292">18.5%</abbr> of its health!)</small><br></div><div class="spacer battle-history"><br></div><div class="battle-history">The opposing Forretress went back to Elite Dangerous!<br></div><div class="battle-history">Elite Dangerous sent out <strong>Meowstic</strong>!<br></div><div class="spacer battle-history"><br></div><h2 class="battle-history">Turn 34</h2><div class="spacer battle-history"><br></div><div class="battle-history">The opposing Meowstic used <strong>Thunder Wave</strong>!<br></div><div class="battle-history"><small>Harambæ is paralyzed! It may be unable to move!</small><br></div><div class="spacer battle-history"><br></div><div class="battle-history">Harambæ used <strong>U-turn</strong>!<br></div><div class="battle-history"><small>It's super effective!</small><br></div><div class="battle-history"><small>(The opposing Meowstic lost <abbr title="−70/289">24.2%</abbr> of its health!)</small><br></div><div class="spacer battle-history"><br></div><h2 class="battle-history">Turn 35</h2><div class="spacer battle-history"><br></div><div class="battle-history">Elite Dangerous withdrew Meowstic!<br></div><div class="battle-history">Elite Dangerous sent out <strong>Forretress</strong>!<br></div><div class="spacer battle-history"><br></div><div class="battle-history">Harambæ used <strong>Return</strong>!<br></div><div class="battle-history"><small>It's not very effective...</small><br></div><div class="battle-history"><small>(The opposing Forretress lost <abbr title="−24/353">6.8%</abbr> of its health!)</small><br></div><div class="spacer battle-history"><br></div><div class="battle-history"><small>The opposing team's Reflect wore off!</small><br></div><div class="spacer battle-history"><br></div><h2 class="battle-history">Turn 36</h2><div class="spacer battle-history"><br></div><div class="battle-history">The opposing Forretress used <strong>Volt Switch</strong>!<br></div><div class="battle-history"><small>(Harambæ lost <abbr title="−53/292">18.2%</abbr> of its health!)</small><br></div><div class="spacer battle-history"><br></div><div class="battle-history">The opposing Forretress went back to Elite Dangerous!<br></div><div class="battle-history">Elite Dangerous sent out <strong>Meowstic</strong>!<br></div><div class="spacer battle-history"><br></div><div class="battle-history">Harambæ used <strong>Return</strong>!<br></div><div class="battle-history"><small>(The opposing Meowstic lost <abbr title="−25/289">8.7%</abbr> of its health!)</small><br></div><div class="spacer battle-history"><br></div><div class="battle-history">The opposing Meowstic fainted!<br></div><div class="spacer battle-history"><br></div><div class="battle-history">Elite Dangerous sent out <strong>Forretress</strong>!<br></div><div class="spacer battle-history"><br></div><h2 class="battle-history">Turn 37</h2><div class="spacer battle-history"><br></div><div class="battle-history">The opposing Forretress used <strong>Volt Switch</strong>!<br></div><div class="battle-history"><small>(Harambæ lost <abbr title="−48/292">16.4%</abbr> of its health!)</small><br></div><div class="spacer battle-history"><br></div><div class="battle-history">The opposing Forretress went back to Elite Dangerous!<br></div><div class="battle-history">Elite Dangerous sent out <strong>Crawdaunt</strong>!<br></div><div class="spacer battle-history"><br></div><div class="battle-history">Harambæ is paralyzed! It can't move!<br></div><div class="spacer battle-history"><br></div><h2 class="battle-history">Turn 38</h2><div class="spacer battle-history"><br></div><div class="battle-history">The opposing Crawdaunt used <strong>Swords Dance</strong>!<br></div><div class="battle-history"><small>The opposing Crawdaunt's Attack rose sharply!</small><br></div><div class="spacer battle-history"><br></div><div class="battle-history">Harambæ used <strong>Return</strong>!<br></div><div class="battle-history"><small>(The opposing Crawdaunt lost <abbr title="−68/267">25.5%</abbr> of its health!)</small><br></div><div class="spacer battle-history"><br></div><div class="battle-history">The opposing Crawdaunt fainted!<br></div><div class="spacer battle-history"><br></div><div class="battle-history">Elite Dangerous sent out <strong>Forretress</strong>!<br></div><div class="spacer battle-history"><br></div><h2 class="battle-history">Turn 39</h2><div class="spacer battle-history"><br></div><div class="battle-history">The opposing Forretress used <strong>Volt Switch</strong>!<br></div><div class="battle-history"><small>(Harambæ lost <abbr title="−48/292">16.4%</abbr> of its health!)</small><br></div><div class="spacer battle-history"><br></div><div class="battle-history">The opposing Forretress went back to Elite Dangerous!<br></div><div class="battle-history">Elite Dangerous sent out <strong>Hydreigon</strong>!<br></div><div class="spacer battle-history"><br></div><div class="battle-history">Harambæ used <strong>Return</strong>!<br></div><div class="battle-history"><small>(The opposing Hydreigon lost <abbr title="−202/325">62.2%</abbr> of its health!)</small><br></div><div class="spacer battle-history"><br></div><h2 class="battle-history">Turn 40</h2><div class="chat chatmessage-10blast"><strong style="color:hsl(159,45%,45.164061557754884%)"><small>☆</small><span class="username" data-name="10blast">10blast</span>:</strong> <em>cheeky bastard</em></div><div class="spacer battle-history"><br></div><div class="battle-history">Elite Dangerous withdrew Hydreigon!<br></div><div class="battle-history">Elite Dangerous sent out <strong>Forretress</strong>!<br></div><div class="spacer battle-history"><br></div><div class="battle-history">Harambæ used <strong>Return</strong>!<br></div><div class="battle-history"><small>It's not very effective...</small><br></div><div class="battle-history"><small>(The opposing Forretress lost <abbr title="−55/353">15.6%</abbr> of its health!)</small><br></div><div class="spacer battle-history"><br></div><h2 class="battle-history">Turn 41</h2><div class="spacer battle-history"><br></div><div class="battle-history">The opposing Forretress used <strong>Rapid Spin</strong>!<br></div><div class="battle-history"><small>(Harambæ lost <abbr title="−5/292">1.7%</abbr> of its health!)</small><br></div><div class="spacer battle-history"><br></div><div class="battle-history">Harambæ fainted!<br></div><div class="spacer battle-history"><br></div><div class="battle-history"><strong>Elite Dangerous</strong> won the battle!<br></div><div class="chat chatmessage-elitedangerous"><strong style="color:hsl(111,59%,39%)"><small>☆</small><span class="username" data-name="Elite Dangerous">Elite Dangerous</span>:</strong> <em>kek</em></div><div class="chat">10blast's rating: 1260 → <strong>1237</strong><br>(-23 for losing)</div><div class="chat">Elite Dangerous's rating: 1291 → <strong>1314</strong><br>(+23 for winning)</div><div class="chat chatmessage-10blast"><strong style="color:hsl(159,45%,45.164061557754884%)"><small>☆</small><span class="username" data-name="10blast">10blast</span>:</strong> <em>gg</em></div><div class="chat chatmessage-elitedangerous"><strong style="color:hsl(111,59%,39%)"><small>☆</small><span class="username" data-name="Elite Dangerous">Elite Dangerous</span>:</strong> <em>dat spin</em></div><div class="chat chatmessage-elitedangerous"><strong style="color:hsl(111,59%,39%)"><small>☆</small><span class="username" data-name="Elite Dangerous">Elite Dangerous</span>:</strong> <em>ggs</em></div><div class="chat"><small>Elite Dangerous left.</small></div></div><div class="inner-preempt"></div></div></div>
</div>
<script>
let daily = Math.floor(Date.now()/1000/60/60/24);document.write('<script src="https://play.pokemonshowdown.com/js/replay-embed.js?version'+daily+'"></'+'script>');
</script>
