<!DOCTYPE html>
<meta charset="utf-8" />
<!-- version 1 -->
<title>UU replay: the Pyroarheart vs. Parnstar</title>
<style>
html,body {font-family:Verdana, sans-serif;font-size:10pt;margin:0;padding:0;}body{padding:12px 0;} .battle-log {font-family:Verdana, sans-serif;font-size:10pt;} .battle-log-inline {border:1px solid #AAAAAA;background:#EEF2F5;color:black;max-width:640px;margin:0 auto 80px;padding-bottom:5px;} .battle-log .inner {padding:4px 8px 0px 8px;} .battle-log .inner-preempt {padding:0 8px 4px 8px;} .battle-log .inner-after {margin-top:0.5em;} .battle-log h2 {margin:0.5em -8px;padding:4px 8px;border:1px solid #AAAAAA;background:#E0E7EA;border-left:0;border-right:0;font-family:Verdana, sans-serif;font-size:13pt;} .battle-log .chat {vertical-align:middle;padding:3px 0 3px 0;font-size:8pt;} .battle-log .chat strong {color:#40576A;} .battle-log .chat em {padding:1px 4px 1px 3px;color:#000000;font-style:normal;} .chat.mine {background:rgba(0,0,0,0.05);margin-left:-8px;margin-right:-8px;padding-left:8px;padding-right:8px;} .spoiler {color:#BBBBBB;background:#BBBBBB;padding:0px 3px;} .spoiler:hover, .spoiler:active, .spoiler-shown {color:#000000;background:#E2E2E2;padding:0px 3px;} .spoiler a {color:#BBBBBB;} .spoiler:hover a, .spoiler:active a, .spoiler-shown a {color:#2288CC;} .chat code, .chat .spoiler:hover code, .chat .spoiler:active code, .chat .spoiler-shown code {border:1px solid #C0C0C0;background:#EEEEEE;color:black;padding:0 2px;} .chat .spoiler code {border:1px solid #CCCCCC;background:#CCCCCC;color:#CCCCCC;} .battle-log .rated {padding:3px 4px;} .battle-log .rated strong {color:white;background:#89A;padding:1px 4px;border-radius:4px;} .spacer {margin-top:0.5em;} .message-announce {background:#6688AA;color:white;padding:1px 4px 2px;} .message-announce a, .broadcast-green a, .broadcast-blue a, .broadcast-red a {color:#DDEEFF;} .broadcast-green {background-color:#559955;color:white;padding:2px 4px;} .broadcast-blue {background-color:#6688AA;color:white;padding:2px 4px;} .infobox {border:1px solid #6688AA;padding:2px 4px;} .infobox-limited {max-height:200px;overflow:auto;overflow-x:hidden;} .broadcast-red {background-color:#AA5544;color:white;padding:2px 4px;} .message-learn-canlearn {font-weight:bold;color:#228822;text-decoration:underline;} .message-learn-cannotlearn {font-weight:bold;color:#CC2222;text-decoration:underline;} .message-effect-weak {font-weight:bold;color:#CC2222;} .message-effect-resist {font-weight:bold;color:#6688AA;} .message-effect-immune {font-weight:bold;color:#666666;} .message-learn-list {margin-top:0;margin-bottom:0;} .message-throttle-notice, .message-error {color:#992222;} .message-overflow, .chat small.message-overflow {font-size:0pt;} .message-overflow::before {font-size:9pt;content:'...';} .subtle {color:#3A4A66;}
</style>
<div class="wrapper replay-wrapper" style="max-width:1180px;margin:0 auto">
<input type="hidden" name="replayid" value="uu-561984801" />
<div class="battle"></div><div class="battle-log"></div><div class="replay-controls"></div><div class="replay-controls-2"></div>
<h1 style="font-weight:normal;text-align:center"><strong>UU</strong><br /><a href="http://pokemonshowdown.com/users/thepyroarheart" class="subtle" target="_blank">the Pyroarheart</a> vs. <a href="http://pokemonshowdown.com/users/parnstar" class="subtle" target="_blank">Parnstar</a></h1>
<script type="text/plain" class="battle-log-data">|j|the Pyroarheart
|j|Parnstar
|player|p1|the Pyroarheart|49
|player|p2|Parnstar|21
|gametype|singles
|gen|6
|tier|UU
|rated
|seed|63355,18593,25056,10735
|rule|Sleep Clause Mod: Limit one foe put to sleep
|rule|Species Clause: Limit one of each Pokémon
|rule|OHKO Clause: OHKO moves are banned
|rule|Moody Clause: Moody is banned
|rule|Evasion Moves Clause: Evasion moves are banned
|rule|Endless Battle Clause: Forcing endless battles is banned
|rule|HP Percentage Mod: HP is shown in percentages
|clearpoke
|poke|p1|Feraligatr, M|item
|poke|p1|Ampharos, F|item
|poke|p1|Arcanine, M|item
|poke|p1|Espeon, F|item
|poke|p1|Donphan, M|item
|poke|p1|Hitmonchan, M|item
|poke|p2|Mamoswine, F|item
|poke|p2|Toxicroak, F|item
|poke|p2|Whimsicott, M|item
|poke|p2|Heliolisk, F|item
|poke|p2|Donphan, M|item
|poke|p2|Crawdaunt, F|item
|rule|Swagger Clause: Swagger is banned
|rule|Baton Pass Clause: Limit one Baton Passer, can't pass Spe and other stats simultaneously
|teampreview
|choice|team 6, team 2, team 3, team 4, team 5, team 1|team 6, team 2, team 3, team 4, team 5, team 1
|
|start
|switch|p1a: Rocky|Hitmonchan, M|303\/303
|switch|p2a: NIpple pinochle|Crawdaunt, F|267\/267
|turn|1
|choice|move poweruppunch|move dragondance
|
|move|p2a: NIpple pinochle|Dragon Dance|p2a: NIpple pinochle
|-boost|p2a: NIpple pinochle|atk|1
|-boost|p2a: NIpple pinochle|spe|1
|move|p1a: Rocky|Power-Up Punch|p2a: NIpple pinochle
|-supereffective|p2a: NIpple pinochle
|-damage|p2a: NIpple pinochle|21\/267
|-boost|p1a: Rocky|atk|1
|
|upkeep
|turn|2
|choice|move machpunch|switch 3
|
|switch|p2a: Prick|Whimsicott, M|261\/261
|move|p1a: Rocky|Mach Punch|p2a: Prick
|-resisted|p2a: Prick
|-damage|p2a: Prick|172\/261
|
|upkeep
|turn|3
|choice|move icepunch|move moonblast
|
|move|p2a: Prick|Moonblast|p1a: Rocky
|-supereffective|p1a: Rocky
|-damage|p1a: Rocky|33\/303
|-unboost|p1a: Rocky|spa|1
|move|p1a: Rocky|Ice Punch|p2a: Prick
|-supereffective|p2a: Prick
|-damage|p2a: Prick|0 fnt
|faint|p2a: Prick
|
|upkeep
|choice||switch 6
|
|switch|p2a: Whoopie goldust|Mamoswine, F|361\/361
|turn|4
|choice|move drainpunch|move iceshard
|
|move|p2a: Whoopie goldust|Ice Shard|p1a: Rocky
|-damage|p1a: Rocky|0 fnt
|faint|p1a: Rocky
|
|upkeep
|choice|switch 3|
|
|switch|p1a: Trooper|Arcanine, M|384\/384
|-ability|p1a: Trooper|Intimidate|boost
|-unboost|p2a: Whoopie goldust|atk|1
|turn|5
|choice|move flareblitz|move earthquake
|
|move|p2a: Whoopie goldust|Earthquake|p1a: Trooper
|-supereffective|p1a: Trooper
|-damage|p1a: Trooper|64\/384
|move|p1a: Trooper|Flare Blitz|p2a: Whoopie goldust
|-supereffective|p2a: Whoopie goldust
|-damage|p2a: Whoopie goldust|103\/361
|-damage|p1a: Trooper|0 fnt|[from] recoil|[of] p2a: Whoopie goldust
|faint|p1a: Trooper
|
|upkeep
|choice|switch 5|
|
|switch|p1a: Donny|Donphan, M|383\/383
|turn|6
|choice|move earthquake|switch 3
|
|switch|p2a: NIpple pinochle|Crawdaunt, F|21\/267
|move|p1a: Donny|Earthquake|p2a: NIpple pinochle
|-damage|p2a: NIpple pinochle|0 fnt
|faint|p2a: NIpple pinochle
|
|upkeep
|choice||switch 4
|
|switch|p2a: Scared|Heliolisk, F|265\/265
|-item|p2a: Scared|Air Balloon
|turn|7
|choice|move earthquake|move grassknot
|
|move|p2a: Scared|Grass Knot|p1a: Donny
|-supereffective|p1a: Donny
|-damage|p1a: Donny|181\/383
|move|p1a: Donny|Earthquake|p2a: Scared
|-immune|p2a: Scared|[msg]
|
|upkeep
|turn|8
|choice|move iceshard|move surf
|
|move|p1a: Donny|Ice Shard|p2a: Scared
|-damage|p2a: Scared|174\/265
|-enditem|p2a: Scared|Air Balloon
|move|p2a: Scared|Surf|p1a: Donny
|-supereffective|p1a: Donny
|-damage|p1a: Donny|0 fnt
|faint|p1a: Donny
|
|upkeep
|choice|switch 4|
|
|switch|p1a: Sunny|Espeon, F|271\/271
|turn|9
|choice|move calmmind|move hypervoice
|
|move|p1a: Sunny|Calm Mind|p1a: Sunny
|-boost|p1a: Sunny|spa|1
|-boost|p1a: Sunny|spd|1
|move|p2a: Scared|Hyper Voice|p1a: Sunny
|-damage|p1a: Sunny|169\/271
|
|-heal|p1a: Sunny|185\/271|[from] item: Leftovers
|upkeep
|turn|10
|choice|move calmmind|move voltswitch
|
|move|p1a: Sunny|Calm Mind|p1a: Sunny
|-boost|p1a: Sunny|spa|1
|-boost|p1a: Sunny|spd|1
|move|p2a: Scared|Volt Switch|p1a: Sunny
|-damage|p1a: Sunny|125\/271
|choice||switch 5
|
|switch|p2a: Mustard pass|Donphan, M|353\/353
|
|-heal|p1a: Sunny|141\/271|[from] item: Leftovers
|upkeep
|turn|11
|choice|move psyshock|move earthquake
|
|move|p1a: Sunny|Psyshock|p2a: Mustard pass
|-crit|p2a: Mustard pass
|-damage|p2a: Mustard pass|83\/353
|move|p2a: Mustard pass|Earthquake|p1a: Sunny
|-damage|p1a: Sunny|0 fnt
|faint|p1a: Sunny
|
|upkeep
|choice|switch 6|
|
|switch|p1a: Louis|Feraligatr, M|311\/311
|turn|12
|choice|move dragondance|move earthquake
|-enditem|p2a: Mustard pass|Custap Berry|[eat]
|-activate|p2a: Mustard pass|item: Custap Berry
|
|move|p2a: Mustard pass|Earthquake|p1a: Louis
|-damage|p1a: Louis|146\/311
|move|p1a: Louis|Dragon Dance|p1a: Louis
|-boost|p1a: Louis|atk|1
|-boost|p1a: Louis|spe|1
|
|upkeep
|turn|13
|choice|move waterfall|switch 5
|
|switch|p2a: Scared|Heliolisk, F|174\/265
|move|p1a: Louis|Waterfall|p2a: Scared
|-heal|p2a: Scared|240\/265|[from] ability: Dry Skin|[of] p1a: Louis
|
|upkeep
|turn|14
|choice|move crunch|move voltswitch
|
|move|p1a: Louis|Crunch|p2a: Scared
|-damage|p2a: Scared|0 fnt
|faint|p2a: Scared
|
|upkeep
|choice||switch 2
|
|switch|p2a: Mandingo|Toxicroak, F|308\/308
|turn|15
|choice|move waterfall|move suckerpunch
|
|move|p2a: Mandingo|Sucker Punch|p1a: Louis
|-damage|p1a: Louis|32\/311
|-damage|p2a: Mandingo|278\/308|[from] item: Life Orb
|move|p1a: Louis|Waterfall|p2a: Mandingo
|-heal|p2a: Mandingo|308\/308|[from] ability: Dry Skin|[of] p1a: Louis
|
|upkeep
|turn|16
|j|ftuyuukhhu
|choice|move dragondance|move suckerpunch
|
|move|p2a: Mandingo|Sucker Punch|p1a: Louis|[still]
|-fail|p2a: Mandingo
|move|p1a: Louis|Dragon Dance|p1a: Louis
|-boost|p1a: Louis|atk|1
|-boost|p1a: Louis|spe|1
|
|upkeep
|turn|17
|choice|move crunch|move suckerpunch
|
|move|p2a: Mandingo|Sucker Punch|p1a: Louis
|-damage|p1a: Louis|0 fnt
|-damage|p2a: Mandingo|278\/308|[from] item: Life Orb
|faint|p1a: Louis
|
|upkeep
|choice|switch 2|
|
|switch|p1a: Shepherd|Ampharos, F|383\/383
|turn|18
|choice|move thunderbolt mega|move gunkshot
|
|detailschange|p1a: Shepherd|Ampharos-Mega, F
|-mega|p1a: Shepherd|Ampharos|Ampharosite
|-ability|p1a: Shepherd|Mold Breaker
|move|p2a: Mandingo|Gunk Shot|p1a: Shepherd
|-damage|p1a: Shepherd|130\/383
|-damage|p2a: Mandingo|248\/308|[from] item: Life Orb
|move|p1a: Shepherd|Thunderbolt|p2a: Mandingo
|-damage|p2a: Mandingo|0 fnt
|faint|p2a: Mandingo
|
|upkeep
|choice||switch 3
|
|switch|p2a: Whoopie goldust|Mamoswine, F|103\/361
|turn|19
|choice|move dragonpulse|move earthquake
|
|move|p2a: Whoopie goldust|Earthquake|p1a: Shepherd
|-supereffective|p1a: Shepherd
|-damage|p1a: Shepherd|0 fnt
|faint|p1a: Shepherd
|
|win|Parnstar
|raw|the Pyroarheart's rating: 1218 &rarr; <strong>1203<\/strong><br \/>(-15 for losing)
|raw|Parnstar's rating: 1376 &rarr; <strong>1388<\/strong><br \/>(+12 for winning)
|c|☆the Pyroarheart|gg
|l|ftuyuukhhu
|l|the Pyroarheart
|j|ftuyuukhhu
|l|ftuyuukhhu</script>
</div>
<div class="battle-log battle-log-inline"><div class="inner"><div class="battle-options"></div><div class="inner"><div class="chat"><small>the Pyroarheart joined.</small></div><div class="chat"><small>Parnstar joined.</small></div><div class=""><small>Format:</small> <br><strong>UU</strong></div><div class="rated"><strong>Rated battle</strong></div><div class=""><small><em>Sleep Clause Mod:</em> Limit one foe put to sleep</small></div><div class=""><small><em>Species Clause:</em> Limit one of each Pokémon</small></div><div class=""><small><em>OHKO Clause:</em> OHKO moves are banned</small></div><div class=""><small><em>Moody Clause:</em> Moody is banned</small></div><div class=""><small><em>Evasion Moves Clause:</em> Evasion moves are banned</small></div><div class=""><small><em>Endless Battle Clause:</em> Forcing endless battles is banned</small></div><div class=""><small><em>HP Percentage Mod:</em> HP is shown in percentages</small></div><div class=""><small><em>Swagger Clause:</em> Swagger is banned</small></div><div class=""><small><em>Baton Pass Clause:</em> Limit one Baton Passer, can't pass Spe and other stats simultaneously</small></div><div class="chat battle-history"><strong>the Pyroarheart's team:</strong> <em style="color:#445566;display:block;">Feraligatr / Ampharos / Arcanine / Espeon / Donphan / Hitmonchan</em></div><div class="chat battle-history"><strong>Parnstar's team:</strong> <em style="color:#445566;display:block;">Mamoswine / Toxicroak / Whimsicott / Heliolisk / Donphan / Crawdaunt</em></div><div class="spacer battle-history"><br></div><div class="battle-history">Battle started between the Pyroarheart and Parnstar!<br></div><div class="spacer battle-history"><br></div><div class="battle-history">Go! Rocky (<strong>Hitmonchan</strong>)!<br></div><div class="spacer battle-history"><br></div><div class="battle-history">Parnstar sent out NIpple pinochle (<strong>Crawdaunt</strong>)!<br></div><div class="spacer battle-history"><br></div><h2 class="battle-history">Turn 1</h2><div class="spacer battle-history"><br></div><div class="battle-history">The opposing NIpple pinochle used <strong>Dragon Dance</strong>!<br></div><div class="battle-history"><small>The opposing NIpple pinochle's Attack rose!</small><br></div><div class="battle-history"><small>The opposing NIpple pinochle's Speed rose!</small><br></div><div class="spacer battle-history"><br></div><div class="battle-history">Rocky used <strong>Power-Up Punch</strong>!<br></div><div class="battle-history"><small>It's super effective!</small><br></div><div class="battle-history"><small>(The opposing NIpple pinochle lost <abbr title="−246/267">92.1%</abbr> of its health!)</small><br></div><div class="battle-history"><small>Rocky's Attack rose!</small><br></div><div class="spacer battle-history"><br></div><h2 class="battle-history">Turn 2</h2><div class="spacer battle-history"><br></div><div class="battle-history">Parnstar withdrew NIpple pinochle!<br></div><div class="battle-history">Parnstar sent out Prick (<strong>Whimsicott</strong>)!<br></div><div class="spacer battle-history"><br></div><div class="battle-history">Rocky used <strong>Mach Punch</strong>!<br></div><div class="battle-history"><small>It's not very effective...</small><br></div><div class="battle-history"><small>(The opposing Prick lost <abbr title="−89/261">34.1%</abbr> of its health!)</small><br></div><div class="spacer battle-history"><br></div><h2 class="battle-history">Turn 3</h2><div class="spacer battle-history"><br></div><div class="battle-history">The opposing Prick used <strong>Moonblast</strong>!<br></div><div class="battle-history"><small>It's super effective!</small><br></div><div class="battle-history"><small>(Rocky lost <abbr title="−270/303">89.1%</abbr> of its health!)</small><br></div><div class="battle-history"><small>Rocky's Special Attack fell!</small><br></div><div class="spacer battle-history"><br></div><div class="battle-history">Rocky used <strong>Ice Punch</strong>!<br></div><div class="battle-history"><small>It's super effective!</small><br></div><div class="battle-history"><small>(The opposing Prick lost <abbr title="−172/261">65.9%</abbr> of its health!)</small><br></div><div class="spacer battle-history"><br></div><div class="battle-history">The opposing Prick fainted!<br></div><div class="spacer battle-history"><br></div><div class="battle-history">Parnstar sent out Whoopie goldust (<strong>Mamoswine</strong>)!<br></div><div class="spacer battle-history"><br></div><h2 class="battle-history">Turn 4</h2><div class="spacer battle-history"><br></div><div class="battle-history">The opposing Whoopie goldust used <strong>Ice Shard</strong>!<br></div><div class="battle-history"><small>(Rocky lost <abbr title="−33/303">10.9%</abbr> of its health!)</small><br></div><div class="spacer battle-history"><br></div><div class="battle-history">Rocky fainted!<br></div><div class="spacer battle-history"><br></div><div class="battle-history">Go! Trooper (<strong>Arcanine</strong>)!<br></div><div class="battle-history"><small>[Trooper's Intimidate]</small><br></div><div class="battle-history"><small>The opposing Whoopie goldust's Attack fell!</small><br></div><div class="spacer battle-history"><br></div><h2 class="battle-history">Turn 5</h2><div class="spacer battle-history"><br></div><div class="battle-history">The opposing Whoopie goldust used <strong>Earthquake</strong>!<br></div><div class="battle-history"><small>It's super effective!</small><br></div><div class="battle-history"><small>(Trooper lost <abbr title="−320/384">83.3%</abbr> of its health!)</small><br></div><div class="spacer battle-history"><br></div><div class="battle-history">Trooper used <strong>Flare Blitz</strong>!<br></div><div class="battle-history"><small>It's super effective!</small><br></div><div class="battle-history"><small>(The opposing Whoopie goldust lost <abbr title="−258/361">71.5%</abbr> of its health!)</small><br></div><div class="battle-history"><small>Trooper is damaged by the recoil!</small><br></div><div class="spacer battle-history"><br></div><div class="battle-history">Trooper fainted!<br></div><div class="spacer battle-history"><br></div><div class="battle-history">Go! Donny (<strong>Donphan</strong>)!<br></div><div class="spacer battle-history"><br></div><h2 class="battle-history">Turn 6</h2><div class="spacer battle-history"><br></div><div class="battle-history">Parnstar withdrew Whoopie goldust!<br></div><div class="battle-history">Parnstar sent out NIpple pinochle (<strong>Crawdaunt</strong>)!<br></div><div class="spacer battle-history"><br></div><div class="battle-history">Donny used <strong>Earthquake</strong>!<br></div><div class="battle-history"><small>(The opposing NIpple pinochle lost <abbr title="−21/267">7.9%</abbr> of its health!)</small><br></div><div class="spacer battle-history"><br></div><div class="battle-history">The opposing NIpple pinochle fainted!<br></div><div class="spacer battle-history"><br></div><div class="battle-history">Parnstar sent out Scared (<strong>Heliolisk</strong>)!<br></div><div class="battle-history"><small>The opposing Scared floats in the air with its Air Balloon!</small><br></div><div class="spacer battle-history"><br></div><h2 class="battle-history">Turn 7</h2><div class="spacer battle-history"><br></div><div class="battle-history">The opposing Scared used <strong>Grass Knot</strong>!<br></div><div class="battle-history"><small>It's super effective!</small><br></div><div class="battle-history"><small>(Donny lost <abbr title="−202/383">52.7%</abbr> of its health!)</small><br></div><div class="spacer battle-history"><br></div><div class="battle-history">Donny used <strong>Earthquake</strong>!<br></div><div class="battle-history"><small>It doesn't affect the opposing Scared...</small><br></div><div class="spacer battle-history"><br></div><h2 class="battle-history">Turn 8</h2><div class="spacer battle-history"><br></div><div class="battle-history">Donny used <strong>Ice Shard</strong>!<br></div><div class="battle-history"><small>(The opposing Scared lost <abbr title="−91/265">34.3%</abbr> of its health!)</small><br></div><div class="battle-history"><small>The opposing Scared's Air Balloon popped!</small><br></div><div class="spacer battle-history"><br></div><div class="battle-history">The opposing Scared used <strong>Surf</strong>!<br></div><div class="battle-history"><small>It's super effective!</small><br></div><div class="battle-history"><small>(Donny lost <abbr title="−181/383">47.3%</abbr> of its health!)</small><br></div><div class="spacer battle-history"><br></div><div class="battle-history">Donny fainted!<br></div><div class="spacer battle-history"><br></div><div class="battle-history">Go! Sunny (<strong>Espeon</strong>)!<br></div><div class="spacer battle-history"><br></div><h2 class="battle-history">Turn 9</h2><div class="spacer battle-history"><br></div><div class="battle-history">Sunny used <strong>Calm Mind</strong>!<br></div><div class="battle-history"><small>Sunny's Special Attack rose!</small><br></div><div class="battle-history"><small>Sunny's Special Defense rose!</small><br></div><div class="spacer battle-history"><br></div><div class="battle-history">The opposing Scared used <strong>Hyper Voice</strong>!<br></div><div class="battle-history"><small>(Sunny lost <abbr title="−102/271">37.6%</abbr> of its health!)</small><br></div><div class="spacer battle-history"><br></div><div class="battle-history"><small>Sunny restored a little HP using its Leftovers!</small><br></div><div class="spacer battle-history"><br></div><h2 class="battle-history">Turn 10</h2><div class="spacer battle-history"><br></div><div class="battle-history">Sunny used <strong>Calm Mind</strong>!<br></div><div class="battle-history"><small>Sunny's Special Attack rose!</small><br></div><div class="battle-history"><small>Sunny's Special Defense rose!</small><br></div><div class="spacer battle-history"><br></div><div class="battle-history">The opposing Scared used <strong>Volt Switch</strong>!<br></div><div class="battle-history"><small>(Sunny lost <abbr title="−60/271">22.1%</abbr> of its health!)</small><br></div><div class="spacer battle-history"><br></div><div class="battle-history">The opposing Scared went back to Parnstar!<br></div><div class="battle-history">Parnstar sent out Mustard pass (<strong>Donphan</strong>)!<br></div><div class="spacer battle-history"><br></div><div class="battle-history"><small>Sunny restored a little HP using its Leftovers!</small><br></div><div class="spacer battle-history"><br></div><h2 class="battle-history">Turn 11</h2><div class="spacer battle-history"><br></div><div class="battle-history">Sunny used <strong>Psyshock</strong>!<br></div><div class="battle-history"><small>A critical hit!</small><br></div><div class="battle-history"><small>(The opposing Mustard pass lost <abbr title="−270/353">76.5%</abbr> of its health!)</small><br></div><div class="spacer battle-history"><br></div><div class="battle-history">The opposing Mustard pass used <strong>Earthquake</strong>!<br></div><div class="battle-history"><small>(Sunny lost <abbr title="−141/271">52.0%</abbr> of its health!)</small><br></div><div class="spacer battle-history"><br></div><div class="battle-history">Sunny fainted!<br></div><div class="spacer battle-history"><br></div><div class="battle-history">Go! Louis (<strong>Feraligatr</strong>)!<br></div><div class="spacer battle-history"><br></div><h2 class="battle-history">Turn 12</h2><div class="spacer battle-history"><br></div><div class="battle-history"><small>The opposing Mustard pass ate its Custap Berry!</small><br></div><div class="battle-history"><small>The opposing Mustard pass's Custap Berry let it move first!</small><br></div><div class="spacer battle-history"><br></div><div class="battle-history">The opposing Mustard pass used <strong>Earthquake</strong>!<br></div><div class="battle-history"><small>(Louis lost <abbr title="−165/311">53.1%</abbr> of its health!)</small><br></div><div class="spacer battle-history"><br></div><div class="battle-history">Louis used <strong>Dragon Dance</strong>!<br></div><div class="battle-history"><small>Louis's Attack rose!</small><br></div><div class="battle-history"><small>Louis's Speed rose!</small><br></div><div class="spacer battle-history"><br></div><h2 class="battle-history">Turn 13</h2><div class="spacer battle-history"><br></div><div class="battle-history">Parnstar withdrew Mustard pass!<br></div><div class="battle-history">Parnstar sent out Scared (<strong>Heliolisk</strong>)!<br></div><div class="spacer battle-history"><br></div><div class="battle-history">Louis used <strong>Waterfall</strong>!<br></div><div class="battle-history"><small>[The opposing Scared's Dry Skin]</small><br><small>The opposing Scared restored its HP.</small><br></div><div class="spacer battle-history"><br></div><h2 class="battle-history">Turn 14</h2><div class="spacer battle-history"><br></div><div class="battle-history">Louis used <strong>Crunch</strong>!<br></div><div class="battle-history"><small>(The opposing Scared lost <abbr title="−240/265">90.6%</abbr> of its health!)</small><br></div><div class="spacer battle-history"><br></div><div class="battle-history">The opposing Scared fainted!<br></div><div class="spacer battle-history"><br></div><div class="battle-history">Parnstar sent out Mandingo (<strong>Toxicroak</strong>)!<br></div><div class="spacer battle-history"><br></div><h2 class="battle-history">Turn 15</h2><div class="spacer battle-history"><br></div><div class="battle-history">The opposing Mandingo used <strong>Sucker Punch</strong>!<br></div><div class="battle-history"><small>(Louis lost <abbr title="−114/311">36.7%</abbr> of its health!)</small><br></div><div class="battle-history"><small>The opposing Mandingo lost some of its HP!</small><br></div><div class="spacer battle-history"><br></div><div class="battle-history">Louis used <strong>Waterfall</strong>!<br></div><div class="battle-history"><small>[The opposing Mandingo's Dry Skin]</small><br><small>The opposing Mandingo restored its HP.</small><br></div><div class="spacer battle-history"><br></div><h2 class="battle-history">Turn 16</h2><div class="chat"><small>ftuyuukhhu joined.</small></div><div class="spacer battle-history"><br></div><div class="battle-history">The opposing Mandingo used <strong>Sucker Punch</strong>!<br></div><div class="battle-history"><small>But it failed!</small><br></div><div class="spacer battle-history"><br></div><div class="battle-history">Louis used <strong>Dragon Dance</strong>!<br></div><div class="battle-history"><small>Louis's Attack rose!</small><br></div><div class="battle-history"><small>Louis's Speed rose!</small><br></div><div class="spacer battle-history"><br></div><h2 class="battle-history">Turn 17</h2><div class="spacer battle-history"><br></div><div class="battle-history">The opposing Mandingo used <strong>Sucker Punch</strong>!<br></div><div class="battle-history"><small>(Louis lost <abbr title="−32/311">10.3%</abbr> of its health!)</small><br></div><div class="battle-history"><small>The opposing Mandingo lost some of its HP!</small><br></div><div class="spacer battle-history"><br></div><div class="battle-history">Louis fainted!<br></div><div class="spacer battle-history"><br></div><div class="battle-history">Go! Shepherd (<strong>Ampharos</strong>)!<br></div><div class="spacer battle-history"><br></div><h2 class="battle-history">Turn 18</h2><div class="spacer battle-history"><br></div><div class="battle-history"><small>Shepherd's Ampharosite is reacting to the Pyroarheart's Mega Bracelet!</small><br>Shepherd has Mega Evolved into Mega Ampharos!<br></div><div class="battle-history"><small>[Shepherd's Mold Breaker]</small><br><small>Shepherd breaks the mold!</small><br></div><div class="spacer battle-history"><br></div><div class="battle-history">The opposing Mandingo used <strong>Gunk Shot</strong>!<br></div><div class="battle-history"><small>(Shepherd lost <abbr title="−253/383">66.1%</abbr> of its health!)</small><br></div><div class="battle-history"><small>The opposing Mandingo lost some of its HP!</small><br></div><div class="spacer battle-history"><br></div><div class="battle-history">Shepherd used <strong>Thunderbolt</strong>!<br></div><div class="battle-history"><small>(The opposing Mandingo lost <abbr title="−248/308">80.5%</abbr> of its health!)</small><br></div><div class="spacer battle-history"><br></div><div class="battle-history">The opposing Mandingo fainted!<br></div><div class="spacer battle-history"><br></div><div class="battle-history">Parnstar sent out Whoopie goldust (<strong>Mamoswine</strong>)!<br></div><div class="spacer battle-history"><br></div><h2 class="battle-history">Turn 19</h2><div class="spacer battle-history"><br></div><div class="battle-history">The opposing Whoopie goldust used <strong>Earthquake</strong>!<br></div><div class="battle-history"><small>It's super effective!</small><br></div><div class="battle-history"><small>(Shepherd lost <abbr title="−130/383">33.9%</abbr> of its health!)</small><br></div><div class="spacer battle-history"><br></div><div class="battle-history">Shepherd fainted!<br></div><div class="spacer battle-history"><br></div><div class="battle-history"><strong>Parnstar</strong> won the battle!<br></div><div class="chat">the Pyroarheart's rating: 1218 → <strong>1203</strong><br>(-15 for losing)</div><div class="chat">Parnstar's rating: 1376 → <strong>1388</strong><br>(+12 for winning)</div><div class="chat chatmessage-thepyroarheart"><strong style="color:hsl(323,78%,47%)"><small>☆</small><span class="username" data-name="the Pyroarheart">the Pyroarheart</span>:</strong> <em>gg</em></div><div class="chat"><small>ftuyuukhhu left.</small></div><div class="chat"><small>the Pyroarheart left.</small></div><div class="chat"><small>ftuyuukhhu joined.</small></div><div class="chat"><small>ftuyuukhhu left.</small></div></div><div class="inner-preempt"></div></div></div>
</div>
<script>
let daily = Math.floor(Date.now()/1000/60/60/24);document.write('<script src="https://play.pokemonshowdown.com/js/replay-embed.js?version'+daily+'"></'+'script>');
</script>
