<!DOCTYPE html>
<meta charset="utf-8" />
<!-- version 1 -->
<title>UU replay: Deiroos vs. The frozen lopunny</title>
<style>
html,body {font-family:Verdana, sans-serif;font-size:10pt;margin:0;padding:0;}body{padding:12px 0;} .battle-log {font-family:Verdana, sans-serif;font-size:10pt;} .battle-log-inline {border:1px solid #AAAAAA;background:#EEF2F5;color:black;max-width:640px;margin:0 auto 80px;padding-bottom:5px;} .battle-log .inner {padding:4px 8px 0px 8px;} .battle-log .inner-preempt {padding:0 8px 4px 8px;} .battle-log .inner-after {margin-top:0.5em;} .battle-log h2 {margin:0.5em -8px;padding:4px 8px;border:1px solid #AAAAAA;background:#E0E7EA;border-left:0;border-right:0;font-family:Verdana, sans-serif;font-size:13pt;} .battle-log .chat {vertical-align:middle;padding:3px 0 3px 0;font-size:8pt;} .battle-log .chat strong {color:#40576A;} .battle-log .chat em {padding:1px 4px 1px 3px;color:#000000;font-style:normal;} .chat.mine {background:rgba(0,0,0,0.05);margin-left:-8px;margin-right:-8px;padding-left:8px;padding-right:8px;} .spoiler {color:#BBBBBB;background:#BBBBBB;padding:0px 3px;} .spoiler:hover, .spoiler:active, .spoiler-shown {color:#000000;background:#E2E2E2;padding:0px 3px;} .spoiler a {color:#BBBBBB;} .spoiler:hover a, .spoiler:active a, .spoiler-shown a {color:#2288CC;} .chat code, .chat .spoiler:hover code, .chat .spoiler:active code, .chat .spoiler-shown code {border:1px solid #C0C0C0;background:#EEEEEE;color:black;padding:0 2px;} .chat .spoiler code {border:1px solid #CCCCCC;background:#CCCCCC;color:#CCCCCC;} .battle-log .rated {padding:3px 4px;} .battle-log .rated strong {color:white;background:#89A;padding:1px 4px;border-radius:4px;} .spacer {margin-top:0.5em;} .message-announce {background:#6688AA;color:white;padding:1px 4px 2px;} .message-announce a, .broadcast-green a, .broadcast-blue a, .broadcast-red a {color:#DDEEFF;} .broadcast-green {background-color:#559955;color:white;padding:2px 4px;} .broadcast-blue {background-color:#6688AA;color:white;padding:2px 4px;} .infobox {border:1px solid #6688AA;padding:2px 4px;} .infobox-limited {max-height:200px;overflow:auto;overflow-x:hidden;} .broadcast-red {background-color:#AA5544;color:white;padding:2px 4px;} .message-learn-canlearn {font-weight:bold;color:#228822;text-decoration:underline;} .message-learn-cannotlearn {font-weight:bold;color:#CC2222;text-decoration:underline;} .message-effect-weak {font-weight:bold;color:#CC2222;} .message-effect-resist {font-weight:bold;color:#6688AA;} .message-effect-immune {font-weight:bold;color:#666666;} .message-learn-list {margin-top:0;margin-bottom:0;} .message-throttle-notice, .message-error {color:#992222;} .message-overflow, .chat small.message-overflow {font-size:0pt;} .message-overflow::before {font-size:9pt;content:'...';} .subtle {color:#3A4A66;}
</style>
<div class="wrapper replay-wrapper" style="max-width:1180px;margin:0 auto">
<input type="hidden" name="replayid" value="uu-574062357" />
<div class="battle"></div><div class="battle-log"></div><div class="replay-controls"></div><div class="replay-controls-2"></div>
<h1 style="font-weight:normal;text-align:center"><strong>UU</strong><br /><a href="http://pokemonshowdown.com/users/deiroos" class="subtle" target="_blank">Deiroos</a> vs. <a href="http://pokemonshowdown.com/users/thefrozenlopunny" class="subtle" target="_blank">The frozen lopunny</a></h1>
<script type="text/plain" class="battle-log-data">|j|Deiroos
|j|The frozen lopunny
|player|p1|Deiroos|274
|player|p2|The frozen lopunny|279
|gametype|singles
|gen|6
|tier|UU
|rated
|seed|10930,53769,47129,45444
|rule|Sleep Clause Mod: Limit one foe put to sleep
|rule|Species Clause: Limit one of each Pokémon
|rule|OHKO Clause: OHKO moves are banned
|rule|Moody Clause: Moody is banned
|rule|Evasion Moves Clause: Evasion moves are banned
|rule|Endless Battle Clause: Forcing endless battles is banned
|rule|HP Percentage Mod: HP is shown in percentages
|clearpoke
|poke|p1|Tornadus, M, shiny|
|poke|p1|Alomomola, M|item
|poke|p1|Venusaur, F, shiny|item
|poke|p1|Mamoswine, M|item
|poke|p1|Empoleon, M|item
|poke|p1|Rotom-Heat|item
|poke|p2|Mienshao, M, shiny|item
|poke|p2|Whimsicott, F|item
|poke|p2|Vaporeon, F|item
|poke|p2|Forretress, F|item
|poke|p2|Krookodile, M|item
|poke|p2|Chandelure, F|item
|rule|Swagger Clause: Swagger is banned
|rule|Baton Pass Clause: Limit one Baton Passer, can't pass Spe and other stats simultaneously
|teampreview
|choice|team 6, team 2, team 3, team 4, team 5, team 1|team 1, team 2, team 3, team 4, team 5, team 6
|
|start
|switch|p1a: Four|Rotom-Heat|241\/241
|switch|p2a: ThisIsMyHappyFace|Mienshao, M, shiny|271\/271
|turn|1
|choice|switch 2|move uturn
|
|switch|p1a: Lova|Alomomola, M|534\/534
|move|p2a: ThisIsMyHappyFace|U-turn|p1a: Lova
|-damage|p1a: Lova|467\/534
|-damage|p2a: ThisIsMyHappyFace|226\/271|[from] item: Rocky Helmet|[of] p1a: Lova
|inactive|Battle timer is ON: inactive players will automatically lose when time's up. (requested by The frozen lopunny)
|choice||switch 6
|
|switch|p2a: Spook|Chandelure, F|261\/261
|
|upkeep
|turn|2
|choice|switch 2|move energyball
|
|switch|p1a: Four|Rotom-Heat|241\/241
|move|p2a: Spook|Energy Ball|p1a: Four
|-resisted|p1a: Four
|-damage|p1a: Four|184\/241
|
|upkeep
|turn|3
|choice|move voltswitch|move energyball
|
|move|p1a: Four|Volt Switch|p2a: Spook
|-damage|p2a: Spook|152\/261
|choice|switch 5|
|
|switch|p1a: L'empereur|Empoleon, M|372\/372
|move|p2a: Spook|Energy Ball|p1a: L'empereur
|-damage|p1a: L'empereur|282\/372
|
|-heal|p1a: L'empereur|305\/372|[from] item: Leftovers
|upkeep
|turn|4
|choice|move toxic|switch 3
|
|switch|p2a: Catfish|Vaporeon, F|464\/464
|move|p1a: L'empereur|Toxic|p2a: Catfish
|-status|p2a: Catfish|tox
|
|-heal|p1a: L'empereur|328\/372|[from] item: Leftovers
|-damage|p2a: Catfish|435\/464 tox|[from] psn
|upkeep
|turn|5
|choice|switch 3|switch 4
|
|switch|p2a: Metal wallnut|Forretress, F|354\/354
|switch|p1a: Kajukaï|Venusaur, F, shiny|364\/364
|
|upkeep
|turn|6
|choice|switch 5|switch 3
|
|switch|p1a: Four|Rotom-Heat|184\/241
|switch|p2a: Spook|Chandelure, F|152\/261
|
|upkeep
|turn|7
|choice|move voltswitch|switch 5
|
|switch|p2a: Dingodile|Krookodile, M|331\/331
|move|p1a: Four|Volt Switch|p2a: Dingodile
|-immune|p2a: Dingodile|[msg]
|
|upkeep
|turn|8
|choice|switch 2|move pursuit
|
|-activate|p1a: Four|move: Pursuit
|move|p2a: Dingodile|Pursuit|p1a: Four|[from]Pursuit
|-damage|p1a: Four|39\/241
|switch|p1a: Lova|Alomomola, M|534\/534
|
|upkeep
|turn|9
|choice|move wish|move taunt
|
|move|p2a: Dingodile|Taunt|p1a: Lova
|-start|p1a: Lova|move: Taunt
|cant|p1a: Lova|move: Taunt|Wish
|
|upkeep
|turn|10
|choice|switch 5|switch 4
|
|switch|p2a: Catfish|Vaporeon, F|435\/464 tox
|switch|p1a: Kajukaï|Venusaur, F, shiny|364\/364
|
|-heal|p2a: Catfish|464\/464 tox|[from] item: Leftovers
|-damage|p2a: Catfish|435\/464 tox|[from] psn
|upkeep
|turn|11
|choice|move leechseed|move wish
|
|move|p1a: Kajukaï|Leech Seed|p2a: Catfish
|-start|p2a: Catfish|move: Leech Seed
|move|p2a: Catfish|Wish|p2a: Catfish
|
|-heal|p2a: Catfish|464\/464 tox|[from] item: Leftovers
|-damage|p2a: Catfish|406\/464 tox|[from] Leech Seed|[of] p1a: Kajukaï
|-damage|p2a: Catfish|348\/464 tox|[from] psn
|upkeep
|turn|12
|choice|move gigadrain|switch 5
|
|switch|p2a: Spook|Chandelure, F|152\/261
|move|p1a: Kajukaï|Giga Drain|p2a: Spook
|-resisted|p2a: Spook
|-damage|p2a: Spook|104\/261
|
|-heal|p2a: Spook|261\/261|[from] move: Wish|[wisher] Catfish
|upkeep
|turn|13
|choice|switch 3|move fireblast
|
|switch|p1a: L'empereur|Empoleon, M|328\/372
|move|p2a: Spook|Fire Blast|p1a: L'empereur
|-damage|p1a: L'empereur|183\/372
|
|-heal|p1a: L'empereur|206\/372|[from] item: Leftovers
|upkeep
|turn|14
|choice|move scald|switch 3
|
|switch|p2a: Metal wallnut|Forretress, F|354\/354
|move|p1a: L'empereur|Scald|p2a: Metal wallnut
|-damage|p2a: Metal wallnut|189\/354
|
|-heal|p1a: L'empereur|229\/372|[from] item: Leftovers
|-heal|p2a: Metal wallnut|211\/354|[from] item: Leftovers
|upkeep
|turn|15
|choice|move scald|switch 5
|
|switch|p2a: Catfish|Vaporeon, F|348\/464 tox
|move|p1a: L'empereur|Scald|p2a: Catfish
|-heal|p2a: Catfish|464\/464 tox|[from] ability: Water Absorb|[of] p1a: L'empereur
|
|-heal|p1a: L'empereur|252\/372|[from] item: Leftovers
|-damage|p2a: Catfish|435\/464 tox|[from] psn
|upkeep
|turn|16
|choice|switch 4|move scald
|
|switch|p1a: Mani|Mamoswine, M|361\/361
|move|p2a: Catfish|Scald|p1a: Mani
|-supereffective|p1a: Mani
|-damage|p1a: Mani|71\/361
|
|-heal|p2a: Catfish|464\/464 tox|[from] item: Leftovers
|-damage|p2a: Catfish|406\/464 tox|[from] psn
|upkeep
|turn|17
|choice|move earthquake|move scald
|
|move|p1a: Mani|Earthquake|p2a: Catfish
|-damage|p2a: Catfish|97\/464 tox
|-damage|p1a: Mani|35\/361|[from] item: Life Orb
|move|p2a: Catfish|Scald|p1a: Mani
|-supereffective|p1a: Mani
|-damage|p1a: Mani|0 fnt
|faint|p1a: Mani
|
|-heal|p2a: Catfish|126\/464 tox|[from] item: Leftovers
|-damage|p2a: Catfish|39\/464 tox|[from] psn
|upkeep
|choice|switch 6|
|
|switch|p1a: Futôn|Tornadus, M, shiny|299\/299
|turn|18
|choice|move acrobatics|switch 2
|
|switch|p2a: Poof|Whimsicott, F|311\/311
|move|p1a: Futôn|Acrobatics|p2a: Poof
|-supereffective|p2a: Poof
|-damage|p2a: Poof|0 fnt
|faint|p2a: Poof
|
|upkeep
|choice||switch 6
|
|switch|p2a: ThisIsMyHappyFace|Mienshao, M, shiny|271\/271
|turn|19
|choice|switch 5|move stoneedge
|
|switch|p1a: Lova|Alomomola, M|534\/534
|move|p2a: ThisIsMyHappyFace|Stone Edge|p1a: Lova
|-damage|p1a: Lova|441\/534
|
|upkeep
|turn|20
|choice|move wish|switch 2
|
|switch|p2a: Catfish|Vaporeon, F|39\/464 tox
|move|p1a: Lova|Wish|p1a: Lova
|
|-heal|p2a: Catfish|68\/464 tox|[from] item: Leftovers
|-damage|p2a: Catfish|39\/464 tox|[from] psn
|upkeep
|turn|21
|choice|switch 5|move healbell
|
|switch|p1a: Futôn|Tornadus, M, shiny|299\/299
|move|p2a: Catfish|Heal Bell|p2a: Catfish
|-activate|p2a: Catfish|move: Heal Bell
|-curestatus|p2a: Catfish|tox|[msg]
|
|-heal|p2a: Catfish|68\/464|[from] item: Leftovers
|upkeep
|turn|22
|choice|move acrobatics|switch 5
|
|switch|p2a: Metal wallnut|Forretress, F|211\/354
|move|p1a: Futôn|Acrobatics|p2a: Metal wallnut
|-damage|p2a: Metal wallnut|112\/354
|
|-heal|p2a: Metal wallnut|134\/354|[from] item: Leftovers
|upkeep
|turn|23
|choice|move taunt|move voltswitch
|
|move|p1a: Futôn|Taunt|p2a: Metal wallnut
|-start|p2a: Metal wallnut|move: Taunt
|move|p2a: Metal wallnut|Volt Switch|p1a: Futôn
|-supereffective|p1a: Futôn
|-damage|p1a: Futôn|217\/299
|choice||switch 2
|
|switch|p2a: ThisIsMyHappyFace|Mienshao, M, shiny|271\/271
|
|upkeep
|turn|24
|choice|switch 5|move stoneedge
|
|switch|p1a: Lova|Alomomola, M|534\/534
|move|p2a: ThisIsMyHappyFace|Stone Edge|p1a: Lova
|-crit|p1a: Lova
|-damage|p1a: Lova|384\/534
|
|upkeep
|turn|25
|choice|switch 3|switch 5
|
|switch|p2a: Catfish|Vaporeon, F|68\/464
|switch|p1a: Kajukaï|Venusaur, F, shiny|364\/364
|
|-heal|p2a: Catfish|97\/464|[from] item: Leftovers
|upkeep
|turn|26
|choice|move gigadrain|move protect
|
|move|p2a: Catfish|Protect|p2a: Catfish
|-singleturn|p2a: Catfish|Protect
|move|p1a: Kajukaï|Giga Drain|p2a: Catfish
|-activate|p2a: Catfish|move: Protect
|
|-heal|p2a: Catfish|126\/464|[from] item: Leftovers
|upkeep
|turn|27
|choice|switch 2|switch 3
|
|switch|p1a: Four|Rotom-Heat|39\/241
|switch|p2a: Spook|Chandelure, F|261\/261
|
|upkeep
|turn|28
|choice|switch 4|switch 4
|
|switch|p1a: L'empereur|Empoleon, M|252\/372
|switch|p2a: Dingodile|Krookodile, M|331\/331
|
|-heal|p1a: L'empereur|275\/372|[from] item: Leftovers
|upkeep
|turn|29
|choice|switch 3|move earthquake
|
|switch|p1a: Lova|Alomomola, M|534\/534
|move|p2a: Dingodile|Earthquake|p1a: Lova
|-damage|p1a: Lova|401\/534
|
|upkeep
|turn|30
|choice|switch 5|switch 3
|
|switch|p2a: Catfish|Vaporeon, F|126\/464
|switch|p1a: Futôn|Tornadus, M, shiny|217\/299
|
|-heal|p2a: Catfish|155\/464|[from] item: Leftovers
|upkeep
|turn|31
|choice|move bulkup|switch 3
|
|switch|p2a: Dingodile|Krookodile, M|331\/331
|move|p1a: Futôn|Bulk Up|p1a: Futôn
|-boost|p1a: Futôn|atk|1
|-boost|p1a: Futôn|def|1
|
|upkeep
|turn|32
|choice|move acrobatics|move knockoff
|
|move|p1a: Futôn|Acrobatics|p2a: Dingodile
|-damage|p2a: Dingodile|31\/331
|move|p2a: Dingodile|Knock Off|p1a: Futôn
|-damage|p1a: Futôn|93\/299
|
|upkeep
|turn|33
|choice|move acrobatics|move knockoff
|
|move|p1a: Futôn|Acrobatics|p2a: Dingodile
|-damage|p2a: Dingodile|0 fnt
|faint|p2a: Dingodile
|
|upkeep
|choice||switch 5
|
|switch|p2a: ThisIsMyHappyFace|Mienshao, M, shiny|271\/271
|turn|34
|choice|switch 5|move stoneedge
|
|switch|p1a: Lova|Alomomola, M|534\/534
|move|p2a: ThisIsMyHappyFace|Stone Edge|p1a: Lova
|-damage|p1a: Lova|431\/534
|
|upkeep
|turn|35
|choice|switch 2|switch 3
|
|switch|p2a: Catfish|Vaporeon, F|155\/464
|switch|p1a: Kajukaï|Venusaur, F, shiny|364\/364
|
|-heal|p2a: Catfish|184\/464|[from] item: Leftovers
|upkeep
|turn|36
|choice|move gigadrain|move protect
|
|move|p2a: Catfish|Protect|p2a: Catfish
|-singleturn|p2a: Catfish|Protect
|move|p1a: Kajukaï|Giga Drain|p2a: Catfish
|-activate|p2a: Catfish|move: Protect
|
|-heal|p2a: Catfish|213\/464|[from] item: Leftovers
|upkeep
|turn|37
|choice|move leechseed|move wish
|
|move|p1a: Kajukaï|Leech Seed|p2a: Catfish
|-start|p2a: Catfish|move: Leech Seed
|move|p2a: Catfish|Wish|p2a: Catfish
|
|-heal|p2a: Catfish|242\/464|[from] item: Leftovers
|-damage|p2a: Catfish|184\/464|[from] Leech Seed|[of] p1a: Kajukaï
|upkeep
|turn|38
|choice|move gigadrain|switch 2
|
|switch|p2a: Metal wallnut|Forretress, F|134\/354
|move|p1a: Kajukaï|Giga Drain|p2a: Metal wallnut
|-resisted|p2a: Metal wallnut
|-damage|p2a: Metal wallnut|103\/354
|
|-heal|p2a: Metal wallnut|335\/354|[from] move: Wish|[wisher] Catfish
|-heal|p2a: Metal wallnut|354\/354|[from] item: Leftovers
|upkeep
|turn|39
|choice|switch 4|move stealthrock
|
|switch|p1a: Four|Rotom-Heat|39\/241
|move|p2a: Metal wallnut|Stealth Rock|p1a: Four
|-sidestart|p1: Deiroos|move: Stealth Rock
|
|upkeep
|turn|40
|choice|move voltswitch|switch 4
|
|switch|p2a: Spook|Chandelure, F|261\/261
|move|p1a: Four|Volt Switch|p2a: Spook
|-damage|p2a: Spook|143\/261
|choice|switch 3|
|
|switch|p1a: L'empereur|Empoleon, M|275\/372
|-damage|p1a: L'empereur|252\/372|[from] Stealth Rock
|
|-heal|p1a: L'empereur|275\/372|[from] item: Leftovers
|upkeep
|turn|41
|choice|move defog|move fireblast
|
|move|p2a: Spook|Fire Blast|p1a: L'empereur
|-damage|p1a: L'empereur|133\/372
|-status|p1a: L'empereur|brn
|move|p1a: L'empereur|Defog|p2a: Spook
|-unboost|p2a: Spook|evasion|1
|-sideend|p1: Deiroos|Stealth Rock|[from] move: Defog|[of] p1a: L'empereur
|
|-heal|p1a: L'empereur|156\/372 brn|[from] item: Leftovers
|-damage|p1a: L'empereur|110\/372 brn|[from] brn
|upkeep
|turn|42
|choice|move scald|move fireblast
|
|move|p2a: Spook|Fire Blast|p1a: L'empereur
|-damage|p1a: L'empereur|0 fnt
|faint|p1a: L'empereur
|
|upkeep
|choice|switch 2|
|
|switch|p1a: Lova|Alomomola, M|534\/534
|turn|43
|choice|move scald|switch 2
|
|switch|p2a: Catfish|Vaporeon, F|184\/464
|move|p1a: Lova|Scald|p2a: Catfish
|-heal|p2a: Catfish|300\/464|[from] ability: Water Absorb|[of] p1a: Lova
|
|-heal|p2a: Catfish|329\/464|[from] item: Leftovers
|upkeep
|turn|44
|choice|move toxic|move wish
|
|move|p2a: Catfish|Wish|p2a: Catfish
|move|p1a: Lova|Toxic|p2a: Catfish
|-status|p2a: Catfish|tox
|
|-heal|p2a: Catfish|358\/464 tox|[from] item: Leftovers
|-damage|p2a: Catfish|329\/464 tox|[from] psn
|upkeep
|turn|45
|choice|move scald|switch 4
|
|switch|p2a: Metal wallnut|Forretress, F|354\/354
|move|p1a: Lova|Scald|p2a: Metal wallnut
|-crit|p2a: Metal wallnut
|-damage|p2a: Metal wallnut|249\/354
|
|-heal|p2a: Metal wallnut|354\/354|[from] move: Wish|[wisher] Catfish
|upkeep
|turn|46
|choice|switch 3|move stealthrock
|
|switch|p1a: Four|Rotom-Heat|39\/241
|move|p2a: Metal wallnut|Stealth Rock|p1a: Four
|-sidestart|p1: Deiroos|move: Stealth Rock
|
|upkeep
|turn|47
|choice|move trick|switch 2
|
|switch|p2a: Spook|Chandelure, F|143\/261
|move|p1a: Four|Trick|p2a: Spook
|-activate|p1a: Four|move: Trick|[of] p2a: Spook
|-item|p2a: Spook|Choice Scarf|[from] move: Trick
|-item|p1a: Four|Expert Belt|[from] move: Trick
|
|upkeep
|turn|48
|c|☆Deiroos|sale noob
|choice|switch 3|move shadowball
|
|switch|p1a: Lova|Alomomola, M|534\/534
|-damage|p1a: Lova|468\/534|[from] Stealth Rock
|move|p2a: Spook|Shadow Ball|p1a: Lova
|-damage|p1a: Lova|186\/534
|
|upkeep
|turn|49
|choice|move scald|move shadowball
|
|move|p2a: Spook|Shadow Ball|p1a: Lova
|-damage|p1a: Lova|0 fnt
|faint|p1a: Lova
|
|upkeep
|choice|switch 4|
|
|switch|p1a: Kajukaï|Venusaur, F, shiny|364\/364
|-damage|p1a: Kajukaï|319\/364|[from] Stealth Rock
|turn|50
|choice|move leechseed|switch 2
|
|switch|p2a: Metal wallnut|Forretress, F|354\/354
|move|p1a: Kajukaï|Leech Seed|p2a: Metal wallnut
|-start|p2a: Metal wallnut|move: Leech Seed
|
|-heal|p1a: Kajukaï|341\/364|[from] item: Black Sludge
|-damage|p2a: Metal wallnut|310\/354|[from] Leech Seed|[of] p1a: Kajukaï
|-heal|p1a: Kajukaï|364\/364|[silent]
|upkeep
|turn|51
|-message|Deiroos forfeited.
|
|win|The frozen lopunny
|l|Deiroos
|raw|Deiroos's rating: 1412 &rarr; <strong>1396<\/strong><br \/>(-16 for losing)
|raw|The frozen lopunny's rating: 1485 &rarr; <strong>1501<\/strong><br \/>(+16 for winning)</script>
</div>
<div class="battle-log battle-log-inline"><div class="inner"><div class="battle-options"></div><div class="inner"><div class="chat"><small>Deiroos joined.</small></div><div class="chat"><small>The frozen lopunny joined.</small></div><div class=""><small>Format:</small> <br><strong>UU</strong></div><div class="rated"><strong>Rated battle</strong></div><div class=""><small><em>Sleep Clause Mod:</em> Limit one foe put to sleep</small></div><div class=""><small><em>Species Clause:</em> Limit one of each Pokémon</small></div><div class=""><small><em>OHKO Clause:</em> OHKO moves are banned</small></div><div class=""><small><em>Moody Clause:</em> Moody is banned</small></div><div class=""><small><em>Evasion Moves Clause:</em> Evasion moves are banned</small></div><div class=""><small><em>Endless Battle Clause:</em> Forcing endless battles is banned</small></div><div class=""><small><em>HP Percentage Mod:</em> HP is shown in percentages</small></div><div class=""><small><em>Swagger Clause:</em> Swagger is banned</small></div><div class=""><small><em>Baton Pass Clause:</em> Limit one Baton Passer, can't pass Spe and other stats simultaneously</small></div><div class="chat battle-history"><strong>Deiroos's team:</strong> <em style="color:#445566;display:block;">Tornadus / Alomomola / Venusaur / Mamoswine / Empoleon / Rotom-Heat</em></div><div class="chat battle-history"><strong>The frozen lopunny's team:</strong> <em style="color:#445566;display:block;">Mienshao / Whimsicott / Vaporeon / Forretress / Krookodile / Chandelure</em></div><div class="spacer battle-history"><br></div><div class="battle-history">Battle started between Deiroos and The frozen lopunny!<br></div><div class="spacer battle-history"><br></div><div class="battle-history">Go! Four (<strong>Rotom-Heat</strong>)!<br></div><div class="spacer battle-history"><br></div><div class="battle-history">The frozen lopunny sent out ThisIsMyHappyFace (<strong>Mienshao</strong>)!<br></div><div class="spacer battle-history"><br></div><h2 class="battle-history">Turn 1</h2><div class="spacer battle-history"><br></div><div class="battle-history">Four, come back!<br></div><div class="battle-history">Go! Lova (<strong>Alomomola</strong>)!<br></div><div class="spacer battle-history"><br></div><div class="battle-history">The opposing ThisIsMyHappyFace used <strong>U-turn</strong>!<br></div><div class="battle-history"><small>(Lova lost <abbr title="−67/534">12.5%</abbr> of its health!)</small><br></div><div class="battle-history"><small>The opposing ThisIsMyHappyFace was hurt by the Rocky Helmet!</small><br></div><div class="chat message-error">Battle timer is ON: inactive players will automatically lose when time's up. (requested by The frozen lopunny)</div><div class="spacer battle-history"><br></div><div class="battle-history">The opposing ThisIsMyHappyFace went back to The frozen lopunny!<br></div><div class="battle-history">The frozen lopunny sent out Spook (<strong>Chandelure</strong>)!<br></div><div class="spacer battle-history"><br></div><h2 class="battle-history">Turn 2</h2><div class="spacer battle-history"><br></div><div class="battle-history">Lova, come back!<br></div><div class="battle-history">Go! Four (<strong>Rotom-Heat</strong>)!<br></div><div class="spacer battle-history"><br></div><div class="battle-history">The opposing Spook used <strong>Energy Ball</strong>!<br></div><div class="battle-history"><small>It's not very effective...</small><br></div><div class="battle-history"><small>(Four lost <abbr title="−57/241">23.7%</abbr> of its health!)</small><br></div><div class="spacer battle-history"><br></div><h2 class="battle-history">Turn 3</h2><div class="spacer battle-history"><br></div><div class="battle-history">Four used <strong>Volt Switch</strong>!<br></div><div class="battle-history"><small>(The opposing Spook lost <abbr title="−109/261">41.8%</abbr> of its health!)</small><br></div><div class="spacer battle-history"><br></div><div class="battle-history">Four went back to Deiroos!<br></div><div class="battle-history">Go! L'empereur (<strong>Empoleon</strong>)!<br></div><div class="spacer battle-history"><br></div><div class="battle-history">The opposing Spook used <strong>Energy Ball</strong>!<br></div><div class="battle-history"><small>(L'empereur lost <abbr title="−90/372">24.2%</abbr> of its health!)</small><br></div><div class="spacer battle-history"><br></div><div class="battle-history"><small>L'empereur restored a little HP using its Leftovers!</small><br></div><div class="spacer battle-history"><br></div><h2 class="battle-history">Turn 4</h2><div class="spacer battle-history"><br></div><div class="battle-history">The frozen lopunny withdrew Spook!<br></div><div class="battle-history">The frozen lopunny sent out Catfish (<strong>Vaporeon</strong>)!<br></div><div class="spacer battle-history"><br></div><div class="battle-history">L'empereur used <strong>Toxic</strong>!<br></div><div class="battle-history"><small>The opposing Catfish was badly poisoned!</small><br></div><div class="spacer battle-history"><br></div><div class="battle-history"><small>L'empereur restored a little HP using its Leftovers!</small><br></div><div class="battle-history"><small>The opposing Catfish was hurt by poison!</small><br></div><div class="spacer battle-history"><br></div><h2 class="battle-history">Turn 5</h2><div class="spacer battle-history"><br></div><div class="battle-history">The frozen lopunny withdrew Catfish!<br></div><div class="battle-history">The frozen lopunny sent out Metal wallnut (<strong>Forretress</strong>)!<br></div><div class="spacer battle-history"><br></div><div class="battle-history">L'empereur, come back!<br></div><div class="battle-history">Go! Kajukaï (<strong>Venusaur</strong>)!<br></div><div class="spacer battle-history"><br></div><h2 class="battle-history">Turn 6</h2><div class="spacer battle-history"><br></div><div class="battle-history">Kajukaï, come back!<br></div><div class="battle-history">Go! Four (<strong>Rotom-Heat</strong>)!<br></div><div class="spacer battle-history"><br></div><div class="battle-history">The frozen lopunny withdrew Metal wallnut!<br></div><div class="battle-history">The frozen lopunny sent out Spook (<strong>Chandelure</strong>)!<br></div><div class="spacer battle-history"><br></div><h2 class="battle-history">Turn 7</h2><div class="spacer battle-history"><br></div><div class="battle-history">The frozen lopunny withdrew Spook!<br></div><div class="battle-history">The frozen lopunny sent out Dingodile (<strong>Krookodile</strong>)!<br></div><div class="spacer battle-history"><br></div><div class="battle-history">Four used <strong>Volt Switch</strong>!<br></div><div class="battle-history"><small>It doesn't affect the opposing Dingodile...</small><br></div><div class="spacer battle-history"><br></div><h2 class="battle-history">Turn 8</h2><div class="spacer battle-history"><br></div><div class="battle-history"><small>(Four is being withdrawn...)</small><br></div><div class="spacer battle-history"><br></div><div class="battle-history">The opposing Dingodile used <strong>Pursuit</strong>!<br></div><div class="battle-history"><small>(Four lost <abbr title="−145/241">60.2%</abbr> of its health!)</small><br></div><div class="spacer battle-history"><br></div><div class="battle-history">Four went back to Deiroos!<br></div><div class="battle-history">Go! Lova (<strong>Alomomola</strong>)!<br></div><div class="spacer battle-history"><br></div><h2 class="battle-history">Turn 9</h2><div class="spacer battle-history"><br></div><div class="battle-history">The opposing Dingodile used <strong>Taunt</strong>!<br></div><div class="battle-history"><small>Lova fell for the taunt!</small><br></div><div class="spacer battle-history"><br></div><div class="battle-history">Lova can't use Wish after the taunt!<br></div><div class="spacer battle-history"><br></div><h2 class="battle-history">Turn 10</h2><div class="spacer battle-history"><br></div><div class="battle-history">The frozen lopunny withdrew Dingodile!<br></div><div class="battle-history">The frozen lopunny sent out Catfish (<strong>Vaporeon</strong>)!<br></div><div class="spacer battle-history"><br></div><div class="battle-history">Lova, come back!<br></div><div class="battle-history">Go! Kajukaï (<strong>Venusaur</strong>)!<br></div><div class="spacer battle-history"><br></div><div class="battle-history"><small>The opposing Catfish restored a little HP using its Leftovers!</small><br></div><div class="battle-history"><small>The opposing Catfish was hurt by poison!</small><br></div><div class="spacer battle-history"><br></div><h2 class="battle-history">Turn 11</h2><div class="spacer battle-history"><br></div><div class="battle-history">Kajukaï used <strong>Leech Seed</strong>!<br></div><div class="battle-history"><small>The opposing Catfish was seeded!</small><br></div><div class="spacer battle-history"><br></div><div class="battle-history">The opposing Catfish used <strong>Wish</strong>!<br></div><div class="spacer battle-history"><br></div><div class="battle-history"><small>The opposing Catfish restored a little HP using its Leftovers!</small><br></div><div class="battle-history"><small>The opposing Catfish's health is sapped by Leech Seed!</small><br></div><div class="battle-history"><small>The opposing Catfish was hurt by poison!</small><br></div><div class="spacer battle-history"><br></div><h2 class="battle-history">Turn 12</h2><div class="spacer battle-history"><br></div><div class="battle-history">The frozen lopunny withdrew Catfish!<br></div><div class="battle-history">The frozen lopunny sent out Spook (<strong>Chandelure</strong>)!<br></div><div class="spacer battle-history"><br></div><div class="battle-history">Kajukaï used <strong>Giga Drain</strong>!<br></div><div class="battle-history"><small>It's not very effective...</small><br></div><div class="battle-history"><small>(The opposing Spook lost <abbr title="−48/261">18.4%</abbr> of its health!)</small><br></div><div class="spacer battle-history"><br></div><div class="battle-history"><small>Catfish's wish came true!</small><br></div><div class="spacer battle-history"><br></div><h2 class="battle-history">Turn 13</h2><div class="spacer battle-history"><br></div><div class="battle-history">Kajukaï, come back!<br></div><div class="battle-history">Go! L'empereur (<strong>Empoleon</strong>)!<br></div><div class="spacer battle-history"><br></div><div class="battle-history">The opposing Spook used <strong>Fire Blast</strong>!<br></div><div class="battle-history"><small>(L'empereur lost <abbr title="−145/372">39.0%</abbr> of its health!)</small><br></div><div class="spacer battle-history"><br></div><div class="battle-history"><small>L'empereur restored a little HP using its Leftovers!</small><br></div><div class="spacer battle-history"><br></div><h2 class="battle-history">Turn 14</h2><div class="spacer battle-history"><br></div><div class="battle-history">The frozen lopunny withdrew Spook!<br></div><div class="battle-history">The frozen lopunny sent out Metal wallnut (<strong>Forretress</strong>)!<br></div><div class="spacer battle-history"><br></div><div class="battle-history">L'empereur used <strong>Scald</strong>!<br></div><div class="battle-history"><small>(The opposing Metal wallnut lost <abbr title="−165/354">46.6%</abbr> of its health!)</small><br></div><div class="spacer battle-history"><br></div><div class="battle-history"><small>L'empereur restored a little HP using its Leftovers!</small><br></div><div class="battle-history"><small>The opposing Metal wallnut restored a little HP using its Leftovers!</small><br></div><div class="spacer battle-history"><br></div><h2 class="battle-history">Turn 15</h2><div class="spacer battle-history"><br></div><div class="battle-history">The frozen lopunny withdrew Metal wallnut!<br></div><div class="battle-history">The frozen lopunny sent out Catfish (<strong>Vaporeon</strong>)!<br></div><div class="spacer battle-history"><br></div><div class="battle-history">L'empereur used <strong>Scald</strong>!<br></div><div class="battle-history"><small>[The opposing Catfish's Water Absorb]</small><br><small>The opposing Catfish restored its HP.</small><br></div><div class="spacer battle-history"><br></div><div class="battle-history"><small>L'empereur restored a little HP using its Leftovers!</small><br></div><div class="battle-history"><small>The opposing Catfish was hurt by poison!</small><br></div><div class="spacer battle-history"><br></div><h2 class="battle-history">Turn 16</h2><div class="spacer battle-history"><br></div><div class="battle-history">L'empereur, come back!<br></div><div class="battle-history">Go! Mani (<strong>Mamoswine</strong>)!<br></div><div class="spacer battle-history"><br></div><div class="battle-history">The opposing Catfish used <strong>Scald</strong>!<br></div><div class="battle-history"><small>It's super effective!</small><br></div><div class="battle-history"><small>(Mani lost <abbr title="−290/361">80.3%</abbr> of its health!)</small><br></div><div class="spacer battle-history"><br></div><div class="battle-history"><small>The opposing Catfish restored a little HP using its Leftovers!</small><br></div><div class="battle-history"><small>The opposing Catfish was hurt by poison!</small><br></div><div class="spacer battle-history"><br></div><h2 class="battle-history">Turn 17</h2><div class="spacer battle-history"><br></div><div class="battle-history">Mani used <strong>Earthquake</strong>!<br></div><div class="battle-history"><small>(The opposing Catfish lost <abbr title="−309/464">66.6%</abbr> of its health!)</small><br></div><div class="battle-history"><small>Mani lost some of its HP!</small><br></div><div class="spacer battle-history"><br></div><div class="battle-history">The opposing Catfish used <strong>Scald</strong>!<br></div><div class="battle-history"><small>It's super effective!</small><br></div><div class="battle-history"><small>(Mani lost <abbr title="−35/361">9.7%</abbr> of its health!)</small><br></div><div class="spacer battle-history"><br></div><div class="battle-history">Mani fainted!<br></div><div class="spacer battle-history"><br></div><div class="battle-history"><small>The opposing Catfish restored a little HP using its Leftovers!</small><br></div><div class="battle-history"><small>The opposing Catfish was hurt by poison!</small><br></div><div class="spacer battle-history"><br></div><div class="battle-history">Go! Futôn (<strong>Tornadus</strong>)!<br></div><div class="spacer battle-history"><br></div><h2 class="battle-history">Turn 18</h2><div class="spacer battle-history"><br></div><div class="battle-history">The frozen lopunny withdrew Catfish!<br></div><div class="battle-history">The frozen lopunny sent out Poof (<strong>Whimsicott</strong>)!<br></div><div class="spacer battle-history"><br></div><div class="battle-history">Futôn used <strong>Acrobatics</strong>!<br></div><div class="battle-history"><small>It's super effective!</small><br></div><div class="battle-history"><small>(The opposing Poof lost <abbr title="−311/311">100%</abbr> of its health!)</small><br></div><div class="spacer battle-history"><br></div><div class="battle-history">The opposing Poof fainted!<br></div><div class="spacer battle-history"><br></div><div class="battle-history">The frozen lopunny sent out ThisIsMyHappyFace (<strong>Mienshao</strong>)!<br></div><div class="spacer battle-history"><br></div><h2 class="battle-history">Turn 19</h2><div class="spacer battle-history"><br></div><div class="battle-history">Futôn, come back!<br></div><div class="battle-history">Go! Lova (<strong>Alomomola</strong>)!<br></div><div class="spacer battle-history"><br></div><div class="battle-history">The opposing ThisIsMyHappyFace used <strong>Stone Edge</strong>!<br></div><div class="battle-history"><small>(Lova lost <abbr title="−93/534">17.4%</abbr> of its health!)</small><br></div><div class="spacer battle-history"><br></div><h2 class="battle-history">Turn 20</h2><div class="spacer battle-history"><br></div><div class="battle-history">The frozen lopunny withdrew ThisIsMyHappyFace!<br></div><div class="battle-history">The frozen lopunny sent out Catfish (<strong>Vaporeon</strong>)!<br></div><div class="spacer battle-history"><br></div><div class="battle-history">Lova used <strong>Wish</strong>!<br></div><div class="spacer battle-history"><br></div><div class="battle-history"><small>The opposing Catfish restored a little HP using its Leftovers!</small><br></div><div class="battle-history"><small>The opposing Catfish was hurt by poison!</small><br></div><div class="spacer battle-history"><br></div><h2 class="battle-history">Turn 21</h2><div class="spacer battle-history"><br></div><div class="battle-history">Lova, come back!<br></div><div class="battle-history">Go! Futôn (<strong>Tornadus</strong>)!<br></div><div class="spacer battle-history"><br></div><div class="battle-history">The opposing Catfish used <strong>Heal Bell</strong>!<br></div><div class="battle-history"><small>A bell chimed!</small><br></div><div class="battle-history"><small>The opposing Catfish was cured of its poisoning.</small><br></div><div class="spacer battle-history"><br></div><div class="battle-history"><small>The opposing Catfish restored a little HP using its Leftovers!</small><br></div><div class="spacer battle-history"><br></div><h2 class="battle-history">Turn 22</h2><div class="spacer battle-history"><br></div><div class="battle-history">The frozen lopunny withdrew Catfish!<br></div><div class="battle-history">The frozen lopunny sent out Metal wallnut (<strong>Forretress</strong>)!<br></div><div class="spacer battle-history"><br></div><div class="battle-history">Futôn used <strong>Acrobatics</strong>!<br></div><div class="battle-history"><small>(The opposing Metal wallnut lost <abbr title="−99/354">28.0%</abbr> of its health!)</small><br></div><div class="spacer battle-history"><br></div><div class="battle-history"><small>The opposing Metal wallnut restored a little HP using its Leftovers!</small><br></div><div class="spacer battle-history"><br></div><h2 class="battle-history">Turn 23</h2><div class="spacer battle-history"><br></div><div class="battle-history">Futôn used <strong>Taunt</strong>!<br></div><div class="battle-history"><small>The opposing Metal wallnut fell for the taunt!</small><br></div><div class="spacer battle-history"><br></div><div class="battle-history">The opposing Metal wallnut used <strong>Volt Switch</strong>!<br></div><div class="battle-history"><small>It's super effective!</small><br></div><div class="battle-history"><small>(Futôn lost <abbr title="−82/299">27.4%</abbr> of its health!)</small><br></div><div class="spacer battle-history"><br></div><div class="battle-history">The opposing Metal wallnut went back to The frozen lopunny!<br></div><div class="battle-history">The frozen lopunny sent out ThisIsMyHappyFace (<strong>Mienshao</strong>)!<br></div><div class="spacer battle-history"><br></div><h2 class="battle-history">Turn 24</h2><div class="spacer battle-history"><br></div><div class="battle-history">Futôn, come back!<br></div><div class="battle-history">Go! Lova (<strong>Alomomola</strong>)!<br></div><div class="spacer battle-history"><br></div><div class="battle-history">The opposing ThisIsMyHappyFace used <strong>Stone Edge</strong>!<br></div><div class="battle-history"><small>A critical hit!</small><br></div><div class="battle-history"><small>(Lova lost <abbr title="−150/534">28.1%</abbr> of its health!)</small><br></div><div class="spacer battle-history"><br></div><h2 class="battle-history">Turn 25</h2><div class="spacer battle-history"><br></div><div class="battle-history">The frozen lopunny withdrew ThisIsMyHappyFace!<br></div><div class="battle-history">The frozen lopunny sent out Catfish (<strong>Vaporeon</strong>)!<br></div><div class="spacer battle-history"><br></div><div class="battle-history">Lova, come back!<br></div><div class="battle-history">Go! Kajukaï (<strong>Venusaur</strong>)!<br></div><div class="spacer battle-history"><br></div><div class="battle-history"><small>The opposing Catfish restored a little HP using its Leftovers!</small><br></div><div class="spacer battle-history"><br></div><h2 class="battle-history">Turn 26</h2><div class="spacer battle-history"><br></div><div class="battle-history">The opposing Catfish used <strong>Protect</strong>!<br></div><div class="battle-history"><small>The opposing Catfish protected itself!</small><br></div><div class="spacer battle-history"><br></div><div class="battle-history">Kajukaï used <strong>Giga Drain</strong>!<br></div><div class="battle-history"><small>The opposing Catfish protected itself!</small><br></div><div class="spacer battle-history"><br></div><div class="battle-history"><small>The opposing Catfish restored a little HP using its Leftovers!</small><br></div><div class="spacer battle-history"><br></div><h2 class="battle-history">Turn 27</h2><div class="spacer battle-history"><br></div><div class="battle-history">Kajukaï, come back!<br></div><div class="battle-history">Go! Four (<strong>Rotom-Heat</strong>)!<br></div><div class="spacer battle-history"><br></div><div class="battle-history">The frozen lopunny withdrew Catfish!<br></div><div class="battle-history">The frozen lopunny sent out Spook (<strong>Chandelure</strong>)!<br></div><div class="spacer battle-history"><br></div><h2 class="battle-history">Turn 28</h2><div class="spacer battle-history"><br></div><div class="battle-history">Four, come back!<br></div><div class="battle-history">Go! L'empereur (<strong>Empoleon</strong>)!<br></div><div class="spacer battle-history"><br></div><div class="battle-history">The frozen lopunny withdrew Spook!<br></div><div class="battle-history">The frozen lopunny sent out Dingodile (<strong>Krookodile</strong>)!<br></div><div class="spacer battle-history"><br></div><div class="battle-history"><small>L'empereur restored a little HP using its Leftovers!</small><br></div><div class="spacer battle-history"><br></div><h2 class="battle-history">Turn 29</h2><div class="spacer battle-history"><br></div><div class="battle-history">L'empereur, come back!<br></div><div class="battle-history">Go! Lova (<strong>Alomomola</strong>)!<br></div><div class="spacer battle-history"><br></div><div class="battle-history">The opposing Dingodile used <strong>Earthquake</strong>!<br></div><div class="battle-history"><small>(Lova lost <abbr title="−133/534">24.9%</abbr> of its health!)</small><br></div><div class="spacer battle-history"><br></div><h2 class="battle-history">Turn 30</h2><div class="spacer battle-history"><br></div><div class="battle-history">The frozen lopunny withdrew Dingodile!<br></div><div class="battle-history">The frozen lopunny sent out Catfish (<strong>Vaporeon</strong>)!<br></div><div class="spacer battle-history"><br></div><div class="battle-history">Lova, come back!<br></div><div class="battle-history">Go! Futôn (<strong>Tornadus</strong>)!<br></div><div class="spacer battle-history"><br></div><div class="battle-history"><small>The opposing Catfish restored a little HP using its Leftovers!</small><br></div><div class="spacer battle-history"><br></div><h2 class="battle-history">Turn 31</h2><div class="spacer battle-history"><br></div><div class="battle-history">The frozen lopunny withdrew Catfish!<br></div><div class="battle-history">The frozen lopunny sent out Dingodile (<strong>Krookodile</strong>)!<br></div><div class="spacer battle-history"><br></div><div class="battle-history">Futôn used <strong>Bulk Up</strong>!<br></div><div class="battle-history"><small>Futôn's Attack rose!</small><br></div><div class="battle-history"><small>Futôn's Defense rose!</small><br></div><div class="spacer battle-history"><br></div><h2 class="battle-history">Turn 32</h2><div class="spacer battle-history"><br></div><div class="battle-history">Futôn used <strong>Acrobatics</strong>!<br></div><div class="battle-history"><small>(The opposing Dingodile lost <abbr title="−300/331">90.6%</abbr> of its health!)</small><br></div><div class="spacer battle-history"><br></div><div class="battle-history">The opposing Dingodile used <strong>Knock Off</strong>!<br></div><div class="battle-history"><small>(Futôn lost <abbr title="−124/299">41.5%</abbr> of its health!)</small><br></div><div class="spacer battle-history"><br></div><h2 class="battle-history">Turn 33</h2><div class="spacer battle-history"><br></div><div class="battle-history">Futôn used <strong>Acrobatics</strong>!<br></div><div class="battle-history"><small>(The opposing Dingodile lost <abbr title="−31/331">9.4%</abbr> of its health!)</small><br></div><div class="spacer battle-history"><br></div><div class="battle-history">The opposing Dingodile fainted!<br></div><div class="spacer battle-history"><br></div><div class="battle-history">The frozen lopunny sent out ThisIsMyHappyFace (<strong>Mienshao</strong>)!<br></div><div class="spacer battle-history"><br></div><h2 class="battle-history">Turn 34</h2><div class="spacer battle-history"><br></div><div class="battle-history">Futôn, come back!<br></div><div class="battle-history">Go! Lova (<strong>Alomomola</strong>)!<br></div><div class="spacer battle-history"><br></div><div class="battle-history">The opposing ThisIsMyHappyFace used <strong>Stone Edge</strong>!<br></div><div class="battle-history"><small>(Lova lost <abbr title="−103/534">19.3%</abbr> of its health!)</small><br></div><div class="spacer battle-history"><br></div><h2 class="battle-history">Turn 35</h2><div class="spacer battle-history"><br></div><div class="battle-history">The frozen lopunny withdrew ThisIsMyHappyFace!<br></div><div class="battle-history">The frozen lopunny sent out Catfish (<strong>Vaporeon</strong>)!<br></div><div class="spacer battle-history"><br></div><div class="battle-history">Lova, come back!<br></div><div class="battle-history">Go! Kajukaï (<strong>Venusaur</strong>)!<br></div><div class="spacer battle-history"><br></div><div class="battle-history"><small>The opposing Catfish restored a little HP using its Leftovers!</small><br></div><div class="spacer battle-history"><br></div><h2 class="battle-history">Turn 36</h2><div class="spacer battle-history"><br></div><div class="battle-history">The opposing Catfish used <strong>Protect</strong>!<br></div><div class="battle-history"><small>The opposing Catfish protected itself!</small><br></div><div class="spacer battle-history"><br></div><div class="battle-history">Kajukaï used <strong>Giga Drain</strong>!<br></div><div class="battle-history"><small>The opposing Catfish protected itself!</small><br></div><div class="spacer battle-history"><br></div><div class="battle-history"><small>The opposing Catfish restored a little HP using its Leftovers!</small><br></div><div class="spacer battle-history"><br></div><h2 class="battle-history">Turn 37</h2><div class="spacer battle-history"><br></div><div class="battle-history">Kajukaï used <strong>Leech Seed</strong>!<br></div><div class="battle-history"><small>The opposing Catfish was seeded!</small><br></div><div class="spacer battle-history"><br></div><div class="battle-history">The opposing Catfish used <strong>Wish</strong>!<br></div><div class="spacer battle-history"><br></div><div class="battle-history"><small>The opposing Catfish restored a little HP using its Leftovers!</small><br></div><div class="battle-history"><small>The opposing Catfish's health is sapped by Leech Seed!</small><br></div><div class="spacer battle-history"><br></div><h2 class="battle-history">Turn 38</h2><div class="spacer battle-history"><br></div><div class="battle-history">The frozen lopunny withdrew Catfish!<br></div><div class="battle-history">The frozen lopunny sent out Metal wallnut (<strong>Forretress</strong>)!<br></div><div class="spacer battle-history"><br></div><div class="battle-history">Kajukaï used <strong>Giga Drain</strong>!<br></div><div class="battle-history"><small>It's not very effective...</small><br></div><div class="battle-history"><small>(The opposing Metal wallnut lost <abbr title="−31/354">8.8%</abbr> of its health!)</small><br></div><div class="spacer battle-history"><br></div><div class="battle-history"><small>Catfish's wish came true!</small><br></div><div class="battle-history"><small>The opposing Metal wallnut restored a little HP using its Leftovers!</small><br></div><div class="spacer battle-history"><br></div><h2 class="battle-history">Turn 39</h2><div class="spacer battle-history"><br></div><div class="battle-history">Kajukaï, come back!<br></div><div class="battle-history">Go! Four (<strong>Rotom-Heat</strong>)!<br></div><div class="spacer battle-history"><br></div><div class="battle-history">The opposing Metal wallnut used <strong>Stealth Rock</strong>!<br></div><div class="battle-history"><small>Pointed stones float in the air around your team!</small><br></div><div class="spacer battle-history"><br></div><h2 class="battle-history">Turn 40</h2><div class="spacer battle-history"><br></div><div class="battle-history">The frozen lopunny withdrew Metal wallnut!<br></div><div class="battle-history">The frozen lopunny sent out Spook (<strong>Chandelure</strong>)!<br></div><div class="spacer battle-history"><br></div><div class="battle-history">Four used <strong>Volt Switch</strong>!<br></div><div class="battle-history"><small>(The opposing Spook lost <abbr title="−118/261">45.2%</abbr> of its health!)</small><br></div><div class="spacer battle-history"><br></div><div class="battle-history">Four went back to Deiroos!<br></div><div class="battle-history">Go! L'empereur (<strong>Empoleon</strong>)!<br></div><div class="battle-history"><small>Pointed stones dug into L'empereur!</small><br></div><div class="spacer battle-history"><br></div><div class="battle-history"><small>L'empereur restored a little HP using its Leftovers!</small><br></div><div class="spacer battle-history"><br></div><h2 class="battle-history">Turn 41</h2><div class="spacer battle-history"><br></div><div class="battle-history">The opposing Spook used <strong>Fire Blast</strong>!<br></div><div class="battle-history"><small>(L'empereur lost <abbr title="−142/372">38.2%</abbr> of its health!)</small><br></div><div class="battle-history"><small>L'empereur was burned!</small><br></div><div class="spacer battle-history"><br></div><div class="battle-history">L'empereur used <strong>Defog</strong>!<br></div><div class="battle-history"><small>The opposing Spook's evasiveness fell!</small><br></div><div class="battle-history"><small>The pointed stones disappeared from around your team!</small><br></div><div class="spacer battle-history"><br></div><div class="battle-history"><small>L'empereur restored a little HP using its Leftovers!</small><br></div><div class="battle-history"><small>L'empereur was hurt by its burn!</small><br></div><div class="spacer battle-history"><br></div><h2 class="battle-history">Turn 42</h2><div class="spacer battle-history"><br></div><div class="battle-history">The opposing Spook used <strong>Fire Blast</strong>!<br></div><div class="battle-history"><small>(L'empereur lost <abbr title="−110/372">29.6%</abbr> of its health!)</small><br></div><div class="spacer battle-history"><br></div><div class="battle-history">L'empereur fainted!<br></div><div class="spacer battle-history"><br></div><div class="battle-history">Go! Lova (<strong>Alomomola</strong>)!<br></div><div class="spacer battle-history"><br></div><h2 class="battle-history">Turn 43</h2><div class="spacer battle-history"><br></div><div class="battle-history">The frozen lopunny withdrew Spook!<br></div><div class="battle-history">The frozen lopunny sent out Catfish (<strong>Vaporeon</strong>)!<br></div><div class="spacer battle-history"><br></div><div class="battle-history">Lova used <strong>Scald</strong>!<br></div><div class="battle-history"><small>[The opposing Catfish's Water Absorb]</small><br><small>The opposing Catfish restored its HP.</small><br></div><div class="spacer battle-history"><br></div><div class="battle-history"><small>The opposing Catfish restored a little HP using its Leftovers!</small><br></div><div class="spacer battle-history"><br></div><h2 class="battle-history">Turn 44</h2><div class="spacer battle-history"><br></div><div class="battle-history">The opposing Catfish used <strong>Wish</strong>!<br></div><div class="spacer battle-history"><br></div><div class="battle-history">Lova used <strong>Toxic</strong>!<br></div><div class="battle-history"><small>The opposing Catfish was badly poisoned!</small><br></div><div class="spacer battle-history"><br></div><div class="battle-history"><small>The opposing Catfish restored a little HP using its Leftovers!</small><br></div><div class="battle-history"><small>The opposing Catfish was hurt by poison!</small><br></div><div class="spacer battle-history"><br></div><h2 class="battle-history">Turn 45</h2><div class="spacer battle-history"><br></div><div class="battle-history">The frozen lopunny withdrew Catfish!<br></div><div class="battle-history">The frozen lopunny sent out Metal wallnut (<strong>Forretress</strong>)!<br></div><div class="spacer battle-history"><br></div><div class="battle-history">Lova used <strong>Scald</strong>!<br></div><div class="battle-history"><small>A critical hit!</small><br></div><div class="battle-history"><small>(The opposing Metal wallnut lost <abbr title="−105/354">29.7%</abbr> of its health!)</small><br></div><div class="spacer battle-history"><br></div><div class="battle-history"><small>Catfish's wish came true!</small><br></div><div class="spacer battle-history"><br></div><h2 class="battle-history">Turn 46</h2><div class="spacer battle-history"><br></div><div class="battle-history">Lova, come back!<br></div><div class="battle-history">Go! Four (<strong>Rotom-Heat</strong>)!<br></div><div class="spacer battle-history"><br></div><div class="battle-history">The opposing Metal wallnut used <strong>Stealth Rock</strong>!<br></div><div class="battle-history"><small>Pointed stones float in the air around your team!</small><br></div><div class="spacer battle-history"><br></div><h2 class="battle-history">Turn 47</h2><div class="spacer battle-history"><br></div><div class="battle-history">The frozen lopunny withdrew Metal wallnut!<br></div><div class="battle-history">The frozen lopunny sent out Spook (<strong>Chandelure</strong>)!<br></div><div class="spacer battle-history"><br></div><div class="battle-history">Four used <strong>Trick</strong>!<br></div><div class="battle-history"><small>Four switched items with its target!</small><br></div><div class="battle-history"><small>The opposing Spook obtained one Choice Scarf.</small><br></div><div class="battle-history"><small>Four obtained one Expert Belt.</small><br></div><div class="spacer battle-history"><br></div><h2 class="battle-history">Turn 48</h2><div class="chat chatmessage-deiroos"><strong style="color:hsl(53,79%,30%)"><small>☆</small><span class="username" data-name="Deiroos">Deiroos</span>:</strong> <em>sale noob</em></div><div class="spacer battle-history"><br></div><div class="battle-history">Four, come back!<br></div><div class="battle-history">Go! Lova (<strong>Alomomola</strong>)!<br></div><div class="battle-history"><small>Pointed stones dug into Lova!</small><br></div><div class="spacer battle-history"><br></div><div class="battle-history">The opposing Spook used <strong>Shadow Ball</strong>!<br></div><div class="battle-history"><small>(Lova lost <abbr title="−282/534">52.8%</abbr> of its health!)</small><br></div><div class="spacer battle-history"><br></div><h2 class="battle-history">Turn 49</h2><div class="spacer battle-history"><br></div><div class="battle-history">The opposing Spook used <strong>Shadow Ball</strong>!<br></div><div class="battle-history"><small>(Lova lost <abbr title="−186/534">34.8%</abbr> of its health!)</small><br></div><div class="spacer battle-history"><br></div><div class="battle-history">Lova fainted!<br></div><div class="spacer battle-history"><br></div><div class="battle-history">Go! Kajukaï (<strong>Venusaur</strong>)!<br></div><div class="battle-history"><small>Pointed stones dug into Kajukaï!</small><br></div><div class="spacer battle-history"><br></div><h2 class="battle-history">Turn 50</h2><div class="spacer battle-history"><br></div><div class="battle-history">The frozen lopunny withdrew Spook!<br></div><div class="battle-history">The frozen lopunny sent out Metal wallnut (<strong>Forretress</strong>)!<br></div><div class="spacer battle-history"><br></div><div class="battle-history">Kajukaï used <strong>Leech Seed</strong>!<br></div><div class="battle-history"><small>The opposing Metal wallnut was seeded!</small><br></div><div class="spacer battle-history"><br></div><div class="battle-history"><small>Kajukaï restored a little HP using its Black Sludge!</small><br></div><div class="battle-history"><small>The opposing Metal wallnut's health is sapped by Leech Seed!</small><br></div><div class="spacer battle-history"><br></div><h2 class="battle-history">Turn 51</h2><div class="spacer battle-history"><br></div><div class="battle-history"><small>Deiroos forfeited.</small><br></div><div class="spacer battle-history"><br></div><div class="battle-history"><strong>The frozen lopunny</strong> won the battle!<br></div><div class="chat"><small>Deiroos left.</small></div><div class="chat">Deiroos's rating: 1412 → <strong>1396</strong><br>(-16 for losing)</div><div class="chat">The frozen lopunny's rating: 1485 → <strong>1501</strong><br>(+16 for winning)</div></div><div class="inner-preempt"></div></div></div>
</div>
<script>
let daily = Math.floor(Date.now()/1000/60/60/24);document.write('<script src="https://play.pokemonshowdown.com/js/replay-embed.js?version'+daily+'"></'+'script>');
</script>
