<!DOCTYPE html>
<meta charset="utf-8" />
<!-- version 1 -->
<title>UU replay: Parnstar vs. panda williams</title>
<style>
html,body {font-family:Verdana, sans-serif;font-size:10pt;margin:0;padding:0;}body{padding:12px 0;} .battle-log {font-family:Verdana, sans-serif;font-size:10pt;} .battle-log-inline {border:1px solid #AAAAAA;background:#EEF2F5;color:black;max-width:640px;margin:0 auto 80px;padding-bottom:5px;} .battle-log .inner {padding:4px 8px 0px 8px;} .battle-log .inner-preempt {padding:0 8px 4px 8px;} .battle-log .inner-after {margin-top:0.5em;} .battle-log h2 {margin:0.5em -8px;padding:4px 8px;border:1px solid #AAAAAA;background:#E0E7EA;border-left:0;border-right:0;font-family:Verdana, sans-serif;font-size:13pt;} .battle-log .chat {vertical-align:middle;padding:3px 0 3px 0;font-size:8pt;} .battle-log .chat strong {color:#40576A;} .battle-log .chat em {padding:1px 4px 1px 3px;color:#000000;font-style:normal;} .chat.mine {background:rgba(0,0,0,0.05);margin-left:-8px;margin-right:-8px;padding-left:8px;padding-right:8px;} .spoiler {color:#BBBBBB;background:#BBBBBB;padding:0px 3px;} .spoiler:hover, .spoiler:active, .spoiler-shown {color:#000000;background:#E2E2E2;padding:0px 3px;} .spoiler a {color:#BBBBBB;} .spoiler:hover a, .spoiler:active a, .spoiler-shown a {color:#2288CC;} .chat code, .chat .spoiler:hover code, .chat .spoiler:active code, .chat .spoiler-shown code {border:1px solid #C0C0C0;background:#EEEEEE;color:black;padding:0 2px;} .chat .spoiler code {border:1px solid #CCCCCC;background:#CCCCCC;color:#CCCCCC;} .battle-log .rated {padding:3px 4px;} .battle-log .rated strong {color:white;background:#89A;padding:1px 4px;border-radius:4px;} .spacer {margin-top:0.5em;} .message-announce {background:#6688AA;color:white;padding:1px 4px 2px;} .message-announce a, .broadcast-green a, .broadcast-blue a, .broadcast-red a {color:#DDEEFF;} .broadcast-green {background-color:#559955;color:white;padding:2px 4px;} .broadcast-blue {background-color:#6688AA;color:white;padding:2px 4px;} .infobox {border:1px solid #6688AA;padding:2px 4px;} .infobox-limited {max-height:200px;overflow:auto;overflow-x:hidden;} .broadcast-red {background-color:#AA5544;color:white;padding:2px 4px;} .message-learn-canlearn {font-weight:bold;color:#228822;text-decoration:underline;} .message-learn-cannotlearn {font-weight:bold;color:#CC2222;text-decoration:underline;} .message-effect-weak {font-weight:bold;color:#CC2222;} .message-effect-resist {font-weight:bold;color:#6688AA;} .message-effect-immune {font-weight:bold;color:#666666;} .message-learn-list {margin-top:0;margin-bottom:0;} .message-throttle-notice, .message-error {color:#992222;} .message-overflow, .chat small.message-overflow {font-size:0pt;} .message-overflow::before {font-size:9pt;content:'...';} .subtle {color:#3A4A66;}
</style>
<div class="wrapper replay-wrapper" style="max-width:1180px;margin:0 auto">
<input type="hidden" name="replayid" value="uu-543411745" />
<div class="battle"></div><div class="battle-log"></div><div class="replay-controls"></div><div class="replay-controls-2"></div>
<h1 style="font-weight:normal;text-align:center"><strong>UU</strong><br /><a href="http://pokemonshowdown.com/users/parnstar" class="subtle" target="_blank">Parnstar</a> vs. <a href="http://pokemonshowdown.com/users/pandawilliams" class="subtle" target="_blank">panda williams</a></h1>
<script type="text/plain" class="battle-log-data">|j|Parnstar
|j|panda williams
|player|p1|Parnstar|21
|player|p2|panda williams|275
|gametype|singles
|gen|6
|tier|UU
|rated
|seed|13808,62881,1511,53018
|rule|Sleep Clause Mod: Limit one foe put to sleep
|rule|Species Clause: Limit one of each Pokémon
|rule|OHKO Clause: OHKO moves are banned
|rule|Moody Clause: Moody is banned
|rule|Evasion Moves Clause: Evasion moves are banned
|rule|Endless Battle Clause: Forcing endless battles is banned
|rule|HP Percentage Mod: HP is shown in percentages
|clearpoke
|poke|p1|Swampert, M|item
|poke|p1|Kingdra, F|item
|poke|p1|Tornadus, M|item
|poke|p1|Uxie|item
|poke|p1|Electrode|item
|poke|p1|Ludicolo, F|item
|poke|p2|Snorlax, F|item
|poke|p2|Goodra, M|item
|poke|p2|Roserade, F|item
|poke|p2|Sableye, M|item
|poke|p2|Ampharos, F|item
|poke|p2|Milotic, F|item
|rule|Swagger Clause: Swagger is banned
|rule|Baton Pass Clause: Limit one Baton Passer, can't pass Spe and other stats simultaneously
|teampreview
|choice|team 3, team 2, team 1, team 4, team 5, team 6|team 4, team 2, team 3, team 1, team 5, team 6
|
|start
|switch|p1a: Tornadus|Tornadus, M|299\/299
|switch|p2a: Sableye|Sableye, M|304\/304
|turn|1
|choice|move raindance|move taunt
|
|move|p1a: Tornadus|Rain Dance|p1a: Tornadus
|-weather|RainDance
|move|p2a: Sableye|Taunt|p1a: Tornadus
|-start|p1a: Tornadus|move: Taunt
|
|-weather|RainDance|[upkeep]
|upkeep
|turn|2
|choice|move hurricane|move willowisp
|
|move|p2a: Sableye|Will-O-Wisp|p1a: Tornadus
|-status|p1a: Tornadus|brn
|move|p1a: Tornadus|Hurricane|p2a: Sableye
|-damage|p2a: Sableye|135\/304
|-start|p2a: Sableye|confusion
|
|-weather|RainDance|[upkeep]
|-heal|p2a: Sableye|154\/304|[from] item: Leftovers
|-damage|p1a: Tornadus|262\/299 brn|[from] brn
|upkeep
|turn|3
|choice|move hurricane|switch 5
|
|switch|p2a: Ampharos|Ampharos, F|384\/384
|move|p1a: Tornadus|Hurricane|p2a: Ampharos
|-resisted|p2a: Ampharos
|-damage|p2a: Ampharos|299\/384
|-start|p2a: Ampharos|confusion
|
|-weather|RainDance|[upkeep]
|-damage|p1a: Tornadus|225\/299 brn|[from] brn
|upkeep
|turn|4
|choice|move sludgewave|move thunderbolt mega
|
|detailschange|p2a: Ampharos|Ampharos-Mega, F
|-mega|p2a: Ampharos|Ampharos|Ampharosite
|-ability|p2a: Ampharos|Mold Breaker
|move|p1a: Tornadus|Sludge Wave|p2a: Ampharos
|-damage|p2a: Ampharos|214\/384
|-activate|p2a: Ampharos|confusion
|move|p2a: Ampharos|Thunderbolt|p1a: Tornadus
|-supereffective|p1a: Tornadus
|-damage|p1a: Tornadus|0 fnt
|faint|p1a: Tornadus
|
|-weather|RainDance|[upkeep]
|upkeep
|choice|switch 3|
|
|switch|p1a: Swampert|Swampert, M|344\/344
|turn|5
|choice|move earthquake mega|switch 2
|
|switch|p2a: Goodra|Goodra, M|383\/383
|detailschange|p1a: Swampert|Swampert-Mega, M
|-mega|p1a: Swampert|Swampert|Swampertite
|move|p1a: Swampert|Earthquake|p2a: Goodra
|-damage|p2a: Goodra|103\/383
|
|-weather|RainDance|[upkeep]
|upkeep
|turn|6
|choice|move earthquake|move dragontail
|
|move|p1a: Swampert|Earthquake|p2a: Goodra
|-damage|p2a: Goodra|0 fnt
|faint|p2a: Goodra
|
|-weather|RainDance|[upkeep]
|upkeep
|choice||switch 3
|
|switch|p2a: Roserade|Roserade, F|262\/262
|turn|7
|choice|move icepunch|move sleeppowder
|
|move|p1a: Swampert|Ice Punch|p2a: Roserade
|-supereffective|p2a: Roserade
|-crit|p2a: Roserade
|-enditem|p2a: Roserade|Focus Sash
|-damage|p2a: Roserade|1\/262
|move|p2a: Roserade|Sleep Powder|p1a: Swampert|[miss]
|-miss|p2a: Roserade|p1a: Swampert
|
|-weather|RainDance|[upkeep]
|upkeep
|turn|8
|choice|move earthquake|move leafstorm
|
|move|p1a: Swampert|Earthquake|p2a: Roserade
|-damage|p2a: Roserade|0 fnt
|faint|p2a: Roserade
|
|-weather|none
|upkeep
|choice||switch 5
|
|switch|p2a: Sableye|Sableye, M|154\/304
|turn|9
|choice|switch 5|move recover
|
|switch|p1a: Electrode|Electrode|324\/324
|move|p2a: Sableye|Recover|p2a: Sableye
|-heal|p2a: Sableye|304\/304
|
|upkeep
|turn|10
|c|☆Parnstar|Hey
|choice|move voltswitch|move willowisp
|
|move|p2a: Sableye|Will-O-Wisp|p1a: Electrode
|-status|p1a: Electrode|brn
|move|p1a: Electrode|Volt Switch|p2a: Sableye
|-damage|p2a: Sableye|247\/304
|choice|switch 2|
|
|switch|p1a: Kingdra|Kingdra, F|291\/291
|
|-heal|p2a: Sableye|266\/304|[from] item: Leftovers
|upkeep
|turn|11
|choice|move focusenergy|move foulplay
|
|move|p1a: Kingdra|Focus Energy|p1a: Kingdra
|-start|p1a: Kingdra|move: Focus Energy
|move|p2a: Sableye|Foul Play|p1a: Kingdra
|-damage|p1a: Kingdra|200\/291
|
|-heal|p2a: Sableye|285\/304|[from] item: Leftovers
|upkeep
|turn|12
|-message|panda williams forfeited.
|
|win|Parnstar
|player|p1
|player|p2
|l|panda williams
|raw|Parnstar's rating: 1290 &rarr; <strong>1298<\/strong><br \/>(+8 for winning)
|raw|panda williams's rating: 1000 &rarr; <strong>1000<\/strong><br \/>(+0 for losing)</script>
</div>
<div class="battle-log battle-log-inline"><div class="inner"><div class="battle-options"></div><div class="inner"><div class="chat"><small>Parnstar joined.</small></div><div class="chat"><small>panda williams joined.</small></div><div class=""><small>Format:</small> <br><strong>UU</strong></div><div class="rated"><strong>Rated battle</strong></div><div class=""><small><em>Sleep Clause Mod:</em> Limit one foe put to sleep</small></div><div class=""><small><em>Species Clause:</em> Limit one of each Pokémon</small></div><div class=""><small><em>OHKO Clause:</em> OHKO moves are banned</small></div><div class=""><small><em>Moody Clause:</em> Moody is banned</small></div><div class=""><small><em>Evasion Moves Clause:</em> Evasion moves are banned</small></div><div class=""><small><em>Endless Battle Clause:</em> Forcing endless battles is banned</small></div><div class=""><small><em>HP Percentage Mod:</em> HP is shown in percentages</small></div><div class=""><small><em>Swagger Clause:</em> Swagger is banned</small></div><div class=""><small><em>Baton Pass Clause:</em> Limit one Baton Passer, can't pass Spe and other stats simultaneously</small></div><div class="chat battle-history"><strong>Parnstar's team:</strong> <em style="color:#445566;display:block;">Swampert / Kingdra / Tornadus / Uxie / Electrode / Ludicolo</em></div><div class="chat battle-history"><strong>panda williams's team:</strong> <em style="color:#445566;display:block;">Snorlax / Goodra / Roserade / Sableye / Ampharos / Milotic</em></div><div class="spacer battle-history"><br></div><div class="battle-history">Battle started between Parnstar and panda williams!<br></div><div class="spacer battle-history"><br></div><div class="battle-history">Go! <strong>Tornadus</strong>!<br></div><div class="spacer battle-history"><br></div><div class="battle-history">panda williams sent out <strong>Sableye</strong>!<br></div><div class="spacer battle-history"><br></div><h2 class="battle-history">Turn 1</h2><div class="spacer battle-history"><br></div><div class="battle-history">Tornadus used <strong>Rain Dance</strong>!<br></div><div class="battle-history"><small>It started to rain!</small><br></div><div class="spacer battle-history"><br></div><div class="battle-history">The opposing Sableye used <strong>Taunt</strong>!<br></div><div class="battle-history"><small>Tornadus fell for the taunt!</small><br></div><div class="spacer battle-history"><br></div><div class="battle-history"><small>(Rain continues to fall!)</small><br></div><div class="spacer battle-history"><br></div><h2 class="battle-history">Turn 2</h2><div class="spacer battle-history"><br></div><div class="battle-history">The opposing Sableye used <strong>Will-O-Wisp</strong>!<br></div><div class="battle-history"><small>Tornadus was burned!</small><br></div><div class="spacer battle-history"><br></div><div class="battle-history">Tornadus used <strong>Hurricane</strong>!<br></div><div class="battle-history"><small>(The opposing Sableye lost <abbr title="−169/304">55.6%</abbr> of its health!)</small><br></div><div class="battle-history"><small>The opposing Sableye became confused!</small><br></div><div class="spacer battle-history"><br></div><div class="battle-history"><small>(Rain continues to fall!)</small><br></div><div class="battle-history"><small>The opposing Sableye restored a little HP using its Leftovers!</small><br></div><div class="battle-history"><small>Tornadus was hurt by its burn!</small><br></div><div class="spacer battle-history"><br></div><h2 class="battle-history">Turn 3</h2><div class="spacer battle-history"><br></div><div class="battle-history">panda williams withdrew Sableye!<br></div><div class="battle-history">panda williams sent out <strong>Ampharos</strong>!<br></div><div class="spacer battle-history"><br></div><div class="battle-history">Tornadus used <strong>Hurricane</strong>!<br></div><div class="battle-history"><small>It's not very effective...</small><br></div><div class="battle-history"><small>(The opposing Ampharos lost <abbr title="−85/384">22.1%</abbr> of its health!)</small><br></div><div class="battle-history"><small>The opposing Ampharos became confused!</small><br></div><div class="spacer battle-history"><br></div><div class="battle-history"><small>(Rain continues to fall!)</small><br></div><div class="battle-history"><small>Tornadus was hurt by its burn!</small><br></div><div class="spacer battle-history"><br></div><h2 class="battle-history">Turn 4</h2><div class="spacer battle-history"><br></div><div class="battle-history"><small>The opposing Ampharos's Ampharosite is reacting to panda williams's Mega Bracelet!</small><br>The opposing Ampharos has Mega Evolved into Mega Ampharos!<br></div><div class="battle-history"><small>[The opposing Ampharos's Mold Breaker]</small><br><small>The opposing Ampharos breaks the mold!</small><br></div><div class="spacer battle-history"><br></div><div class="battle-history">Tornadus used <strong>Sludge Wave</strong>!<br></div><div class="battle-history"><small>(The opposing Ampharos lost <abbr title="−85/384">22.1%</abbr> of its health!)</small><br></div><div class="spacer battle-history"><br></div><div class="battle-history"><small>The opposing Ampharos is confused!</small><br></div><div class="battle-history">The opposing Ampharos used <strong>Thunderbolt</strong>!<br></div><div class="battle-history"><small>It's super effective!</small><br></div><div class="battle-history"><small>(Tornadus lost <abbr title="−225/299">75.3%</abbr> of its health!)</small><br></div><div class="spacer battle-history"><br></div><div class="battle-history">Tornadus fainted!<br></div><div class="spacer battle-history"><br></div><div class="battle-history"><small>(Rain continues to fall!)</small><br></div><div class="spacer battle-history"><br></div><div class="battle-history">Go! <strong>Swampert</strong>!<br></div><div class="spacer battle-history"><br></div><h2 class="battle-history">Turn 5</h2><div class="spacer battle-history"><br></div><div class="battle-history">panda williams withdrew Ampharos!<br></div><div class="battle-history">panda williams sent out <strong>Goodra</strong>!<br></div><div class="spacer battle-history"><br></div><div class="battle-history"><small>Swampert's Swampertite is reacting to Parnstar's Mega Bracelet!</small><br>Swampert has Mega Evolved into Mega Swampert!<br></div><div class="spacer battle-history"><br></div><div class="battle-history">Swampert used <strong>Earthquake</strong>!<br></div><div class="battle-history"><small>(The opposing Goodra lost <abbr title="−280/383">73.1%</abbr> of its health!)</small><br></div><div class="spacer battle-history"><br></div><div class="battle-history"><small>(Rain continues to fall!)</small><br></div><div class="spacer battle-history"><br></div><h2 class="battle-history">Turn 6</h2><div class="spacer battle-history"><br></div><div class="battle-history">Swampert used <strong>Earthquake</strong>!<br></div><div class="battle-history"><small>(The opposing Goodra lost <abbr title="−103/383">26.9%</abbr> of its health!)</small><br></div><div class="spacer battle-history"><br></div><div class="battle-history">The opposing Goodra fainted!<br></div><div class="spacer battle-history"><br></div><div class="battle-history"><small>(Rain continues to fall!)</small><br></div><div class="spacer battle-history"><br></div><div class="battle-history">panda williams sent out <strong>Roserade</strong>!<br></div><div class="spacer battle-history"><br></div><h2 class="battle-history">Turn 7</h2><div class="spacer battle-history"><br></div><div class="battle-history">Swampert used <strong>Ice Punch</strong>!<br></div><div class="battle-history"><small>It's super effective!</small><br></div><div class="battle-history"><small>A critical hit!</small><br></div><div class="battle-history"><small>The opposing Roserade hung on using its Focus Sash!</small><br></div><div class="battle-history"><small>(The opposing Roserade lost <abbr title="−261/262">99.6%</abbr> of its health!)</small><br></div><div class="spacer battle-history"><br></div><div class="battle-history">The opposing Roserade used <strong>Sleep Powder</strong>!<br></div><div class="battle-history"><small>Swampert avoided the attack!</small><br></div><div class="spacer battle-history"><br></div><div class="battle-history"><small>(Rain continues to fall!)</small><br></div><div class="spacer battle-history"><br></div><h2 class="battle-history">Turn 8</h2><div class="spacer battle-history"><br></div><div class="battle-history">Swampert used <strong>Earthquake</strong>!<br></div><div class="battle-history"><small>(The opposing Roserade lost <abbr title="−1/262">0.4%</abbr> of its health!)</small><br></div><div class="spacer battle-history"><br></div><div class="battle-history">The opposing Roserade fainted!<br></div><div class="spacer battle-history"><br></div><div class="battle-history"><small>The rain stopped.</small><br></div><div class="spacer battle-history"><br></div><div class="battle-history">panda williams sent out <strong>Sableye</strong>!<br></div><div class="spacer battle-history"><br></div><h2 class="battle-history">Turn 9</h2><div class="spacer battle-history"><br></div><div class="battle-history">Swampert, come back!<br></div><div class="battle-history">Go! <strong>Electrode</strong>!<br></div><div class="spacer battle-history"><br></div><div class="battle-history">The opposing Sableye used <strong>Recover</strong>!<br></div><div class="battle-history"><small>The opposing Sableye restored its HP.</small><br></div><div class="spacer battle-history"><br></div><h2 class="battle-history">Turn 10</h2><div class="chat chatmessage-parnstar"><strong style="color:hsl(41,84%,41.163999978976825%)"><small>☆</small><span class="username" data-name="Parnstar">Parnstar</span>:</strong> <em>Hey</em></div><div class="spacer battle-history"><br></div><div class="battle-history">The opposing Sableye used <strong>Will-O-Wisp</strong>!<br></div><div class="battle-history"><small>Electrode was burned!</small><br></div><div class="spacer battle-history"><br></div><div class="battle-history">Electrode used <strong>Volt Switch</strong>!<br></div><div class="battle-history"><small>(The opposing Sableye lost <abbr title="−57/304">18.8%</abbr> of its health!)</small><br></div><div class="spacer battle-history"><br></div><div class="battle-history">Electrode went back to Parnstar!<br></div><div class="battle-history">Go! <strong>Kingdra</strong>!<br></div><div class="spacer battle-history"><br></div><div class="battle-history"><small>The opposing Sableye restored a little HP using its Leftovers!</small><br></div><div class="spacer battle-history"><br></div><h2 class="battle-history">Turn 11</h2><div class="spacer battle-history"><br></div><div class="battle-history">Kingdra used <strong>Focus Energy</strong>!<br></div><div class="battle-history"><small>Kingdra is getting pumped!</small><br></div><div class="spacer battle-history"><br></div><div class="battle-history">The opposing Sableye used <strong>Foul Play</strong>!<br></div><div class="battle-history"><small>(Kingdra lost <abbr title="−91/291">31.3%</abbr> of its health!)</small><br></div><div class="spacer battle-history"><br></div><div class="battle-history"><small>The opposing Sableye restored a little HP using its Leftovers!</small><br></div><div class="spacer battle-history"><br></div><h2 class="battle-history">Turn 12</h2><div class="spacer battle-history"><br></div><div class="battle-history"><small>panda williams forfeited.</small><br></div><div class="spacer battle-history"><br></div><div class="battle-history"><strong>Parnstar</strong> won the battle!<br></div><div class="chat"><small>panda williams left.</small></div><div class="chat">Parnstar's rating: 1290 → <strong>1298</strong><br>(+8 for winning)</div><div class="chat">panda williams's rating: 1000 → <strong>1000</strong><br>(+0 for losing)</div></div><div class="inner-preempt"></div></div></div>
</div>
<script>
let daily = Math.floor(Date.now()/1000/60/60/24);document.write('<script src="https://play.pokemonshowdown.com/js/replay-embed.js?version'+daily+'"></'+'script>');
</script>
