<!DOCTYPE html>
<meta charset="utf-8" />
<!-- version 1 -->
<title>UU replay: cptmikeee vs. Grimreminder09</title>
<style>
html,body {font-family:Verdana, sans-serif;font-size:10pt;margin:0;padding:0;}body{padding:12px 0;} .battle-log {font-family:Verdana, sans-serif;font-size:10pt;} .battle-log-inline {border:1px solid #AAAAAA;background:#EEF2F5;color:black;max-width:640px;margin:0 auto 80px;padding-bottom:5px;} .battle-log .inner {padding:4px 8px 0px 8px;} .battle-log .inner-preempt {padding:0 8px 4px 8px;} .battle-log .inner-after {margin-top:0.5em;} .battle-log h2 {margin:0.5em -8px;padding:4px 8px;border:1px solid #AAAAAA;background:#E0E7EA;border-left:0;border-right:0;font-family:Verdana, sans-serif;font-size:13pt;} .battle-log .chat {vertical-align:middle;padding:3px 0 3px 0;font-size:8pt;} .battle-log .chat strong {color:#40576A;} .battle-log .chat em {padding:1px 4px 1px 3px;color:#000000;font-style:normal;} .chat.mine {background:rgba(0,0,0,0.05);margin-left:-8px;margin-right:-8px;padding-left:8px;padding-right:8px;} .spoiler {color:#BBBBBB;background:#BBBBBB;padding:0px 3px;} .spoiler:hover, .spoiler:active, .spoiler-shown {color:#000000;background:#E2E2E2;padding:0px 3px;} .spoiler a {color:#BBBBBB;} .spoiler:hover a, .spoiler:active a, .spoiler-shown a {color:#2288CC;} .chat code, .chat .spoiler:hover code, .chat .spoiler:active code, .chat .spoiler-shown code {border:1px solid #C0C0C0;background:#EEEEEE;color:black;padding:0 2px;} .chat .spoiler code {border:1px solid #CCCCCC;background:#CCCCCC;color:#CCCCCC;} .battle-log .rated {padding:3px 4px;} .battle-log .rated strong {color:white;background:#89A;padding:1px 4px;border-radius:4px;} .spacer {margin-top:0.5em;} .message-announce {background:#6688AA;color:white;padding:1px 4px 2px;} .message-announce a, .broadcast-green a, .broadcast-blue a, .broadcast-red a {color:#DDEEFF;} .broadcast-green {background-color:#559955;color:white;padding:2px 4px;} .broadcast-blue {background-color:#6688AA;color:white;padding:2px 4px;} .infobox {border:1px solid #6688AA;padding:2px 4px;} .infobox-limited {max-height:200px;overflow:auto;overflow-x:hidden;} .broadcast-red {background-color:#AA5544;color:white;padding:2px 4px;} .message-learn-canlearn {font-weight:bold;color:#228822;text-decoration:underline;} .message-learn-cannotlearn {font-weight:bold;color:#CC2222;text-decoration:underline;} .message-effect-weak {font-weight:bold;color:#CC2222;} .message-effect-resist {font-weight:bold;color:#6688AA;} .message-effect-immune {font-weight:bold;color:#666666;} .message-learn-list {margin-top:0;margin-bottom:0;} .message-throttle-notice, .message-error {color:#992222;} .message-overflow, .chat small.message-overflow {font-size:0pt;} .message-overflow::before {font-size:9pt;content:'...';} .subtle {color:#3A4A66;}
</style>
<div class="wrapper replay-wrapper" style="max-width:1180px;margin:0 auto">
<input type="hidden" name="replayid" value="uu-543789476" />
<div class="battle"></div><div class="battle-log"></div><div class="replay-controls"></div><div class="replay-controls-2"></div>
<h1 style="font-weight:normal;text-align:center"><strong>UU</strong><br /><a href="http://pokemonshowdown.com/users/cptmikeee" class="subtle" target="_blank">cptmikeee</a> vs. <a href="http://pokemonshowdown.com/users/grimreminder09" class="subtle" target="_blank">Grimreminder09</a></h1>
<script type="text/plain" class="battle-log-data">|j|cptmikeee
|j|Grimreminder09
|player|p1|cptmikeee|289
|player|p2|Grimreminder09|126
|gametype|singles
|gen|6
|tier|UU
|seed|12091,2554,22453,31322
|rule|Sleep Clause Mod: Limit one foe put to sleep
|rule|Species Clause: Limit one of each Pokémon
|rule|OHKO Clause: OHKO moves are banned
|rule|Moody Clause: Moody is banned
|rule|Evasion Moves Clause: Evasion moves are banned
|rule|Endless Battle Clause: Forcing endless battles is banned
|rule|HP Percentage Mod: HP is shown in percentages
|clearpoke
|poke|p1|Crobat, M|item
|poke|p1|Absol, M|item
|poke|p1|Arcanine, F|item
|poke|p1|Celebi|item
|poke|p1|Cresselia, F|item
|poke|p1|Chandelure, F|item
|poke|p2|Feraligatr, M|item
|poke|p2|Florges, F|item
|poke|p2|Krookodile, M|item
|poke|p2|Metagross, shiny|item
|poke|p2|Claydol|item
|poke|p2|Tentacruel, M|item
|rule|Swagger Clause: Swagger is banned
|rule|Baton Pass Clause: Limit one Baton Passer, can't pass Spe and other stats simultaneously
|teampreview
|j|Edd-DoDo
|l|Edd-DoDo
|choice|team 4, team 2, team 3, team 1, team 5, team 6|team 3, team 2, team 1, team 4, team 5, team 6
|
|start
|switch|p1a: Celebi|Celebi|396\/396
|switch|p2a: Krookodile|Krookodile, M|333\/333
|-ability|p2a: Krookodile|Intimidate|boost
|-unboost|p1a: Celebi|atk|1
|turn|1
|choice|switch 2|move knockoff
|
|switch|p1a: Absol|Absol, M|271\/271
|-ability|p1a: Absol|Pressure
|move|p2a: Krookodile|Knock Off|p1a: Absol
|-resisted|p1a: Absol
|-damage|p1a: Absol|127\/271
|-enditem|p1a: Absol|Choice Scarf|[from] move: Knock Off|[of] p2a: Krookodile
|
|upkeep
|turn|2
|choice|move playrough|move earthquake
|
|move|p2a: Krookodile|Earthquake|p1a: Absol
|-damage|p1a: Absol|0 fnt
|faint|p1a: Absol
|
|upkeep
|choice|switch 4|
|
|switch|p1a: Crobat|Crobat, M|374\/374
|turn|3
|choice|move gigadrain|switch 4
|
|switch|p2a: Metagross|Metagross, shiny|364\/364
|move|p1a: Crobat|Giga Drain|p2a: Metagross
|-resisted|p2a: Metagross
|-damage|p2a: Metagross|328\/364
|
|-heal|p2a: Metagross|350\/364|[from] item: Leftovers
|upkeep
|turn|4
|choice|move darkpulse|move stealthrock
|
|move|p1a: Crobat|Dark Pulse|p2a: Metagross
|-supereffective|p2a: Metagross
|-damage|p2a: Metagross|210\/364
|move|p2a: Metagross|Stealth Rock|p1a: Crobat
|-sidestart|p1: cptmikeee|move: Stealth Rock
|
|-heal|p2a: Metagross|232\/364|[from] item: Leftovers
|upkeep
|turn|5
|choice|move darkpulse|move zenheadbutt
|
|move|p1a: Crobat|Dark Pulse|p2a: Metagross
|-supereffective|p2a: Metagross
|-damage|p2a: Metagross|86\/364
|move|p2a: Metagross|Zen Headbutt|p1a: Crobat
|-supereffective|p1a: Crobat
|-damage|p1a: Crobat|36\/374
|
|-heal|p2a: Metagross|108\/364|[from] item: Leftovers
|upkeep
|turn|6
|choice|move darkpulse|switch 6
|
|switch|p2a: Tentacruel|Tentacruel, M|301\/301
|move|p1a: Crobat|Dark Pulse|p2a: Tentacruel
|-damage|p2a: Tentacruel|240\/301
|
|-heal|p2a: Tentacruel|258\/301|[from] item: Black Sludge
|upkeep
|turn|7
|choice|move gigadrain|move toxicspikes
|
|move|p2a: Tentacruel|Toxic Spikes|p1a: Crobat
|-sidestart|p1: cptmikeee|move: Toxic Spikes
|move|p1a: Crobat|Giga Drain|p2a: Tentacruel
|-damage|p2a: Tentacruel|203\/301
|-heal|p1a: Crobat|64\/374|[from] drain|[of] p2a: Tentacruel
|
|-heal|p2a: Tentacruel|221\/301|[from] item: Black Sludge
|upkeep
|turn|8
|choice|move roost|move icebeam
|
|move|p2a: Tentacruel|Ice Beam|p1a: Crobat
|-supereffective|p1a: Crobat
|-damage|p1a: Crobat|0 fnt
|faint|p1a: Crobat
|
|-heal|p2a: Tentacruel|239\/301|[from] item: Black Sludge
|upkeep
|choice|switch 2|
|
|switch|p1a: Celebi|Celebi|396\/396
|-damage|p1a: Celebi|347\/396|[from] Stealth Rock
|-status|p1a: Celebi|psn
|turn|9
|choice|move dazzlinggleam|move sludgewave
|
|move|p2a: Tentacruel|Sludge Wave|p1a: Celebi
|-supereffective|p1a: Celebi
|-damage|p1a: Celebi|89\/396 psn
|move|p1a: Celebi|Dazzling Gleam|p2a: Tentacruel
|-resisted|p2a: Tentacruel
|-damage|p2a: Tentacruel|205\/301
|
|-heal|p2a: Tentacruel|223\/301|[from] item: Black Sludge
|-heal|p1a: Celebi|113\/396 psn|[from] item: Leftovers
|-damage|p1a: Celebi|64\/396 psn|[from] psn
|upkeep
|turn|10
|choice|move earthpower|move sludgewave
|
|move|p2a: Tentacruel|Sludge Wave|p1a: Celebi
|-supereffective|p1a: Celebi
|-crit|p1a: Celebi
|-damage|p1a: Celebi|0 fnt
|faint|p1a: Celebi
|
|-heal|p2a: Tentacruel|241\/301|[from] item: Black Sludge
|upkeep
|choice|switch 6|
|
|switch|p1a: Chandelure|Chandelure, F|323\/323
|-status|p1a: Chandelure|psn
|-damage|p1a: Chandelure|243\/323 psn|[from] Stealth Rock
|turn|11
|choice|move shadowball|move scald
|
|move|p2a: Tentacruel|Scald|p1a: Chandelure
|-supereffective|p1a: Chandelure
|-damage|p1a: Chandelure|13\/323 psn
|move|p1a: Chandelure|Shadow Ball|p2a: Tentacruel
|-damage|p2a: Tentacruel|37\/301
|
|-heal|p2a: Tentacruel|55\/301|[from] item: Black Sludge
|-damage|p1a: Chandelure|0 fnt|[from] psn
|upkeep
|faint|p1a: Chandelure
|choice|switch 5|
|
|switch|p1a: Cresselia|Cresselia, F|444\/444
|-damage|p1a: Cresselia|389\/444|[from] Stealth Rock
|turn|12
|choice|move psyshock|switch 4
|
|switch|p2a: Krookodile|Krookodile, M|333\/333
|-ability|p2a: Krookodile|Intimidate|boost
|-unboost|p1a: Cresselia|atk|1
|move|p1a: Cresselia|Psyshock|p2a: Krookodile
|-immune|p2a: Krookodile|[msg]
|
|-heal|p1a: Cresselia|416\/444|[from] item: Leftovers
|upkeep
|turn|13
|choice|move moonblast|move knockoff
|
|move|p2a: Krookodile|Knock Off|p1a: Cresselia
|-supereffective|p1a: Cresselia
|-crit|p1a: Cresselia
|-damage|p1a: Cresselia|0 fnt
|-enditem|p1a: Cresselia|Leftovers|[from] move: Knock Off|[of] p2a: Krookodile
|faint|p1a: Cresselia
|
|upkeep
|c|☆Grimreminder09|gg
|-message|cptmikeee forfeited.
|
|win|Grimreminder09
|player|p1
|player|p2
|l|cptmikeee</script>
</div>
<div class="battle-log battle-log-inline"><div class="inner"><div class="battle-options"></div><div class="inner"><div class="chat"><small>cptmikeee joined.</small></div><div class="chat"><small>Grimreminder09 joined.</small></div><div class=""><small>Format:</small> <br><strong>UU</strong></div><div class=""><small><em>Sleep Clause Mod:</em> Limit one foe put to sleep</small></div><div class=""><small><em>Species Clause:</em> Limit one of each Pokémon</small></div><div class=""><small><em>OHKO Clause:</em> OHKO moves are banned</small></div><div class=""><small><em>Moody Clause:</em> Moody is banned</small></div><div class=""><small><em>Evasion Moves Clause:</em> Evasion moves are banned</small></div><div class=""><small><em>Endless Battle Clause:</em> Forcing endless battles is banned</small></div><div class=""><small><em>HP Percentage Mod:</em> HP is shown in percentages</small></div><div class=""><small><em>Swagger Clause:</em> Swagger is banned</small></div><div class=""><small><em>Baton Pass Clause:</em> Limit one Baton Passer, can't pass Spe and other stats simultaneously</small></div><div class="chat battle-history"><strong>cptmikeee's team:</strong> <em style="color:#445566;display:block;">Crobat / Absol / Arcanine / Celebi / Cresselia / Chandelure</em></div><div class="chat battle-history"><strong>Grimreminder09's team:</strong> <em style="color:#445566;display:block;">Feraligatr / Florges / Krookodile / Metagross / Claydol / Tentacruel</em></div><div class="chat"><small>Edd-DoDo joined.</small></div><div class="chat"><small>Edd-DoDo left.</small></div><div class="spacer battle-history"><br></div><div class="battle-history">Battle started between cptmikeee and Grimreminder09!<br></div><div class="spacer battle-history"><br></div><div class="battle-history">Go! <strong>Celebi</strong>!<br></div><div class="spacer battle-history"><br></div><div class="battle-history">Grimreminder09 sent out <strong>Krookodile</strong>!<br></div><div class="battle-history"><small>[The opposing Krookodile's Intimidate]</small><br></div><div class="battle-history"><small>Celebi's Attack fell!</small><br></div><div class="spacer battle-history"><br></div><h2 class="battle-history">Turn 1</h2><div class="spacer battle-history"><br></div><div class="battle-history">Celebi, come back!<br></div><div class="battle-history">Go! <strong>Absol</strong>!<br></div><div class="battle-history"><small>[Absol's Pressure]</small><br><small>Absol is exerting its pressure!</small><br></div><div class="spacer battle-history"><br></div><div class="battle-history">The opposing Krookodile used <strong>Knock Off</strong>!<br></div><div class="battle-history"><small>It's not very effective...</small><br></div><div class="battle-history"><small>(Absol lost <abbr title="−144/271">53.1%</abbr> of its health!)</small><br></div><div class="battle-history"><small>The opposing Krookodile knocked off Absol's Choice Scarf!</small><br></div><div class="spacer battle-history"><br></div><h2 class="battle-history">Turn 2</h2><div class="spacer battle-history"><br></div><div class="battle-history">The opposing Krookodile used <strong>Earthquake</strong>!<br></div><div class="battle-history"><small>(Absol lost <abbr title="−127/271">46.9%</abbr> of its health!)</small><br></div><div class="spacer battle-history"><br></div><div class="battle-history">Absol fainted!<br></div><div class="spacer battle-history"><br></div><div class="battle-history">Go! <strong>Crobat</strong>!<br></div><div class="spacer battle-history"><br></div><h2 class="battle-history">Turn 3</h2><div class="spacer battle-history"><br></div><div class="battle-history">Grimreminder09 withdrew Krookodile!<br></div><div class="battle-history">Grimreminder09 sent out <strong>Metagross</strong>!<br></div><div class="spacer battle-history"><br></div><div class="battle-history">Crobat used <strong>Giga Drain</strong>!<br></div><div class="battle-history"><small>It's not very effective...</small><br></div><div class="battle-history"><small>(The opposing Metagross lost <abbr title="−36/364">9.9%</abbr> of its health!)</small><br></div><div class="spacer battle-history"><br></div><div class="battle-history"><small>The opposing Metagross restored a little HP using its Leftovers!</small><br></div><div class="spacer battle-history"><br></div><h2 class="battle-history">Turn 4</h2><div class="spacer battle-history"><br></div><div class="battle-history">Crobat used <strong>Dark Pulse</strong>!<br></div><div class="battle-history"><small>It's super effective!</small><br></div><div class="battle-history"><small>(The opposing Metagross lost <abbr title="−140/364">38.5%</abbr> of its health!)</small><br></div><div class="spacer battle-history"><br></div><div class="battle-history">The opposing Metagross used <strong>Stealth Rock</strong>!<br></div><div class="battle-history"><small>Pointed stones float in the air around your team!</small><br></div><div class="spacer battle-history"><br></div><div class="battle-history"><small>The opposing Metagross restored a little HP using its Leftovers!</small><br></div><div class="spacer battle-history"><br></div><h2 class="battle-history">Turn 5</h2><div class="spacer battle-history"><br></div><div class="battle-history">Crobat used <strong>Dark Pulse</strong>!<br></div><div class="battle-history"><small>It's super effective!</small><br></div><div class="battle-history"><small>(The opposing Metagross lost <abbr title="−146/364">40.1%</abbr> of its health!)</small><br></div><div class="spacer battle-history"><br></div><div class="battle-history">The opposing Metagross used <strong>Zen Headbutt</strong>!<br></div><div class="battle-history"><small>It's super effective!</small><br></div><div class="battle-history"><small>(Crobat lost <abbr title="−338/374">90.4%</abbr> of its health!)</small><br></div><div class="spacer battle-history"><br></div><div class="battle-history"><small>The opposing Metagross restored a little HP using its Leftovers!</small><br></div><div class="spacer battle-history"><br></div><h2 class="battle-history">Turn 6</h2><div class="spacer battle-history"><br></div><div class="battle-history">Grimreminder09 withdrew Metagross!<br></div><div class="battle-history">Grimreminder09 sent out <strong>Tentacruel</strong>!<br></div><div class="spacer battle-history"><br></div><div class="battle-history">Crobat used <strong>Dark Pulse</strong>!<br></div><div class="battle-history"><small>(The opposing Tentacruel lost <abbr title="−61/301">20.3%</abbr> of its health!)</small><br></div><div class="spacer battle-history"><br></div><div class="battle-history"><small>The opposing Tentacruel restored a little HP using its Black Sludge!</small><br></div><div class="spacer battle-history"><br></div><h2 class="battle-history">Turn 7</h2><div class="spacer battle-history"><br></div><div class="battle-history">The opposing Tentacruel used <strong>Toxic Spikes</strong>!<br></div><div class="battle-history"><small>Poison spikes were scattered on the ground all around your team!</small><br></div><div class="spacer battle-history"><br></div><div class="battle-history">Crobat used <strong>Giga Drain</strong>!<br></div><div class="battle-history"><small>(The opposing Tentacruel lost <abbr title="−55/301">18.3%</abbr> of its health!)</small><br></div><div class="battle-history"><small>The opposing Tentacruel had its energy drained!</small><br></div><div class="spacer battle-history"><br></div><div class="battle-history"><small>The opposing Tentacruel restored a little HP using its Black Sludge!</small><br></div><div class="spacer battle-history"><br></div><h2 class="battle-history">Turn 8</h2><div class="spacer battle-history"><br></div><div class="battle-history">The opposing Tentacruel used <strong>Ice Beam</strong>!<br></div><div class="battle-history"><small>It's super effective!</small><br></div><div class="battle-history"><small>(Crobat lost <abbr title="−64/374">17.1%</abbr> of its health!)</small><br></div><div class="spacer battle-history"><br></div><div class="battle-history">Crobat fainted!<br></div><div class="spacer battle-history"><br></div><div class="battle-history"><small>The opposing Tentacruel restored a little HP using its Black Sludge!</small><br></div><div class="spacer battle-history"><br></div><div class="battle-history">Go! <strong>Celebi</strong>!<br></div><div class="battle-history"><small>Pointed stones dug into Celebi!</small><br></div><div class="battle-history"><small>Celebi was poisoned!</small><br></div><div class="spacer battle-history"><br></div><h2 class="battle-history">Turn 9</h2><div class="spacer battle-history"><br></div><div class="battle-history">The opposing Tentacruel used <strong>Sludge Wave</strong>!<br></div><div class="battle-history"><small>It's super effective!</small><br></div><div class="battle-history"><small>(Celebi lost <abbr title="−258/396">65.2%</abbr> of its health!)</small><br></div><div class="spacer battle-history"><br></div><div class="battle-history">Celebi used <strong>Dazzling Gleam</strong>!<br></div><div class="battle-history"><small>It's not very effective...</small><br></div><div class="battle-history"><small>(The opposing Tentacruel lost <abbr title="−34/301">11.3%</abbr> of its health!)</small><br></div><div class="spacer battle-history"><br></div><div class="battle-history"><small>The opposing Tentacruel restored a little HP using its Black Sludge!</small><br></div><div class="battle-history"><small>Celebi restored a little HP using its Leftovers!</small><br></div><div class="battle-history"><small>Celebi was hurt by poison!</small><br></div><div class="spacer battle-history"><br></div><h2 class="battle-history">Turn 10</h2><div class="spacer battle-history"><br></div><div class="battle-history">The opposing Tentacruel used <strong>Sludge Wave</strong>!<br></div><div class="battle-history"><small>It's super effective!</small><br></div><div class="battle-history"><small>A critical hit!</small><br></div><div class="battle-history"><small>(Celebi lost <abbr title="−64/396">16.2%</abbr> of its health!)</small><br></div><div class="spacer battle-history"><br></div><div class="battle-history">Celebi fainted!<br></div><div class="spacer battle-history"><br></div><div class="battle-history"><small>The opposing Tentacruel restored a little HP using its Black Sludge!</small><br></div><div class="spacer battle-history"><br></div><div class="battle-history">Go! <strong>Chandelure</strong>!<br></div><div class="battle-history"><small>Chandelure was poisoned!</small><br></div><div class="battle-history"><small>Pointed stones dug into Chandelure!</small><br></div><div class="spacer battle-history"><br></div><h2 class="battle-history">Turn 11</h2><div class="spacer battle-history"><br></div><div class="battle-history">The opposing Tentacruel used <strong>Scald</strong>!<br></div><div class="battle-history"><small>It's super effective!</small><br></div><div class="battle-history"><small>(Chandelure lost <abbr title="−230/323">71.2%</abbr> of its health!)</small><br></div><div class="spacer battle-history"><br></div><div class="battle-history">Chandelure used <strong>Shadow Ball</strong>!<br></div><div class="battle-history"><small>(The opposing Tentacruel lost <abbr title="−204/301">67.8%</abbr> of its health!)</small><br></div><div class="spacer battle-history"><br></div><div class="battle-history"><small>The opposing Tentacruel restored a little HP using its Black Sludge!</small><br></div><div class="battle-history"><small>Chandelure was hurt by poison!</small><br></div><div class="spacer battle-history"><br></div><div class="battle-history">Chandelure fainted!<br></div><div class="spacer battle-history"><br></div><div class="battle-history">Go! <strong>Cresselia</strong>!<br></div><div class="battle-history"><small>Pointed stones dug into Cresselia!</small><br></div><div class="spacer battle-history"><br></div><h2 class="battle-history">Turn 12</h2><div class="spacer battle-history"><br></div><div class="battle-history">Grimreminder09 withdrew Tentacruel!<br></div><div class="battle-history">Grimreminder09 sent out <strong>Krookodile</strong>!<br></div><div class="battle-history"><small>[The opposing Krookodile's Intimidate]</small><br></div><div class="battle-history"><small>Cresselia's Attack fell!</small><br></div><div class="spacer battle-history"><br></div><div class="battle-history">Cresselia used <strong>Psyshock</strong>!<br></div><div class="battle-history"><small>It doesn't affect the opposing Krookodile...</small><br></div><div class="spacer battle-history"><br></div><div class="battle-history"><small>Cresselia restored a little HP using its Leftovers!</small><br></div><div class="spacer battle-history"><br></div><h2 class="battle-history">Turn 13</h2><div class="spacer battle-history"><br></div><div class="battle-history">The opposing Krookodile used <strong>Knock Off</strong>!<br></div><div class="battle-history"><small>It's super effective!</small><br></div><div class="battle-history"><small>A critical hit!</small><br></div><div class="battle-history"><small>(Cresselia lost <abbr title="−416/444">93.7%</abbr> of its health!)</small><br></div><div class="battle-history"><small>The opposing Krookodile knocked off Cresselia's Leftovers!</small><br></div><div class="spacer battle-history"><br></div><div class="battle-history">Cresselia fainted!<br></div><div class="chat chatmessage-grimreminder09"><strong style="color:hsl(233,81%,61.56518281469149%)"><small>☆</small><span class="username" data-name="Grimreminder09">Grimreminder09</span>:</strong> <em>gg</em></div><div class="spacer battle-history"><br></div><div class="battle-history"><small>cptmikeee forfeited.</small><br></div><div class="spacer battle-history"><br></div><div class="battle-history"><strong>Grimreminder09</strong> won the battle!<br></div><div class="chat"><small>cptmikeee left.</small></div></div><div class="inner-preempt"></div></div></div>
</div>
<script>
let daily = Math.floor(Date.now()/1000/60/60/24);document.write('<script src="https://play.pokemonshowdown.com/js/replay-embed.js?version'+daily+'"></'+'script>');
</script>
