<!DOCTYPE html>
<meta charset="utf-8" />
<!-- version 1 -->
<title>NU replay: Schlotzer vs. HMO15</title>
<style>
html,body {font-family:Verdana, sans-serif;font-size:10pt;margin:0;padding:0;}body{padding:12px 0;} .battle-log {font-family:Verdana, sans-serif;font-size:10pt;} .battle-log-inline {border:1px solid #AAAAAA;background:#EEF2F5;color:black;max-width:640px;margin:0 auto 80px;padding-bottom:5px;} .battle-log .inner {padding:4px 8px 0px 8px;} .battle-log .inner-preempt {padding:0 8px 4px 8px;} .battle-log .inner-after {margin-top:0.5em;} .battle-log h2 {margin:0.5em -8px;padding:4px 8px;border:1px solid #AAAAAA;background:#E0E7EA;border-left:0;border-right:0;font-family:Verdana, sans-serif;font-size:13pt;} .battle-log .chat {vertical-align:middle;padding:3px 0 3px 0;font-size:8pt;} .battle-log .chat strong {color:#40576A;} .battle-log .chat em {padding:1px 4px 1px 3px;color:#000000;font-style:normal;} .chat.mine {background:rgba(0,0,0,0.05);margin-left:-8px;margin-right:-8px;padding-left:8px;padding-right:8px;} .spoiler {color:#BBBBBB;background:#BBBBBB;padding:0px 3px;} .spoiler:hover, .spoiler:active, .spoiler-shown {color:#000000;background:#E2E2E2;padding:0px 3px;} .spoiler a {color:#BBBBBB;} .spoiler:hover a, .spoiler:active a, .spoiler-shown a {color:#2288CC;} .chat code, .chat .spoiler:hover code, .chat .spoiler:active code, .chat .spoiler-shown code {border:1px solid #C0C0C0;background:#EEEEEE;color:black;padding:0 2px;} .chat .spoiler code {border:1px solid #CCCCCC;background:#CCCCCC;color:#CCCCCC;} .battle-log .rated {padding:3px 4px;} .battle-log .rated strong {color:white;background:#89A;padding:1px 4px;border-radius:4px;} .spacer {margin-top:0.5em;} .message-announce {background:#6688AA;color:white;padding:1px 4px 2px;} .message-announce a, .broadcast-green a, .broadcast-blue a, .broadcast-red a {color:#DDEEFF;} .broadcast-green {background-color:#559955;color:white;padding:2px 4px;} .broadcast-blue {background-color:#6688AA;color:white;padding:2px 4px;} .infobox {border:1px solid #6688AA;padding:2px 4px;} .infobox-limited {max-height:200px;overflow:auto;overflow-x:hidden;} .broadcast-red {background-color:#AA5544;color:white;padding:2px 4px;} .message-learn-canlearn {font-weight:bold;color:#228822;text-decoration:underline;} .message-learn-cannotlearn {font-weight:bold;color:#CC2222;text-decoration:underline;} .message-effect-weak {font-weight:bold;color:#CC2222;} .message-effect-resist {font-weight:bold;color:#6688AA;} .message-effect-immune {font-weight:bold;color:#666666;} .message-learn-list {margin-top:0;margin-bottom:0;} .message-throttle-notice, .message-error {color:#992222;} .message-overflow, .chat small.message-overflow {font-size:0pt;} .message-overflow::before {font-size:9pt;content:'...';} .subtle {color:#3A4A66;}
</style>
<div class="wrapper replay-wrapper" style="max-width:1180px;margin:0 auto">
<input type="hidden" name="replayid" value="nu-522401218" />
<div class="battle"></div><div class="battle-log"></div><div class="replay-controls"></div><div class="replay-controls-2"></div>
<h1 style="font-weight:normal;text-align:center"><strong>NU</strong><br /><a href="http://pokemonshowdown.com/users/schlotzer" class="subtle" target="_blank">Schlotzer</a> vs. <a href="http://pokemonshowdown.com/users/hmo15" class="subtle" target="_blank">HMO15</a></h1>
<script type="text/plain" class="battle-log-data">|j|Schlotzer
|j|HMO15
|player|p1|Schlotzer|156
|player|p2|HMO15|3
|gametype|singles
|gen|6
|tier|NU
|rated
|seed|34714,63060,58842,39019
|rule|Sleep Clause Mod: Limit one foe put to sleep
|rule|Species Clause: Limit one of each Pokémon
|rule|OHKO Clause: OHKO moves are banned
|rule|Moody Clause: Moody is banned
|rule|Evasion Moves Clause: Evasion moves are banned
|rule|Endless Battle Clause: Forcing endless battles is banned
|rule|HP Percentage Mod: HP is shown in percentages
|clearpoke
|poke|p1|Xatu, F|item
|poke|p1|Scyther, M, shiny|item
|poke|p1|Poliwrath, M|item
|poke|p1|Flareon, F|item
|poke|p1|Vileplume, F|item
|poke|p1|Liepard, F|item
|poke|p2|Dunsparce, F|item
|poke|p2|Bibarel, M|item
|poke|p2|Pyroar, F|item
|poke|p2|Audino, F|item
|poke|p2|Miltank, F|item
|poke|p2|Porygon|item
|rule|Swagger Clause: Swagger is banned
|rule|Baton Pass Clause: Limit one Baton Passer, can't pass Spe and other stats simultaneously
|teampreview
|choice|team 1, team 2, team 3, team 4, team 5, team 6|team 1, team 2, team 3, team 4, team 5, team 6
|
|start
|switch|p1a: Xatu|Xatu, F|334\/334
|switch|p2a: Dunsparce|Dunsparce, F|341\/341
|turn|1
|choice|move heatwave|move glare
|
|move|p1a: Xatu|Heat Wave|p2a: Dunsparce
|-damage|p2a: Dunsparce|240\/341
|move|p2a: Dunsparce|Glare|p1a: Xatu
|move|p1a: Xatu|Glare|p2a: Dunsparce|[from]Magic Bounce
|-status|p2a: Dunsparce|par
|
|upkeep
|turn|2
|choice|move heatwave|move defensecurl
|
|move|p1a: Xatu|Heat Wave|p2a: Dunsparce
|-damage|p2a: Dunsparce|135\/341 par
|move|p2a: Dunsparce|Defense Curl|p2a: Dunsparce
|-boost|p2a: Dunsparce|def|1
|
|upkeep
|turn|3
|choice|move heatwave|move rollout
|
|move|p1a: Xatu|Heat Wave|p2a: Dunsparce|[miss]
|-miss|p1a: Xatu|p2a: Dunsparce
|move|p2a: Dunsparce|Rollout|p1a: Xatu
|-supereffective|p1a: Xatu
|-damage|p1a: Xatu|260\/334
|-damage|p2a: Dunsparce|79\/341 par|[from] item: Rocky Helmet|[of] p1a: Xatu
|
|upkeep
|turn|4
|choice|move heatwave|move rollout
|
|move|p1a: Xatu|Heat Wave|p2a: Dunsparce
|-damage|p2a: Dunsparce|0 fnt
|faint|p2a: Dunsparce
|
|upkeep
|choice||switch 2
|
|switch|p2a: Bibarel|Bibarel, M|299\/299
|turn|5
|choice|move grassknot|move curse
|
|move|p1a: Xatu|Grass Knot|p2a: Bibarel
|-supereffective|p2a: Bibarel
|-damage|p2a: Bibarel|167\/299
|move|p2a: Bibarel|Curse|p2a: Bibarel
|-unboost|p2a: Bibarel|spe|2
|-boost|p2a: Bibarel|atk|2
|-boost|p2a: Bibarel|def|2
|
|upkeep
|turn|6
|choice|move grassknot|move curse
|
|move|p1a: Xatu|Grass Knot|p2a: Bibarel
|-supereffective|p2a: Bibarel
|-damage|p2a: Bibarel|23\/299
|move|p2a: Bibarel|Curse|p2a: Bibarel
|-unboost|p2a: Bibarel|spe|2
|-boost|p2a: Bibarel|atk|2
|-boost|p2a: Bibarel|def|2
|
|upkeep
|turn|7
|choice|move grassknot|move rest
|
|move|p1a: Xatu|Grass Knot|p2a: Bibarel
|-supereffective|p2a: Bibarel
|-damage|p2a: Bibarel|0 fnt
|faint|p2a: Bibarel
|
|upkeep
|choice||switch 3
|
|switch|p2a: Pyroar|Pyroar, F|313\/313
|-ability|p2a: Pyroar|Unnerve|p1: Schlotzer
|turn|8
|choice|switch 4|move sunnyday
|
|switch|p1a: Flareon|Flareon, F|334\/334
|move|p2a: Pyroar|Sunny Day|p2a: Pyroar
|-weather|SunnyDay
|
|-weather|SunnyDay|[upkeep]
|upkeep
|turn|9
|choice|move superpower|move flamethrower
|
|move|p2a: Pyroar|Flamethrower|p1a: Flareon
|-start|p1a: Flareon|ability: Flash Fire
|move|p1a: Flareon|Superpower|p2a: Pyroar
|-supereffective|p2a: Pyroar
|-damage|p2a: Pyroar|0 fnt
|-unboost|p1a: Flareon|atk|1
|-unboost|p1a: Flareon|def|1
|faint|p2a: Pyroar
|
|-weather|SunnyDay|[upkeep]
|upkeep
|choice||switch 4
|
|switch|p2a: Audino|Audino, F|347\/347
|turn|10
|choice|move superpower|move wish mega
|
|detailschange|p2a: Audino|Audino-Mega, F
|-mega|p2a: Audino|Audino|Audinite
|move|p1a: Flareon|Superpower|p2a: Audino
|-damage|p2a: Audino|220\/347
|-unboost|p1a: Flareon|atk|1
|-unboost|p1a: Flareon|def|1
|move|p2a: Audino|Wish|p2a: Audino
|
|-weather|SunnyDay|[upkeep]
|upkeep
|turn|11
|choice|switch 4|move drainpunch
|
|-end|p1a: Flareon|ability: Flash Fire|[silent]
|switch|p1a: Xatu|Xatu, F|260\/334
|move|p2a: Audino|Drain Punch|p1a: Xatu
|-resisted|p1a: Xatu
|-damage|p1a: Xatu|250\/334
|-heal|p2a: Audino|225\/347|[from] drain|[of] p1a: Xatu
|-damage|p2a: Audino|168\/347|[from] item: Rocky Helmet|[of] p1a: Xatu
|
|-weather|SunnyDay|[upkeep]
|-heal|p2a: Audino|341\/347|[from] move: Wish|[wisher] Audino
|upkeep
|turn|12
|choice|move heatwave|move wish
|
|move|p1a: Xatu|Heat Wave|p2a: Audino
|-damage|p2a: Audino|255\/347
|move|p2a: Audino|Wish|p2a: Audino
|
|-weather|SunnyDay|[upkeep]
|upkeep
|turn|13
|choice|move heatwave|move dazzlinggleam
|
|move|p1a: Xatu|Heat Wave|p2a: Audino
|-damage|p2a: Audino|170\/347
|move|p2a: Audino|Dazzling Gleam|p1a: Xatu
|-damage|p1a: Xatu|141\/334
|
|-weather|SunnyDay|[upkeep]
|-heal|p2a: Audino|343\/347|[from] move: Wish|[wisher] Audino
|upkeep
|turn|14
|choice|move roost|move wish
|
|move|p1a: Xatu|Roost|p1a: Xatu
|-heal|p1a: Xatu|308\/334
|move|p2a: Audino|Wish|p2a: Audino
|
|-weather|SunnyDay|[upkeep]
|upkeep
|turn|15
|choice|move heatwave|move doubleedge
|
|move|p1a: Xatu|Heat Wave|p2a: Audino
|-damage|p2a: Audino|262\/347
|move|p2a: Audino|Double-Edge|p1a: Xatu
|-damage|p1a: Xatu|217\/334
|-damage|p2a: Audino|205\/347|[from] item: Rocky Helmet|[of] p1a: Xatu
|-damage|p2a: Audino|175\/347|[from] recoil|[of] p1a: Xatu
|
|-weather|none
|-heal|p2a: Audino|347\/347|[from] move: Wish|[wisher] Audino
|upkeep
|turn|16
|choice|switch 4|move dazzlinggleam
|
|switch|p1a: Flareon|Flareon, F|334\/334
|move|p2a: Audino|Dazzling Gleam|p1a: Flareon
|-resisted|p1a: Flareon
|-damage|p1a: Flareon|298\/334
|
|upkeep
|turn|17
|choice|move flareblitz|move drainpunch
|
|move|p1a: Flareon|Flare Blitz|p2a: Audino
|-damage|p2a: Audino|80\/347
|-damage|p1a: Flareon|210\/334|[from] recoil|[of] p2a: Audino
|move|p2a: Audino|Drain Punch|p1a: Flareon
|-damage|p1a: Flareon|148\/334
|-heal|p2a: Audino|111\/347|[from] drain|[of] p1a: Flareon
|
|upkeep
|turn|18
|choice|move flareblitz|switch 5
|
|switch|p2a: Miltank|Miltank, F|381\/381
|move|p1a: Flareon|Flare Blitz|p2a: Miltank
|-damage|p2a: Miltank|215\/381
|-damage|p1a: Flareon|93\/334|[from] item: Rocky Helmet|[of] p2a: Miltank
|-damage|p1a: Flareon|38\/334|[from] recoil|[of] p2a: Miltank
|
|upkeep
|turn|19
|choice|move flareblitz|move milkdrink
|
|move|p2a: Miltank|Milk Drink|p2a: Miltank
|-heal|p2a: Miltank|381\/381
|move|p1a: Flareon|Flare Blitz|p2a: Miltank
|-crit|p2a: Miltank
|-damage|p2a: Miltank|132\/381
|-damage|p1a: Flareon|0 fnt|[from] item: Rocky Helmet|[of] p2a: Miltank
|faint|p1a: Flareon
|
|upkeep
|choice|switch 3|
|
|switch|p1a: Poliwrath|Poliwrath, M|384\/384
|turn|20
|choice|move substitute|move milkdrink
|
|move|p2a: Miltank|Milk Drink|p2a: Miltank
|-heal|p2a: Miltank|323\/381
|move|p1a: Poliwrath|Substitute|p1a: Poliwrath
|-start|p1a: Poliwrath|Substitute
|-damage|p1a: Poliwrath|288\/384
|
|-heal|p1a: Poliwrath|312\/384|[from] item: Leftovers
|upkeep
|turn|21
|choice|move bulkup|move curse
|
|move|p2a: Miltank|Curse|p2a: Miltank
|-unboost|p2a: Miltank|spe|1
|-boost|p2a: Miltank|atk|1
|-boost|p2a: Miltank|def|1
|move|p1a: Poliwrath|Bulk Up|p1a: Poliwrath
|-boost|p1a: Poliwrath|atk|1
|-boost|p1a: Poliwrath|def|1
|
|-heal|p1a: Poliwrath|336\/384|[from] item: Leftovers
|upkeep
|turn|22
|choice|move bulkup|move curse
|
|move|p1a: Poliwrath|Bulk Up|p1a: Poliwrath
|-boost|p1a: Poliwrath|atk|1
|-boost|p1a: Poliwrath|def|1
|move|p2a: Miltank|Curse|p2a: Miltank
|-unboost|p2a: Miltank|spe|1
|-boost|p2a: Miltank|atk|1
|-boost|p2a: Miltank|def|1
|
|-heal|p1a: Poliwrath|360\/384|[from] item: Leftovers
|upkeep
|turn|23
|choice|move focuspunch|move earthquake
|
|-singleturn|p1a: Poliwrath|move: Focus Punch
|move|p2a: Miltank|Earthquake|p1a: Poliwrath
|-end|p1a: Poliwrath|Substitute
|move|p1a: Poliwrath|Focus Punch|p2a: Miltank
|-supereffective|p2a: Miltank
|-crit|p2a: Miltank
|-damage|p2a: Miltank|0 fnt
|-damage|p1a: Poliwrath|296\/384|[from] item: Rocky Helmet|[of] p2a: Miltank
|faint|p2a: Miltank
|
|-heal|p1a: Poliwrath|320\/384|[from] item: Leftovers
|upkeep
|choice||switch 6
|
|switch|p2a: Porygon|Porygon|271\/271
|-ability|p2a: Porygon|Download|boost
|-boost|p2a: Porygon|spa|1
|turn|24
|choice|move waterfall|move agility
|
|move|p1a: Poliwrath|Waterfall|p2a: Porygon
|-damage|p2a: Porygon|34\/271
|move|p2a: Porygon|Agility|p2a: Porygon
|-boost|p2a: Porygon|spe|2
|
|-heal|p1a: Poliwrath|344\/384|[from] item: Leftovers
|upkeep
|turn|25
|choice|move waterfall|move recover
|
|move|p2a: Porygon|Recover|p2a: Porygon
|-heal|p2a: Porygon|170\/271
|move|p1a: Poliwrath|Waterfall|p2a: Porygon
|-damage|p2a: Porygon|0 fnt
|faint|p2a: Porygon
|
|-heal|p1a: Poliwrath|368\/384|[from] item: Leftovers
|upkeep
|choice||switch 5
|
|switch|p2a: Audino|Audino-Mega, F|111\/347
|turn|26
|choice|move waterfall|move doubleedge
|
|move|p1a: Poliwrath|Waterfall|p2a: Audino
|-damage|p2a: Audino|0 fnt
|faint|p2a: Audino
|
|win|Schlotzer
|player|p1
|player|p2</script>
</div>
<div class="battle-log battle-log-inline"><div class="inner"><div class="battle-options"></div><div class="inner"><div class="chat"><small>Schlotzer joined.</small></div><div class="chat"><small>HMO15 joined.</small></div><div class=""><small>Format:</small> <br><strong>NU</strong></div><div class="rated"><strong>Rated battle</strong></div><div class=""><small><em>Sleep Clause Mod:</em> Limit one foe put to sleep</small></div><div class=""><small><em>Species Clause:</em> Limit one of each Pokémon</small></div><div class=""><small><em>OHKO Clause:</em> OHKO moves are banned</small></div><div class=""><small><em>Moody Clause:</em> Moody is banned</small></div><div class=""><small><em>Evasion Moves Clause:</em> Evasion moves are banned</small></div><div class=""><small><em>Endless Battle Clause:</em> Forcing endless battles is banned</small></div><div class=""><small><em>HP Percentage Mod:</em> HP is shown in percentages</small></div><div class=""><small><em>Swagger Clause:</em> Swagger is banned</small></div><div class=""><small><em>Baton Pass Clause:</em> Limit one Baton Passer, can't pass Spe and other stats simultaneously</small></div><div class="chat battle-history"><strong>Schlotzer's team:</strong> <em style="color:#445566;display:block;">Xatu / Scyther / Poliwrath / Flareon / Vileplume / Liepard</em></div><div class="chat battle-history"><strong>HMO15's team:</strong> <em style="color:#445566;display:block;">Dunsparce / Bibarel / Pyroar / Audino / Miltank / Porygon</em></div><div class="spacer battle-history"><br></div><div class="battle-history">Battle started between Schlotzer and HMO15!<br></div><div class="spacer battle-history"><br></div><div class="battle-history">Go! <strong>Xatu</strong>!<br></div><div class="spacer battle-history"><br></div><div class="battle-history">HMO15 sent out <strong>Dunsparce</strong>!<br></div><div class="spacer battle-history"><br></div><h2 class="battle-history">Turn 1</h2><div class="spacer battle-history"><br></div><div class="battle-history">Xatu used <strong>Heat Wave</strong>!<br></div><div class="battle-history"><small>(The opposing Dunsparce lost <abbr title="−101/341">29.6%</abbr> of its health!)</small><br></div><div class="spacer battle-history"><br></div><div class="battle-history">The opposing Dunsparce used <strong>Glare</strong>!<br></div><div class="spacer battle-history"><br></div><div class="battle-history"><small>[Xatu's Magic Bounce]</small><br>Xatu bounced the Glare back!<br></div><div class="battle-history"><small>The opposing Dunsparce is paralyzed! It may be unable to move!</small><br></div><div class="spacer battle-history"><br></div><h2 class="battle-history">Turn 2</h2><div class="spacer battle-history"><br></div><div class="battle-history">Xatu used <strong>Heat Wave</strong>!<br></div><div class="battle-history"><small>(The opposing Dunsparce lost <abbr title="−105/341">30.8%</abbr> of its health!)</small><br></div><div class="spacer battle-history"><br></div><div class="battle-history">The opposing Dunsparce used <strong>Defense Curl</strong>!<br></div><div class="battle-history"><small>The opposing Dunsparce's Defense rose!</small><br></div><div class="spacer battle-history"><br></div><h2 class="battle-history">Turn 3</h2><div class="spacer battle-history"><br></div><div class="battle-history">Xatu used <strong>Heat Wave</strong>!<br></div><div class="battle-history"><small>The opposing Dunsparce avoided the attack!</small><br></div><div class="spacer battle-history"><br></div><div class="battle-history">The opposing Dunsparce used <strong>Rollout</strong>!<br></div><div class="battle-history"><small>It's super effective!</small><br></div><div class="battle-history"><small>(Xatu lost <abbr title="−74/334">22.2%</abbr> of its health!)</small><br></div><div class="battle-history"><small>The opposing Dunsparce was hurt by the Rocky Helmet!</small><br></div><div class="spacer battle-history"><br></div><h2 class="battle-history">Turn 4</h2><div class="spacer battle-history"><br></div><div class="battle-history">Xatu used <strong>Heat Wave</strong>!<br></div><div class="battle-history"><small>(The opposing Dunsparce lost <abbr title="−79/341">23.2%</abbr> of its health!)</small><br></div><div class="spacer battle-history"><br></div><div class="battle-history">The opposing Dunsparce fainted!<br></div><div class="spacer battle-history"><br></div><div class="battle-history">HMO15 sent out <strong>Bibarel</strong>!<br></div><div class="spacer battle-history"><br></div><h2 class="battle-history">Turn 5</h2><div class="spacer battle-history"><br></div><div class="battle-history">Xatu used <strong>Grass Knot</strong>!<br></div><div class="battle-history"><small>It's super effective!</small><br></div><div class="battle-history"><small>(The opposing Bibarel lost <abbr title="−132/299">44.1%</abbr> of its health!)</small><br></div><div class="spacer battle-history"><br></div><div class="battle-history">The opposing Bibarel used <strong>Curse</strong>!<br></div><div class="battle-history"><small>The opposing Bibarel's Speed fell harshly!</small><br></div><div class="battle-history"><small>The opposing Bibarel's Attack rose sharply!</small><br></div><div class="battle-history"><small>The opposing Bibarel's Defense rose sharply!</small><br></div><div class="spacer battle-history"><br></div><h2 class="battle-history">Turn 6</h2><div class="spacer battle-history"><br></div><div class="battle-history">Xatu used <strong>Grass Knot</strong>!<br></div><div class="battle-history"><small>It's super effective!</small><br></div><div class="battle-history"><small>(The opposing Bibarel lost <abbr title="−144/299">48.2%</abbr> of its health!)</small><br></div><div class="spacer battle-history"><br></div><div class="battle-history">The opposing Bibarel used <strong>Curse</strong>!<br></div><div class="battle-history"><small>The opposing Bibarel's Speed fell harshly!</small><br></div><div class="battle-history"><small>The opposing Bibarel's Attack rose sharply!</small><br></div><div class="battle-history"><small>The opposing Bibarel's Defense rose sharply!</small><br></div><div class="spacer battle-history"><br></div><h2 class="battle-history">Turn 7</h2><div class="spacer battle-history"><br></div><div class="battle-history">Xatu used <strong>Grass Knot</strong>!<br></div><div class="battle-history"><small>It's super effective!</small><br></div><div class="battle-history"><small>(The opposing Bibarel lost <abbr title="−23/299">7.7%</abbr> of its health!)</small><br></div><div class="spacer battle-history"><br></div><div class="battle-history">The opposing Bibarel fainted!<br></div><div class="spacer battle-history"><br></div><div class="battle-history">HMO15 sent out <strong>Pyroar</strong>!<br></div><div class="battle-history"><small>[The opposing Pyroar's Unnerve]</small><br><small>Your team is too nervous to eat Berries!</small><br></div><div class="spacer battle-history"><br></div><h2 class="battle-history">Turn 8</h2><div class="spacer battle-history"><br></div><div class="battle-history">Xatu, come back!<br></div><div class="battle-history">Go! <strong>Flareon</strong>!<br></div><div class="spacer battle-history"><br></div><div class="battle-history">The opposing Pyroar used <strong>Sunny Day</strong>!<br></div><div class="battle-history"><small>The sunlight turned harsh!</small><br></div><div class="spacer battle-history"><br></div><div class="battle-history"><small>(The sunlight is strong!)</small><br></div><div class="spacer battle-history"><br></div><h2 class="battle-history">Turn 9</h2><div class="spacer battle-history"><br></div><div class="battle-history">The opposing Pyroar used <strong>Flamethrower</strong>!<br></div><div class="battle-history"><small>[Flareon's Flash Fire]</small><br><small>The power of Flareon's Fire-type moves rose!</small><br></div><div class="spacer battle-history"><br></div><div class="battle-history">Flareon used <strong>Superpower</strong>!<br></div><div class="battle-history"><small>It's super effective!</small><br></div><div class="battle-history"><small>(The opposing Pyroar lost <abbr title="−313/313">100%</abbr> of its health!)</small><br></div><div class="battle-history"><small>Flareon's Attack fell!</small><br></div><div class="battle-history"><small>Flareon's Defense fell!</small><br></div><div class="spacer battle-history"><br></div><div class="battle-history">The opposing Pyroar fainted!<br></div><div class="spacer battle-history"><br></div><div class="battle-history"><small>(The sunlight is strong!)</small><br></div><div class="spacer battle-history"><br></div><div class="battle-history">HMO15 sent out <strong>Audino</strong>!<br></div><div class="spacer battle-history"><br></div><h2 class="battle-history">Turn 10</h2><div class="spacer battle-history"><br></div><div class="battle-history"><small>The opposing Audino's Audinite is reacting to HMO15's Mega Bracelet!</small><br>The opposing Audino has Mega Evolved into Mega Audino!<br></div><div class="spacer battle-history"><br></div><div class="battle-history">Flareon used <strong>Superpower</strong>!<br></div><div class="battle-history"><small>(The opposing Audino lost <abbr title="−127/347">36.6%</abbr> of its health!)</small><br></div><div class="battle-history"><small>Flareon's Attack fell!</small><br></div><div class="battle-history"><small>Flareon's Defense fell!</small><br></div><div class="spacer battle-history"><br></div><div class="battle-history">The opposing Audino used <strong>Wish</strong>!<br></div><div class="spacer battle-history"><br></div><div class="battle-history"><small>(The sunlight is strong!)</small><br></div><div class="spacer battle-history"><br></div><h2 class="battle-history">Turn 11</h2><div class="spacer battle-history"><br></div><div class="battle-history">Flareon, come back!<br></div><div class="battle-history">Go! <strong>Xatu</strong>!<br></div><div class="spacer battle-history"><br></div><div class="battle-history">The opposing Audino used <strong>Drain Punch</strong>!<br></div><div class="battle-history"><small>It's not very effective...</small><br></div><div class="battle-history"><small>(Xatu lost <abbr title="−10/334">3.0%</abbr> of its health!)</small><br></div><div class="battle-history"><small>Xatu had its energy drained!</small><br></div><div class="battle-history"><small>The opposing Audino was hurt by the Rocky Helmet!</small><br></div><div class="spacer battle-history"><br></div><div class="battle-history"><small>(The sunlight is strong!)</small><br></div><div class="battle-history"><small>Audino's wish came true!</small><br></div><div class="spacer battle-history"><br></div><h2 class="battle-history">Turn 12</h2><div class="spacer battle-history"><br></div><div class="battle-history">Xatu used <strong>Heat Wave</strong>!<br></div><div class="battle-history"><small>(The opposing Audino lost <abbr title="−86/347">24.8%</abbr> of its health!)</small><br></div><div class="spacer battle-history"><br></div><div class="battle-history">The opposing Audino used <strong>Wish</strong>!<br></div><div class="spacer battle-history"><br></div><div class="battle-history"><small>(The sunlight is strong!)</small><br></div><div class="spacer battle-history"><br></div><h2 class="battle-history">Turn 13</h2><div class="spacer battle-history"><br></div><div class="battle-history">Xatu used <strong>Heat Wave</strong>!<br></div><div class="battle-history"><small>(The opposing Audino lost <abbr title="−85/347">24.5%</abbr> of its health!)</small><br></div><div class="spacer battle-history"><br></div><div class="battle-history">The opposing Audino used <strong>Dazzling Gleam</strong>!<br></div><div class="battle-history"><small>(Xatu lost <abbr title="−109/334">32.6%</abbr> of its health!)</small><br></div><div class="spacer battle-history"><br></div><div class="battle-history"><small>(The sunlight is strong!)</small><br></div><div class="battle-history"><small>Audino's wish came true!</small><br></div><div class="spacer battle-history"><br></div><h2 class="battle-history">Turn 14</h2><div class="spacer battle-history"><br></div><div class="battle-history">Xatu used <strong>Roost</strong>!<br></div><div class="battle-history"><small>Xatu restored its HP.</small><br></div><div class="spacer battle-history"><br></div><div class="battle-history">The opposing Audino used <strong>Wish</strong>!<br></div><div class="spacer battle-history"><br></div><div class="battle-history"><small>(The sunlight is strong!)</small><br></div><div class="spacer battle-history"><br></div><h2 class="battle-history">Turn 15</h2><div class="spacer battle-history"><br></div><div class="battle-history">Xatu used <strong>Heat Wave</strong>!<br></div><div class="battle-history"><small>(The opposing Audino lost <abbr title="−81/347">23.3%</abbr> of its health!)</small><br></div><div class="spacer battle-history"><br></div><div class="battle-history">The opposing Audino used <strong>Double-Edge</strong>!<br></div><div class="battle-history"><small>(Xatu lost <abbr title="−91/334">27.2%</abbr> of its health!)</small><br></div><div class="battle-history"><small>The opposing Audino was hurt by the Rocky Helmet!</small><br></div><div class="battle-history"><small>The opposing Audino is damaged by the recoil!</small><br></div><div class="spacer battle-history"><br></div><div class="battle-history"><small>The sunlight faded.</small><br></div><div class="battle-history"><small>Audino's wish came true!</small><br></div><div class="spacer battle-history"><br></div><h2 class="battle-history">Turn 16</h2><div class="spacer battle-history"><br></div><div class="battle-history">Xatu, come back!<br></div><div class="battle-history">Go! <strong>Flareon</strong>!<br></div><div class="spacer battle-history"><br></div><div class="battle-history">The opposing Audino used <strong>Dazzling Gleam</strong>!<br></div><div class="battle-history"><small>It's not very effective...</small><br></div><div class="battle-history"><small>(Flareon lost <abbr title="−36/334">10.8%</abbr> of its health!)</small><br></div><div class="spacer battle-history"><br></div><h2 class="battle-history">Turn 17</h2><div class="spacer battle-history"><br></div><div class="battle-history">Flareon used <strong>Flare Blitz</strong>!<br></div><div class="battle-history"><small>(The opposing Audino lost <abbr title="−267/347">76.9%</abbr> of its health!)</small><br></div><div class="battle-history"><small>Flareon is damaged by the recoil!</small><br></div><div class="spacer battle-history"><br></div><div class="battle-history">The opposing Audino used <strong>Drain Punch</strong>!<br></div><div class="battle-history"><small>(Flareon lost <abbr title="−62/334">18.6%</abbr> of its health!)</small><br></div><div class="battle-history"><small>Flareon had its energy drained!</small><br></div><div class="spacer battle-history"><br></div><h2 class="battle-history">Turn 18</h2><div class="spacer battle-history"><br></div><div class="battle-history">HMO15 withdrew Audino!<br></div><div class="battle-history">HMO15 sent out <strong>Miltank</strong>!<br></div><div class="spacer battle-history"><br></div><div class="battle-history">Flareon used <strong>Flare Blitz</strong>!<br></div><div class="battle-history"><small>(The opposing Miltank lost <abbr title="−166/381">43.6%</abbr> of its health!)</small><br></div><div class="battle-history"><small>Flareon was hurt by the Rocky Helmet!</small><br></div><div class="battle-history"><small>Flareon is damaged by the recoil!</small><br></div><div class="spacer battle-history"><br></div><h2 class="battle-history">Turn 19</h2><div class="spacer battle-history"><br></div><div class="battle-history">The opposing Miltank used <strong>Milk Drink</strong>!<br></div><div class="battle-history"><small>The opposing Miltank restored its HP.</small><br></div><div class="spacer battle-history"><br></div><div class="battle-history">Flareon used <strong>Flare Blitz</strong>!<br></div><div class="battle-history"><small>A critical hit!</small><br></div><div class="battle-history"><small>(The opposing Miltank lost <abbr title="−249/381">65.4%</abbr> of its health!)</small><br></div><div class="battle-history"><small>Flareon was hurt by the Rocky Helmet!</small><br></div><div class="spacer battle-history"><br></div><div class="battle-history">Flareon fainted!<br></div><div class="spacer battle-history"><br></div><div class="battle-history">Go! <strong>Poliwrath</strong>!<br></div><div class="spacer battle-history"><br></div><h2 class="battle-history">Turn 20</h2><div class="spacer battle-history"><br></div><div class="battle-history">The opposing Miltank used <strong>Milk Drink</strong>!<br></div><div class="battle-history"><small>The opposing Miltank restored its HP.</small><br></div><div class="spacer battle-history"><br></div><div class="battle-history">Poliwrath used <strong>Substitute</strong>!<br></div><div class="battle-history"><small>Poliwrath put in a substitute!</small><br></div><div class="battle-history"><small>(Poliwrath lost <abbr title="−96/384">25%</abbr> of its health!)</small><br></div><div class="spacer battle-history"><br></div><div class="battle-history"><small>Poliwrath restored a little HP using its Leftovers!</small><br></div><div class="spacer battle-history"><br></div><h2 class="battle-history">Turn 21</h2><div class="spacer battle-history"><br></div><div class="battle-history">The opposing Miltank used <strong>Curse</strong>!<br></div><div class="battle-history"><small>The opposing Miltank's Speed fell!</small><br></div><div class="battle-history"><small>The opposing Miltank's Attack rose!</small><br></div><div class="battle-history"><small>The opposing Miltank's Defense rose!</small><br></div><div class="spacer battle-history"><br></div><div class="battle-history">Poliwrath used <strong>Bulk Up</strong>!<br></div><div class="battle-history"><small>Poliwrath's Attack rose!</small><br></div><div class="battle-history"><small>Poliwrath's Defense rose!</small><br></div><div class="spacer battle-history"><br></div><div class="battle-history"><small>Poliwrath restored a little HP using its Leftovers!</small><br></div><div class="spacer battle-history"><br></div><h2 class="battle-history">Turn 22</h2><div class="spacer battle-history"><br></div><div class="battle-history">Poliwrath used <strong>Bulk Up</strong>!<br></div><div class="battle-history"><small>Poliwrath's Attack rose!</small><br></div><div class="battle-history"><small>Poliwrath's Defense rose!</small><br></div><div class="spacer battle-history"><br></div><div class="battle-history">The opposing Miltank used <strong>Curse</strong>!<br></div><div class="battle-history"><small>The opposing Miltank's Speed fell!</small><br></div><div class="battle-history"><small>The opposing Miltank's Attack rose!</small><br></div><div class="battle-history"><small>The opposing Miltank's Defense rose!</small><br></div><div class="spacer battle-history"><br></div><div class="battle-history"><small>Poliwrath restored a little HP using its Leftovers!</small><br></div><div class="spacer battle-history"><br></div><h2 class="battle-history">Turn 23</h2><div class="spacer battle-history"><br></div><div class="battle-history"><small>Poliwrath is tightening its focus!</small><br></div><div class="spacer battle-history"><br></div><div class="battle-history">The opposing Miltank used <strong>Earthquake</strong>!<br></div><div class="battle-history"><small>Poliwrath's substitute faded!</small><br></div><div class="spacer battle-history"><br></div><div class="battle-history">Poliwrath used <strong>Focus Punch</strong>!<br></div><div class="battle-history"><small>It's super effective!</small><br></div><div class="battle-history"><small>A critical hit!</small><br></div><div class="battle-history"><small>(The opposing Miltank lost <abbr title="−323/381">84.8%</abbr> of its health!)</small><br></div><div class="battle-history"><small>Poliwrath was hurt by the Rocky Helmet!</small><br></div><div class="spacer battle-history"><br></div><div class="battle-history">The opposing Miltank fainted!<br></div><div class="spacer battle-history"><br></div><div class="battle-history"><small>Poliwrath restored a little HP using its Leftovers!</small><br></div><div class="spacer battle-history"><br></div><div class="battle-history">HMO15 sent out <strong>Porygon</strong>!<br></div><div class="battle-history"><small>[The opposing Porygon's Download]</small><br></div><div class="battle-history"><small>The opposing Porygon's Special Attack rose!</small><br></div><div class="spacer battle-history"><br></div><h2 class="battle-history">Turn 24</h2><div class="spacer battle-history"><br></div><div class="battle-history">Poliwrath used <strong>Waterfall</strong>!<br></div><div class="battle-history"><small>(The opposing Porygon lost <abbr title="−237/271">87.5%</abbr> of its health!)</small><br></div><div class="spacer battle-history"><br></div><div class="battle-history">The opposing Porygon used <strong>Agility</strong>!<br></div><div class="battle-history"><small>The opposing Porygon's Speed rose sharply!</small><br></div><div class="spacer battle-history"><br></div><div class="battle-history"><small>Poliwrath restored a little HP using its Leftovers!</small><br></div><div class="spacer battle-history"><br></div><h2 class="battle-history">Turn 25</h2><div class="spacer battle-history"><br></div><div class="battle-history">The opposing Porygon used <strong>Recover</strong>!<br></div><div class="battle-history"><small>The opposing Porygon restored its HP.</small><br></div><div class="spacer battle-history"><br></div><div class="battle-history">Poliwrath used <strong>Waterfall</strong>!<br></div><div class="battle-history"><small>(The opposing Porygon lost <abbr title="−170/271">62.7%</abbr> of its health!)</small><br></div><div class="spacer battle-history"><br></div><div class="battle-history">The opposing Porygon fainted!<br></div><div class="spacer battle-history"><br></div><div class="battle-history"><small>Poliwrath restored a little HP using its Leftovers!</small><br></div><div class="spacer battle-history"><br></div><div class="battle-history">HMO15 sent out Audino (<strong>Audino-Mega</strong>)!<br></div><div class="spacer battle-history"><br></div><h2 class="battle-history">Turn 26</h2><div class="spacer battle-history"><br></div><div class="battle-history">Poliwrath used <strong>Waterfall</strong>!<br></div><div class="battle-history"><small>(The opposing Audino lost <abbr title="−111/347">32.0%</abbr> of its health!)</small><br></div><div class="spacer battle-history"><br></div><div class="battle-history">The opposing Audino fainted!<br></div><div class="spacer battle-history"><br></div><div class="battle-history"><strong>Schlotzer</strong> won the battle!<br></div></div><div class="inner-preempt"></div></div></div>
</div>
<script>
let daily = Math.floor(Date.now()/1000/60/60/24);document.write('<script src="https://play.pokemonshowdown.com/js/replay-embed.js?version'+daily+'"></'+'script>');
</script>
