<!DOCTYPE html>
<meta charset="utf-8" />
<!-- version 1 -->
<title>NU replay: dezinger123 vs. W@mr</title>
<style>
html,body {font-family:Verdana, sans-serif;font-size:10pt;margin:0;padding:0;}body{padding:12px 0;} .battle-log {font-family:Verdana, sans-serif;font-size:10pt;} .battle-log-inline {border:1px solid #AAAAAA;background:#EEF2F5;color:black;max-width:640px;margin:0 auto 80px;padding-bottom:5px;} .battle-log .inner {padding:4px 8px 0px 8px;} .battle-log .inner-preempt {padding:0 8px 4px 8px;} .battle-log .inner-after {margin-top:0.5em;} .battle-log h2 {margin:0.5em -8px;padding:4px 8px;border:1px solid #AAAAAA;background:#E0E7EA;border-left:0;border-right:0;font-family:Verdana, sans-serif;font-size:13pt;} .battle-log .chat {vertical-align:middle;padding:3px 0 3px 0;font-size:8pt;} .battle-log .chat strong {color:#40576A;} .battle-log .chat em {padding:1px 4px 1px 3px;color:#000000;font-style:normal;} .chat.mine {background:rgba(0,0,0,0.05);margin-left:-8px;margin-right:-8px;padding-left:8px;padding-right:8px;} .spoiler {color:#BBBBBB;background:#BBBBBB;padding:0px 3px;} .spoiler:hover, .spoiler:active, .spoiler-shown {color:#000000;background:#E2E2E2;padding:0px 3px;} .spoiler a {color:#BBBBBB;} .spoiler:hover a, .spoiler:active a, .spoiler-shown a {color:#2288CC;} .chat code, .chat .spoiler:hover code, .chat .spoiler:active code, .chat .spoiler-shown code {border:1px solid #C0C0C0;background:#EEEEEE;color:black;padding:0 2px;} .chat .spoiler code {border:1px solid #CCCCCC;background:#CCCCCC;color:#CCCCCC;} .battle-log .rated {padding:3px 4px;} .battle-log .rated strong {color:white;background:#89A;padding:1px 4px;border-radius:4px;} .spacer {margin-top:0.5em;} .message-announce {background:#6688AA;color:white;padding:1px 4px 2px;} .message-announce a, .broadcast-green a, .broadcast-blue a, .broadcast-red a {color:#DDEEFF;} .broadcast-green {background-color:#559955;color:white;padding:2px 4px;} .broadcast-blue {background-color:#6688AA;color:white;padding:2px 4px;} .infobox {border:1px solid #6688AA;padding:2px 4px;} .infobox-limited {max-height:200px;overflow:auto;overflow-x:hidden;} .broadcast-red {background-color:#AA5544;color:white;padding:2px 4px;} .message-learn-canlearn {font-weight:bold;color:#228822;text-decoration:underline;} .message-learn-cannotlearn {font-weight:bold;color:#CC2222;text-decoration:underline;} .message-effect-weak {font-weight:bold;color:#CC2222;} .message-effect-resist {font-weight:bold;color:#6688AA;} .message-effect-immune {font-weight:bold;color:#666666;} .message-learn-list {margin-top:0;margin-bottom:0;} .message-throttle-notice, .message-error {color:#992222;} .message-overflow, .chat small.message-overflow {font-size:0pt;} .message-overflow::before {font-size:9pt;content:'...';} .subtle {color:#3A4A66;}
</style>
<div class="wrapper replay-wrapper" style="max-width:1180px;margin:0 auto">
<input type="hidden" name="replayid" value="destiny-nu-183532" />
<div class="battle"></div><div class="battle-log"></div><div class="replay-controls"></div><div class="replay-controls-2"></div>
<h1 style="font-weight:normal;text-align:center"><strong>NU</strong><br /><a href="http://pokemonshowdown.com/users/dezinger123" class="subtle" target="_blank">dezinger123</a> vs. <a href="http://pokemonshowdown.com/users/wmr" class="subtle" target="_blank">W@mr</a></h1>
<script type="text/plain" class="battle-log-data">|j|dezinger123
|j|W@mr
|player|p1|dezinger123|167
|player|p2|W@mr|18
|gametype|singles
|gen|7
|tier|NU
|seed|12690,34150,42517,64146
|rule|Cláusula-Mod de Dormir: solo puedes dormir a uno de tus oponentes a la vez.
|rule|Cláusula de Especie: Hasta un Pokémon de cada especie
|rule|Cláusula de Golpe Fulminante: los movimientos fulminantes (OHKO) estan prohibidos
|rule|Cláusula de Moody: la habilidad Moody está prohibida
|rule|Cláusula de Movimientos Evasivos: los movimientos de evasion estan prohibidos
|rule|Cláusula de Batallas Eternas: forzar batallas eternas está prohibido
|clearpoke
|poke|p1|Rhydon, F|item
|poke|p1|Sceptile, M|item
|poke|p1|Slowbro, F|item
|poke|p1|Rotom|item
|poke|p1|Machamp, F|item
|poke|p1|Skuntank, F|item
|poke|p2|Virizion|item
|poke|p2|Emboar, F|item
|poke|p2|Xatu, M|item
|poke|p2|Drapion, M|item
|poke|p2|Rhydon, F|item
|poke|p2|Slowbro, M|item
|teampreview
|c|☆W@mr|suerte bro
|c|☆dezinger123|hf :p
|choice|*team 213456|*
|choice|*|*team 321456
|choice|team 2, team 1, team 3, team 4, team 5, team 6|team 3, team 2, team 1, team 4, team 5, team 6
|
|start
|switch|p1a: Sceptile|Sceptile, M|281\/281
|switch|p2a: Xatu|Xatu, M|333\/333
|turn|1
|choice|*|*move 2
|choice|*move 1|*
|choice|move leafstorm|move uturn
|
|move|p1a: Sceptile|Leaf Storm|p2a: Xatu
|-resisted|p2a: Xatu
|-damage|p2a: Xatu|135\/333
|-unboost|p1a: Sceptile|spa|2
|move|p2a: Xatu|U-turn|p1a: Sceptile
|-supereffective|p1a: Sceptile
|-damage|p1a: Sceptile|169\/281
|j|Aka Sora
|j|Miere
|c|+Aka Sora|Vengo a figurar
|j|Javoon
|choice|*|*switch 4
|choice||switch 4
|
|switch|p2a: Drapion|Drapion, M|281\/281
|
|upkeep
|turn|2
|choice|*|*move 3
|choice|*switch 2|*
|choice|switch 2|move pursuit
|
|-activate|p1a: Sceptile|move: Pursuit
|move|p2a: Drapion|Pursuit|p1a: Sceptile|[from]Pursuit
|-damage|p1a: Sceptile|21\/281
|switch|p1a: Rhydon|Rhydon, F|414\/414
|
|upkeep
|turn|3
|choice|*|*switch 6
|choice|*move 3|*
|choice|move rockblast|switch 6
|
|switch|p2a: Slowbro|Slowbro, M|394\/394
|move|p1a: Rhydon|Rock Blast|p2a: Slowbro
|-damage|p2a: Slowbro|364\/394
|-damage|p2a: Slowbro|334\/394
|-damage|p2a: Slowbro|307\/394
|-hitcount|p2a: Slowbro|3
|
|upkeep
|turn|4
|choice|*|*switch 4
|choice|*move 1|*
|choice|move stealthrock|switch 4
|
|switch|p2a: Xatu|Xatu, M|135\/333
|move|p1a: Rhydon|Stealth Rock|p2a: Xatu
|move|p2a: Xatu|Stealth Rock|p1a: Rhydon|[from]Magic Bounce
|-sidestart|p1: dezinger123|move: Stealth Rock
|
|upkeep
|turn|5
|choice|*|*move 4
|choice|*move 3|*
|choice|move rockblast|move roost
|
|move|p2a: Xatu|Roost|p2a: Xatu
|-heal|p2a: Xatu|302\/333
|move|p1a: Rhydon|Rock Blast|p2a: Xatu
|-damage|p2a: Xatu|254\/333
|-damage|p2a: Xatu|206\/333
|-damage|p2a: Xatu|161\/333
|-crit|p2a: Xatu
|-damage|p2a: Xatu|100\/333
|-damage|p2a: Xatu|54\/333
|-hitcount|p2a: Xatu|5
|
|upkeep
|turn|6
|choice|*move 3|*
|choice|*undo|*
|choice|*move 1|*
|choice|*|*move 4
|choice|move stealthrock|move roost
|
|move|p2a: Xatu|Roost|p2a: Xatu
|-heal|p2a: Xatu|221\/333
|move|p1a: Rhydon|Stealth Rock|p2a: Xatu
|move|p2a: Xatu|Stealth Rock|p1a: Rhydon|[from]Magic Bounce
|-fail|p1a: Rhydon
|
|upkeep
|turn|7
|choice|*|*move 4
|choice|*move 1|*
|choice|move stealthrock|move roost
|
|move|p2a: Xatu|Roost|p2a: Xatu
|-heal|p2a: Xatu|333\/333
|move|p1a: Rhydon|Stealth Rock|p2a: Xatu
|move|p2a: Xatu|Stealth Rock|p1a: Rhydon|[from]Magic Bounce
|-fail|p1a: Rhydon
|
|upkeep
|turn|8
|choice|*|*undo
|choice|*move 3|*
|choice|*|*move 2
|choice|move rockblast|move uturn
|
|move|p2a: Xatu|U-turn|p1a: Rhydon
|-damage|p1a: Rhydon|390\/414
|choice|*|*switch 4
|choice||switch 4
|
|switch|p2a: Slowbro|Slowbro, M|394\/394
|move|p1a: Rhydon|Rock Blast|p2a: Slowbro
|-damage|p2a: Slowbro|367\/394
|-damage|p2a: Slowbro|340\/394
|-damage|p2a: Slowbro|313\/394
|-hitcount|p2a: Slowbro|3
|
|upkeep
|turn|9
|choice|*|*move 2
|choice|*move 1|*
|choice|move stealthrock|move scald
|
|move|p1a: Rhydon|Stealth Rock|p2a: Slowbro
|-sidestart|p2: W@mr|move: Stealth Rock
|move|p2a: Slowbro|Scald|p1a: Rhydon
|-supereffective|p1a: Rhydon
|-damage|p1a: Rhydon|54\/414
|-status|p1a: Rhydon|brn
|
|-damage|p1a: Rhydon|29\/414 brn|[from] brn
|upkeep
|turn|10
|choice|*switch 3|*
|c|☆W@mr|evs en speed
|c|☆W@mr|lol
|choice|*|*switch 4
|choice|switch 3|switch 4
|
|switch|p1a: Slowbro|Slowbro, F|394\/394
|-damage|p1a: Slowbro|345\/394|[from] Stealth Rock
|switch|p2a: Xatu|Xatu, M|333\/333
|-damage|p2a: Xatu|250\/333|[from] Stealth Rock
|
|upkeep
|turn|11
|choice|*|*move 2
|choice|*|*undo
|choice|*|*move 2
|c|☆dezinger123|n
|c|☆dezinger123|no tiene
|c|☆W@mr|si tiene xD
|choice|*switch 6|*
|choice|switch 6|move uturn
|
|switch|p1a: Skuntank|Skuntank, F|347\/347
|-damage|p1a: Skuntank|304\/347|[from] Stealth Rock
|move|p2a: Xatu|U-turn|p1a: Skuntank
|-damage|p1a: Skuntank|247\/347
|c|☆W@mr|ah no
|choice|*|*switch 5
|choice||switch 5
|
|switch|p2a: Rhydon|Rhydon, F|351\/351
|-damage|p2a: Rhydon|330\/351|[from] Stealth Rock
|
|-heal|p1a: Skuntank|268\/347|[from] item: Black Sludge
|upkeep
|turn|12
|choice|*|*move 2
|choice|*switch 6|*
|choice|switch 6|move earthquake
|
|switch|p1a: Slowbro|Slowbro, F|394\/394
|-damage|p1a: Slowbro|345\/394|[from] Stealth Rock
|move|p2a: Rhydon|Earthquake|p1a: Slowbro
|-crit|p1a: Slowbro
|-damage|p1a: Slowbro|161\/394
|
|upkeep
|turn|13
|choice|*|*move 4
|choice|*switch 5|*
|choice|switch 5|move toxic
|
|switch|p1a: Machamp|Machamp, F|383\/383
|-damage|p1a: Machamp|360\/383|[from] Stealth Rock
|move|p2a: Rhydon|Toxic|p1a: Machamp
|-status|p1a: Machamp|tox
|
|-damage|p1a: Machamp|337\/383 tox|[from] psn
|upkeep
|turn|14
|choice|*move 2|*
|choice|*|*switch 4
|choice|move knockoff|switch 4
|
|switch|p2a: Slowbro|Slowbro, M|394\/394
|-damage|p2a: Slowbro|345\/394|[from] Stealth Rock
|move|p1a: Machamp|Knock Off|p2a: Slowbro
|-supereffective|p2a: Slowbro
|-enditem|p2a: Slowbro|Colbur Berry|[eat]
|-enditem|p2a: Slowbro|Colbur Berry|[weaken]
|-damage|p2a: Slowbro|215\/394
|
|-damage|p1a: Machamp|291\/383 tox|[from] psn
|upkeep
|turn|15
|choice|*|*move 4
|choice|*switch 6|*
|choice|switch 6|move slackoff
|
|switch|p1a: Skuntank|Skuntank, F|268\/347
|-damage|p1a: Skuntank|225\/347|[from] Stealth Rock
|move|p2a: Slowbro|Slack Off|p2a: Slowbro
|-heal|p2a: Slowbro|394\/394
|
|-heal|p1a: Skuntank|246\/347|[from] item: Black Sludge
|upkeep
|turn|16
|choice|*switch 5|*
|choice|*|*switch 6
|choice|switch 5|switch 6
|
|switch|p1a: Slowbro|Slowbro, F|292\/394
|-damage|p1a: Slowbro|243\/394|[from] Stealth Rock
|switch|p2a: Drapion|Drapion, M|281\/281
|-damage|p2a: Drapion|246\/281|[from] Stealth Rock
|
|upkeep
|turn|17
|choice|*|*move 2
|choice|*move 3|*
|choice|move slackoff|move knockoff
|
|move|p2a: Drapion|Knock Off|p1a: Slowbro
|-supereffective|p1a: Slowbro
|-damage|p1a: Slowbro|109\/394
|move|p1a: Slowbro|Slack Off|p1a: Slowbro
|-heal|p1a: Slowbro|306\/394
|
|upkeep
|turn|18
|choice|*move 1|*
|choice|*|*switch 6
|choice|move scald|switch 6
|
|switch|p2a: Slowbro|Slowbro, M|394\/394
|-damage|p2a: Slowbro|345\/394|[from] Stealth Rock
|move|p1a: Slowbro|Scald|p2a: Slowbro
|-resisted|p2a: Slowbro
|-damage|p2a: Slowbro|291\/394
|
|upkeep
|turn|19
|choice|*move 1|*
|choice|*|*move 1
|choice|move scald|move calmmind
|
|move|p2a: Slowbro|Calm Mind|p2a: Slowbro
|-boost|p2a: Slowbro|spa|1
|-boost|p2a: Slowbro|spd|1
|move|p1a: Slowbro|Scald|p2a: Slowbro
|-resisted|p2a: Slowbro
|-damage|p2a: Slowbro|252\/394
|-status|p2a: Slowbro|brn
|
|-damage|p2a: Slowbro|228\/394 brn|[from] brn
|upkeep
|turn|20
|choice|*|*move 2
|choice|*move 3|*
|choice|move slackoff|move scald
|
|move|p1a: Slowbro|Slack Off|p1a: Slowbro
|-heal|p1a: Slowbro|394\/394
|move|p2a: Slowbro|Scald|p1a: Slowbro
|-resisted|p1a: Slowbro
|-damage|p1a: Slowbro|305\/394
|-status|p1a: Slowbro|brn
|
|-damage|p1a: Slowbro|281\/394 brn|[from] brn
|-damage|p2a: Slowbro|204\/394 brn|[from] brn
|upkeep
|turn|21
|choice|*move 4|*
|choice|*|*move 4
|choice|move calmmind|move slackoff
|
|move|p2a: Slowbro|Slack Off|p2a: Slowbro
|-heal|p2a: Slowbro|394\/394 brn
|move|p1a: Slowbro|Calm Mind|p1a: Slowbro
|-boost|p1a: Slowbro|spa|1
|-boost|p1a: Slowbro|spd|1
|
|-damage|p2a: Slowbro|370\/394 brn|[from] brn
|-damage|p1a: Slowbro|257\/394 brn|[from] brn
|upkeep
|turn|22
|choice|*|*move 1
|choice|*move 4|*
|choice|move calmmind|move calmmind
|
|move|p1a: Slowbro|Calm Mind|p1a: Slowbro
|-boost|p1a: Slowbro|spa|1
|-boost|p1a: Slowbro|spd|1
|move|p2a: Slowbro|Calm Mind|p2a: Slowbro
|-boost|p2a: Slowbro|spa|1
|-boost|p2a: Slowbro|spd|1
|
|-damage|p1a: Slowbro|233\/394 brn|[from] brn
|-damage|p2a: Slowbro|346\/394 brn|[from] brn
|upkeep
|turn|23
|choice|*|*move 1
|choice|*move 3|*
|choice|move slackoff|move calmmind
|
|move|p2a: Slowbro|Calm Mind|p2a: Slowbro
|-boost|p2a: Slowbro|spa|1
|-boost|p2a: Slowbro|spd|1
|move|p1a: Slowbro|Slack Off|p1a: Slowbro
|-heal|p1a: Slowbro|394\/394 brn
|
|-damage|p1a: Slowbro|370\/394 brn|[from] brn
|-damage|p2a: Slowbro|322\/394 brn|[from] brn
|upkeep
|turn|24
|choice|*move 4|*
|choice|*|*move 1
|choice|move calmmind|move calmmind
|
|move|p1a: Slowbro|Calm Mind|p1a: Slowbro
|-boost|p1a: Slowbro|spa|1
|-boost|p1a: Slowbro|spd|1
|move|p2a: Slowbro|Calm Mind|p2a: Slowbro
|-boost|p2a: Slowbro|spa|1
|-boost|p2a: Slowbro|spd|1
|
|-damage|p2a: Slowbro|298\/394 brn|[from] brn
|-damage|p1a: Slowbro|346\/394 brn|[from] brn
|upkeep
|turn|25
|choice|*|*move 1
|choice|*move 4|*
|choice|move calmmind|move calmmind
|
|move|p1a: Slowbro|Calm Mind|p1a: Slowbro
|-boost|p1a: Slowbro|spa|1
|-boost|p1a: Slowbro|spd|1
|move|p2a: Slowbro|Calm Mind|p2a: Slowbro
|-boost|p2a: Slowbro|spa|1
|-boost|p2a: Slowbro|spd|1
|
|-damage|p2a: Slowbro|274\/394 brn|[from] brn
|-damage|p1a: Slowbro|322\/394 brn|[from] brn
|upkeep
|turn|26
|choice|*|*move 1
|choice|*move 4|*
|choice|move calmmind|move calmmind
|
|move|p1a: Slowbro|Calm Mind|p1a: Slowbro
|-boost|p1a: Slowbro|spa|1
|-boost|p1a: Slowbro|spd|1
|move|p2a: Slowbro|Calm Mind|p2a: Slowbro
|-boost|p2a: Slowbro|spa|1
|-boost|p2a: Slowbro|spd|1
|
|-damage|p1a: Slowbro|298\/394 brn|[from] brn
|-damage|p2a: Slowbro|250\/394 brn|[from] brn
|upkeep
|turn|27
|choice|*|*move 4
|choice|*move 3|*
|choice|move slackoff|move slackoff
|
|move|p1a: Slowbro|Slack Off|p1a: Slowbro
|-heal|p1a: Slowbro|394\/394 brn
|move|p2a: Slowbro|Slack Off|p2a: Slowbro
|-heal|p2a: Slowbro|394\/394 brn
|
|-damage|p2a: Slowbro|370\/394 brn|[from] brn
|-damage|p1a: Slowbro|370\/394 brn|[from] brn
|upkeep
|turn|28
|choice|*|*move 3
|choice|*move 4|*
|choice|move calmmind|move psyshock
|
|move|p2a: Slowbro|Psyshock|p1a: Slowbro
|-resisted|p1a: Slowbro
|-damage|p1a: Slowbro|250\/394 brn
|move|p1a: Slowbro|Calm Mind|p1a: Slowbro
|-boost|p1a: Slowbro|spa|1
|-boost|p1a: Slowbro|spd|1
|
|-damage|p1a: Slowbro|226\/394 brn|[from] brn
|-damage|p2a: Slowbro|346\/394 brn|[from] brn
|upkeep
|turn|29
|choice|*move 3|*
|choice|*|*move 3
|choice|move slackoff|move psyshock
|
|move|p2a: Slowbro|Psyshock|p1a: Slowbro
|-resisted|p1a: Slowbro
|-damage|p1a: Slowbro|89\/394 brn
|move|p1a: Slowbro|Slack Off|p1a: Slowbro
|-heal|p1a: Slowbro|286\/394 brn
|
|-damage|p2a: Slowbro|322\/394 brn|[from] brn
|-damage|p1a: Slowbro|262\/394 brn|[from] brn
|upkeep
|turn|30
|choice|*|*move 3
|choice|*move 3|*
|choice|move slackoff|move psyshock
|
|move|p2a: Slowbro|Psyshock|p1a: Slowbro
|-resisted|p1a: Slowbro
|-damage|p1a: Slowbro|139\/394 brn
|move|p1a: Slowbro|Slack Off|p1a: Slowbro
|-heal|p1a: Slowbro|336\/394 brn
|
|-damage|p2a: Slowbro|298\/394 brn|[from] brn
|-damage|p1a: Slowbro|312\/394 brn|[from] brn
|upkeep
|turn|31
|choice|*move 3|*
|choice|*|*move 2
|choice|move slackoff|move scald
|
|move|p1a: Slowbro|Slack Off|p1a: Slowbro
|-heal|p1a: Slowbro|394\/394 brn
|move|p2a: Slowbro|Scald|p1a: Slowbro
|-resisted|p1a: Slowbro
|-damage|p1a: Slowbro|340\/394 brn
|
|-damage|p2a: Slowbro|274\/394 brn|[from] brn
|-damage|p1a: Slowbro|316\/394 brn|[from] brn
|upkeep
|turn|32
|choice|*|*move 3
|choice|*move 2|*
|choice|move psyshock|move psyshock
|
|move|p1a: Slowbro|Psyshock|p2a: Slowbro
|-resisted|p2a: Slowbro
|-damage|p2a: Slowbro|140\/394 brn
|move|p2a: Slowbro|Psyshock|p1a: Slowbro
|-resisted|p1a: Slowbro
|-damage|p1a: Slowbro|182\/394 brn
|
|-damage|p2a: Slowbro|116\/394 brn|[from] brn
|-damage|p1a: Slowbro|158\/394 brn|[from] brn
|upkeep
|turn|33
|choice|*move 2|*
|choice|*|*move 4
|choice|move psyshock|move slackoff
|
|move|p1a: Slowbro|Psyshock|p2a: Slowbro
|-resisted|p2a: Slowbro
|-damage|p2a: Slowbro|0 fnt
|faint|p2a: Slowbro
|
|-damage|p1a: Slowbro|134\/394 brn|[from] brn
|upkeep
|choice|*|*switch 3
|choice||switch 3
|
|switch|p2a: Virizion|Virizion|323\/323
|-damage|p2a: Virizion|303\/323|[from] Stealth Rock
|turn|34
|choice|*|*move 2
|choice|*switch 3|*
|choice|switch 3|move leafblade
|
|switch|p1a: Rhydon|Rhydon, F|29\/414 brn
|-damage|p1a: Rhydon|4\/414 brn|[from] Stealth Rock
|move|p2a: Virizion|Leaf Blade|p1a: Rhydon
|-supereffective|p1a: Rhydon
|-damage|p1a: Rhydon|0 fnt
|faint|p1a: Rhydon
|
|upkeep
|choice|*switch 6|*
|choice|switch 6|
|
|switch|p1a: Machamp|Machamp, F|291\/383 tox
|-damage|p1a: Machamp|268\/383 tox|[from] Stealth Rock
|turn|35
|choice|*move 1|*
|choice|*|*switch 5
|choice|move closecombat|switch 5
|
|switch|p2a: Xatu|Xatu, M|250\/333
|-damage|p2a: Xatu|167\/333|[from] Stealth Rock
|move|p1a: Machamp|Close Combat|p2a: Xatu
|-resisted|p2a: Xatu
|-damage|p2a: Xatu|66\/333
|-unboost|p1a: Machamp|def|1
|-unboost|p1a: Machamp|spd|1
|
|-damage|p1a: Machamp|245\/383 tox|[from] psn
|upkeep
|turn|36
|choice|*|*move 4
|choice|*move 4|*
|choice|move bulletpunch|move roost
|
|move|p1a: Machamp|Bullet Punch|p2a: Xatu
|-damage|p2a: Xatu|0 fnt
|faint|p2a: Xatu
|
|-damage|p1a: Machamp|199\/383 tox|[from] psn
|upkeep
|choice|*|*switch 5
|choice||switch 5
|
|switch|p2a: Virizion|Virizion|303\/323
|-damage|p2a: Virizion|283\/323|[from] Stealth Rock
|turn|37
|choice|*|*move 2
|choice|*move 4|*
|choice|move bulletpunch|move leafblade
|
|move|p1a: Machamp|Bullet Punch|p2a: Virizion
|-damage|p2a: Virizion|178\/323
|move|p2a: Virizion|Leaf Blade|p1a: Machamp
|-damage|p1a: Machamp|0 fnt
|faint|p1a: Machamp
|
|upkeep
|choice|*switch 5|*
|choice|switch 5|
|
|switch|p1a: Skuntank|Skuntank, F|246\/347
|-damage|p1a: Skuntank|203\/347|[from] Stealth Rock
|turn|38
|choice|*move 2|*
|choice|*undo|*
|choice|*move 2|*
|choice|*|*move 3
|choice|move pursuit|move closecombat
|
|move|p2a: Virizion|Close Combat|p1a: Skuntank
|-damage|p1a: Skuntank|0 fnt
|-unboost|p2a: Virizion|def|1
|-unboost|p2a: Virizion|spd|1
|faint|p1a: Skuntank
|
|upkeep
|choice|*switch 4|*
|choice|switch 4|
|
|switch|p1a: Rotom|Rotom|242\/242
|-damage|p1a: Rotom|212\/242|[from] Stealth Rock
|turn|39
|choice|*move 3|*
|choice|*|*switch 4
|choice|move voltswitch|switch 4
|
|switch|p2a: Rhydon|Rhydon, F|330\/351
|-damage|p2a: Rhydon|309\/351|[from] Stealth Rock
|move|p1a: Rotom|Volt Switch|p2a: Rhydon
|-immune|p2a: Rhydon|[msg]
|
|upkeep
|turn|40
|choice|*|*move 2
|choice|*|*undo
|choice|*|*move 2
|choice|*|*undo
|choice|*switch 3|*
|choice|*|*move 2
|choice|switch 3|move earthquake
|
|switch|p1a: Slowbro|Slowbro, F|265\/394 brn
|-damage|p1a: Slowbro|216\/394 brn|[from] Stealth Rock
|move|p2a: Rhydon|Earthquake|p1a: Slowbro
|-crit|p1a: Slowbro
|-damage|p1a: Slowbro|27\/394 brn
|
|-damage|p1a: Slowbro|3\/394 brn|[from] brn
|upkeep
|turn|41
|choice|*|*move 3
|choice|*move 3|*
|choice|move slackoff|move rockblast
|
|move|p2a: Rhydon|Rock Blast|p1a: Slowbro
|-damage|p1a: Slowbro|0 fnt
|-hitcount|p1a: Slowbro|1
|faint|p1a: Slowbro
|
|upkeep
|choice|*switch 2|*
|choice|switch 2|
|
|switch|p1a: Sceptile|Sceptile, M|21\/281
|-damage|p1a: Sceptile|0 fnt|[from] Stealth Rock
|faint|p1a: Sceptile
|choice|*switch 3|*
|choice|switch 3|
|
|switch|p1a: Rotom|Rotom|212\/242
|-damage|p1a: Rotom|182\/242|[from] Stealth Rock
|turn|42
|c|☆dezinger123|gg
|choice|*|*move 3
|c|☆W@mr|gg
|choice|*move 2|*
|choice|move shadowball|move rockblast
|
|move|p1a: Rotom|Shadow Ball|p2a: Rhydon
|-damage|p2a: Rhydon|161\/351
|move|p2a: Rhydon|Rock Blast|p1a: Rotom
|-damage|p1a: Rotom|121\/242
|-damage|p1a: Rotom|55\/242
|-hitcount|p1a: Rotom|2
|
|upkeep
|turn|43
|choice|*move 2|*
|choice|*|*move 3
|choice|move shadowball|move rockblast
|
|move|p1a: Rotom|Shadow Ball|p2a: Rhydon
|-damage|p2a: Rhydon|23\/351
|move|p2a: Rhydon|Rock Blast|p1a: Rotom
|-damage|p1a: Rotom|0 fnt
|-hitcount|p1a: Rotom|1
|faint|p1a: Rotom
|
|win|W@mr
|player|p1
|player|p2</script>
</div>
<div class="battle-log battle-log-inline"><div class="inner"><div class="battle-options"></div><div class="inner"><div class="chat"><small>dezinger123 joined.</small></div><div class="chat"><small>W@mr joined.</small></div><div class=""><small>Format:</small> <br><strong>NU</strong></div><div class=""><small><em>Cláusula-Mod de Dormir:</em> solo puedes dormir a uno de tus oponentes a la vez.</small></div><div class=""><small><em>Cláusula de Especie:</em> Hasta un Pokémon de cada especie</small></div><div class=""><small><em>Cláusula de Golpe Fulminante:</em> los movimientos fulminantes (OHKO) estan prohibidos</small></div><div class=""><small><em>Cláusula de Moody:</em> la habilidad Moody está prohibida</small></div><div class=""><small><em>Cláusula de Movimientos Evasivos:</em> los movimientos de evasion estan prohibidos</small></div><div class=""><small><em>Cláusula de Batallas Eternas:</em> forzar batallas eternas está prohibido</small></div><div class="chat battle-history"><strong>dezinger123's team:</strong> <em style="color:#445566;display:block;">Rhydon / Sceptile / Slowbro / Rotom / Machamp / Skuntank</em></div><div class="chat battle-history"><strong>W@mr's team:</strong> <em style="color:#445566;display:block;">Virizion / Emboar / Xatu / Drapion / Rhydon / Slowbro</em></div><div class="chat chatmessage-wmr"><strong style="color:hsl(8,44%,45.279143835225604%)"><small>☆</small><span class="username" data-name="W@mr">W@mr</span>:</strong> <em>suerte bro</em></div><div class="chat chatmessage-dezinger123"><strong style="color:hsl(123,43%,38.25761663335808%)"><small>☆</small><span class="username" data-name="dezinger123">dezinger123</span>:</strong> <em>hf :p</em></div><div class="spacer battle-history"><br></div><div class="battle-history">Battle started between dezinger123 and W@mr!<br></div><div class="spacer battle-history"><br></div><div class="battle-history">Go! <strong>Sceptile</strong>!<br></div><div class="spacer battle-history"><br></div><div class="battle-history">W@mr sent out <strong>Xatu</strong>!<br></div><div class="spacer battle-history"><br></div><h2 class="battle-history">Turn 1</h2><div class="spacer battle-history"><br></div><div class="battle-history">Sceptile used <strong>Leaf Storm</strong>!<br></div><div class="battle-history"><small>It's not very effective...</small><br></div><div class="battle-history"><small>(The opposing Xatu lost <abbr title="−198/333">59.5%</abbr> of its health!)</small><br></div><div class="battle-history"><small>Sceptile's Special Attack fell harshly!</small><br></div><div class="spacer battle-history"><br></div><div class="battle-history">The opposing Xatu used <strong>U-turn</strong>!<br></div><div class="battle-history"><small>It's super effective!</small><br></div><div class="battle-history"><small>(Sceptile lost <abbr title="−112/281">39.9%</abbr> of its health!)</small><br></div><div class="chat"><small>Aka Sora joined.</small></div><div class="chat"><small>Miere joined.</small></div><div class="chat chatmessage-akasora"><strong style="color:hsl(328,80%,46.141919063668624%)"><small>+</small><span class="username" data-name="Aka Sora">Aka Sora</span>:</strong> <em>Vengo a figurar</em></div><div class="chat"><small>Javoon joined.</small></div><div class="spacer battle-history"><br></div><div class="battle-history">The opposing Xatu went back to W@mr!<br></div><div class="battle-history">W@mr sent out <strong>Drapion</strong>!<br></div><div class="spacer battle-history"><br></div><h2 class="battle-history">Turn 2</h2><div class="spacer battle-history"><br></div><div class="battle-history"><small>(Sceptile is being withdrawn...)</small><br></div><div class="spacer battle-history"><br></div><div class="battle-history">The opposing Drapion used <strong>Pursuit</strong>!<br></div><div class="battle-history"><small>(Sceptile lost <abbr title="−148/281">52.7%</abbr> of its health!)</small><br></div><div class="spacer battle-history"><br></div><div class="battle-history">Sceptile, come back!<br></div><div class="battle-history">Go! <strong>Rhydon</strong>!<br></div><div class="spacer battle-history"><br></div><h2 class="battle-history">Turn 3</h2><div class="spacer battle-history"><br></div><div class="battle-history">W@mr withdrew Drapion!<br></div><div class="battle-history">W@mr sent out <strong>Slowbro</strong>!<br></div><div class="spacer battle-history"><br></div><div class="battle-history">Rhydon used <strong>Rock Blast</strong>!<br></div><div class="battle-history"><small>(The opposing Slowbro lost <abbr title="−30/394">7.6%</abbr> of its health!)</small><br></div><div class="battle-history"><small>(The opposing Slowbro lost <abbr title="−30/394">7.6%</abbr> of its health!)</small><br></div><div class="battle-history"><small>(The opposing Slowbro lost <abbr title="−27/394">6.9%</abbr> of its health!)</small><br></div><div class="battle-history"><small>Hit 3 times!</small><br></div><div class="spacer battle-history"><br></div><h2 class="battle-history">Turn 4</h2><div class="spacer battle-history"><br></div><div class="battle-history">W@mr withdrew Slowbro!<br></div><div class="battle-history">W@mr sent out <strong>Xatu</strong>!<br></div><div class="spacer battle-history"><br></div><div class="battle-history">Rhydon used <strong>Stealth Rock</strong>!<br></div><div class="spacer battle-history"><br></div><div class="battle-history"><small>[The opposing Xatu's Magic Bounce]</small><br>The opposing Xatu bounced the Stealth Rock back!<br></div><div class="battle-history"><small>Pointed stones float in the air around your team!</small><br></div><div class="spacer battle-history"><br></div><h2 class="battle-history">Turn 5</h2><div class="spacer battle-history"><br></div><div class="battle-history">The opposing Xatu used <strong>Roost</strong>!<br></div><div class="battle-history"><small>The opposing Xatu restored its HP.</small><br></div><div class="spacer battle-history"><br></div><div class="battle-history">Rhydon used <strong>Rock Blast</strong>!<br></div><div class="battle-history"><small>(The opposing Xatu lost <abbr title="−48/333">14.4%</abbr> of its health!)</small><br></div><div class="battle-history"><small>(The opposing Xatu lost <abbr title="−48/333">14.4%</abbr> of its health!)</small><br></div><div class="battle-history"><small>(The opposing Xatu lost <abbr title="−45/333">13.5%</abbr> of its health!)</small><br></div><div class="battle-history"><small>A critical hit!</small><br></div><div class="battle-history"><small>(The opposing Xatu lost <abbr title="−61/333">18.3%</abbr> of its health!)</small><br></div><div class="battle-history"><small>(The opposing Xatu lost <abbr title="−46/333">13.8%</abbr> of its health!)</small><br></div><div class="battle-history"><small>Hit 5 times!</small><br></div><div class="spacer battle-history"><br></div><h2 class="battle-history">Turn 6</h2><div class="spacer battle-history"><br></div><div class="battle-history">The opposing Xatu used <strong>Roost</strong>!<br></div><div class="battle-history"><small>The opposing Xatu restored its HP.</small><br></div><div class="spacer battle-history"><br></div><div class="battle-history">Rhydon used <strong>Stealth Rock</strong>!<br></div><div class="spacer battle-history"><br></div><div class="battle-history"><small>[The opposing Xatu's Magic Bounce]</small><br>The opposing Xatu bounced the Stealth Rock back!<br></div><div class="battle-history"><small>But it failed!</small><br></div><div class="spacer battle-history"><br></div><h2 class="battle-history">Turn 7</h2><div class="spacer battle-history"><br></div><div class="battle-history">The opposing Xatu used <strong>Roost</strong>!<br></div><div class="battle-history"><small>The opposing Xatu restored its HP.</small><br></div><div class="spacer battle-history"><br></div><div class="battle-history">Rhydon used <strong>Stealth Rock</strong>!<br></div><div class="spacer battle-history"><br></div><div class="battle-history"><small>[The opposing Xatu's Magic Bounce]</small><br>The opposing Xatu bounced the Stealth Rock back!<br></div><div class="battle-history"><small>But it failed!</small><br></div><div class="spacer battle-history"><br></div><h2 class="battle-history">Turn 8</h2><div class="spacer battle-history"><br></div><div class="battle-history">The opposing Xatu used <strong>U-turn</strong>!<br></div><div class="battle-history"><small>(Rhydon lost <abbr title="−24/414">5.8%</abbr> of its health!)</small><br></div><div class="spacer battle-history"><br></div><div class="battle-history">The opposing Xatu went back to W@mr!<br></div><div class="battle-history">W@mr sent out <strong>Slowbro</strong>!<br></div><div class="spacer battle-history"><br></div><div class="battle-history">Rhydon used <strong>Rock Blast</strong>!<br></div><div class="battle-history"><small>(The opposing Slowbro lost <abbr title="−27/394">6.9%</abbr> of its health!)</small><br></div><div class="battle-history"><small>(The opposing Slowbro lost <abbr title="−27/394">6.9%</abbr> of its health!)</small><br></div><div class="battle-history"><small>(The opposing Slowbro lost <abbr title="−27/394">6.9%</abbr> of its health!)</small><br></div><div class="battle-history"><small>Hit 3 times!</small><br></div><div class="spacer battle-history"><br></div><h2 class="battle-history">Turn 9</h2><div class="spacer battle-history"><br></div><div class="battle-history">Rhydon used <strong>Stealth Rock</strong>!<br></div><div class="battle-history"><small>Pointed stones float in the air around the opposing team!</small><br></div><div class="spacer battle-history"><br></div><div class="battle-history">The opposing Slowbro used <strong>Scald</strong>!<br></div><div class="battle-history"><small>It's super effective!</small><br></div><div class="battle-history"><small>(Rhydon lost <abbr title="−336/414">81.2%</abbr> of its health!)</small><br></div><div class="battle-history"><small>Rhydon was burned!</small><br></div><div class="spacer battle-history"><br></div><div class="battle-history"><small>Rhydon was hurt by its burn!</small><br></div><div class="spacer battle-history"><br></div><h2 class="battle-history">Turn 10</h2><div class="chat chatmessage-wmr"><strong style="color:hsl(8,44%,45.279143835225604%)"><small>☆</small><span class="username" data-name="W@mr">W@mr</span>:</strong> <em>evs en speed</em></div><div class="chat chatmessage-wmr"><strong style="color:hsl(8,44%,45.279143835225604%)"><small>☆</small><span class="username" data-name="W@mr">W@mr</span>:</strong> <em>lol</em></div><div class="spacer battle-history"><br></div><div class="battle-history">Rhydon, come back!<br></div><div class="battle-history">Go! <strong>Slowbro</strong>!<br></div><div class="battle-history"><small>Pointed stones dug into Slowbro!</small><br></div><div class="spacer battle-history"><br></div><div class="battle-history">W@mr withdrew Slowbro!<br></div><div class="battle-history">W@mr sent out <strong>Xatu</strong>!<br></div><div class="battle-history"><small>Pointed stones dug into the opposing Xatu!</small><br></div><div class="spacer battle-history"><br></div><h2 class="battle-history">Turn 11</h2><div class="chat chatmessage-dezinger123"><strong style="color:hsl(123,43%,38.25761663335808%)"><small>☆</small><span class="username" data-name="dezinger123">dezinger123</span>:</strong> <em>n</em></div><div class="chat chatmessage-dezinger123"><strong style="color:hsl(123,43%,38.25761663335808%)"><small>☆</small><span class="username" data-name="dezinger123">dezinger123</span>:</strong> <em>no tiene</em></div><div class="chat chatmessage-wmr"><strong style="color:hsl(8,44%,45.279143835225604%)"><small>☆</small><span class="username" data-name="W@mr">W@mr</span>:</strong> <em>si tiene xD</em></div><div class="spacer battle-history"><br></div><div class="battle-history">Slowbro, come back!<br></div><div class="battle-history">Go! <strong>Skuntank</strong>!<br></div><div class="battle-history"><small>Pointed stones dug into Skuntank!</small><br></div><div class="spacer battle-history"><br></div><div class="battle-history">The opposing Xatu used <strong>U-turn</strong>!<br></div><div class="battle-history"><small>(Skuntank lost <abbr title="−57/347">16.4%</abbr> of its health!)</small><br></div><div class="chat chatmessage-wmr"><strong style="color:hsl(8,44%,45.279143835225604%)"><small>☆</small><span class="username" data-name="W@mr">W@mr</span>:</strong> <em>ah no</em></div><div class="spacer battle-history"><br></div><div class="battle-history">The opposing Xatu went back to W@mr!<br></div><div class="battle-history">W@mr sent out <strong>Rhydon</strong>!<br></div><div class="battle-history"><small>Pointed stones dug into the opposing Rhydon!</small><br></div><div class="spacer battle-history"><br></div><div class="battle-history"><small>Skuntank restored a little HP using its Black Sludge!</small><br></div><div class="spacer battle-history"><br></div><h2 class="battle-history">Turn 12</h2><div class="spacer battle-history"><br></div><div class="battle-history">Skuntank, come back!<br></div><div class="battle-history">Go! <strong>Slowbro</strong>!<br></div><div class="battle-history"><small>Pointed stones dug into Slowbro!</small><br></div><div class="spacer battle-history"><br></div><div class="battle-history">The opposing Rhydon used <strong>Earthquake</strong>!<br></div><div class="battle-history"><small>A critical hit!</small><br></div><div class="battle-history"><small>(Slowbro lost <abbr title="−184/394">46.7%</abbr> of its health!)</small><br></div><div class="spacer battle-history"><br></div><h2 class="battle-history">Turn 13</h2><div class="spacer battle-history"><br></div><div class="battle-history">Slowbro, come back!<br></div><div class="battle-history">Go! <strong>Machamp</strong>!<br></div><div class="battle-history"><small>Pointed stones dug into Machamp!</small><br></div><div class="spacer battle-history"><br></div><div class="battle-history">The opposing Rhydon used <strong>Toxic</strong>!<br></div><div class="battle-history"><small>Machamp was badly poisoned!</small><br></div><div class="spacer battle-history"><br></div><div class="battle-history"><small>Machamp was hurt by poison!</small><br></div><div class="spacer battle-history"><br></div><h2 class="battle-history">Turn 14</h2><div class="spacer battle-history"><br></div><div class="battle-history">W@mr withdrew Rhydon!<br></div><div class="battle-history">W@mr sent out <strong>Slowbro</strong>!<br></div><div class="battle-history"><small>Pointed stones dug into the opposing Slowbro!</small><br></div><div class="spacer battle-history"><br></div><div class="battle-history">Machamp used <strong>Knock Off</strong>!<br></div><div class="battle-history"><small>It's super effective!</small><br></div><div class="battle-history"><small>The opposing Slowbro ate its Colbur Berry!</small><br></div><div class="battle-history"><small>The Colbur Berry weakened the damage to the opposing Slowbro!</small><br></div><div class="battle-history"><small>(The opposing Slowbro lost <abbr title="−130/394">33.0%</abbr> of its health!)</small><br></div><div class="spacer battle-history"><br></div><div class="battle-history"><small>Machamp was hurt by poison!</small><br></div><div class="spacer battle-history"><br></div><h2 class="battle-history">Turn 15</h2><div class="spacer battle-history"><br></div><div class="battle-history">Machamp, come back!<br></div><div class="battle-history">Go! <strong>Skuntank</strong>!<br></div><div class="battle-history"><small>Pointed stones dug into Skuntank!</small><br></div><div class="spacer battle-history"><br></div><div class="battle-history">The opposing Slowbro used <strong>Slack Off</strong>!<br></div><div class="battle-history"><small>The opposing Slowbro restored its HP.</small><br></div><div class="spacer battle-history"><br></div><div class="battle-history"><small>Skuntank restored a little HP using its Black Sludge!</small><br></div><div class="spacer battle-history"><br></div><h2 class="battle-history">Turn 16</h2><div class="spacer battle-history"><br></div><div class="battle-history">Skuntank, come back!<br></div><div class="battle-history">Go! <strong>Slowbro</strong>!<br></div><div class="battle-history"><small>Pointed stones dug into Slowbro!</small><br></div><div class="spacer battle-history"><br></div><div class="battle-history">W@mr withdrew Slowbro!<br></div><div class="battle-history">W@mr sent out <strong>Drapion</strong>!<br></div><div class="battle-history"><small>Pointed stones dug into the opposing Drapion!</small><br></div><div class="spacer battle-history"><br></div><h2 class="battle-history">Turn 17</h2><div class="spacer battle-history"><br></div><div class="battle-history">The opposing Drapion used <strong>Knock Off</strong>!<br></div><div class="battle-history"><small>It's super effective!</small><br></div><div class="battle-history"><small>(Slowbro lost <abbr title="−134/394">34.0%</abbr> of its health!)</small><br></div><div class="spacer battle-history"><br></div><div class="battle-history">Slowbro used <strong>Slack Off</strong>!<br></div><div class="battle-history"><small>Slowbro restored its HP.</small><br></div><div class="spacer battle-history"><br></div><h2 class="battle-history">Turn 18</h2><div class="spacer battle-history"><br></div><div class="battle-history">W@mr withdrew Drapion!<br></div><div class="battle-history">W@mr sent out <strong>Slowbro</strong>!<br></div><div class="battle-history"><small>Pointed stones dug into the opposing Slowbro!</small><br></div><div class="spacer battle-history"><br></div><div class="battle-history">Slowbro used <strong>Scald</strong>!<br></div><div class="battle-history"><small>It's not very effective...</small><br></div><div class="battle-history"><small>(The opposing Slowbro lost <abbr title="−54/394">13.7%</abbr> of its health!)</small><br></div><div class="spacer battle-history"><br></div><h2 class="battle-history">Turn 19</h2><div class="spacer battle-history"><br></div><div class="battle-history">The opposing Slowbro used <strong>Calm Mind</strong>!<br></div><div class="battle-history"><small>The opposing Slowbro's Special Attack rose!</small><br></div><div class="battle-history"><small>The opposing Slowbro's Special Defense rose!</small><br></div><div class="spacer battle-history"><br></div><div class="battle-history">Slowbro used <strong>Scald</strong>!<br></div><div class="battle-history"><small>It's not very effective...</small><br></div><div class="battle-history"><small>(The opposing Slowbro lost <abbr title="−39/394">9.9%</abbr> of its health!)</small><br></div><div class="battle-history"><small>The opposing Slowbro was burned!</small><br></div><div class="spacer battle-history"><br></div><div class="battle-history"><small>The opposing Slowbro was hurt by its burn!</small><br></div><div class="spacer battle-history"><br></div><h2 class="battle-history">Turn 20</h2><div class="spacer battle-history"><br></div><div class="battle-history">Slowbro used <strong>Slack Off</strong>!<br></div><div class="battle-history"><small>Slowbro restored its HP.</small><br></div><div class="spacer battle-history"><br></div><div class="battle-history">The opposing Slowbro used <strong>Scald</strong>!<br></div><div class="battle-history"><small>It's not very effective...</small><br></div><div class="battle-history"><small>(Slowbro lost <abbr title="−89/394">22.6%</abbr> of its health!)</small><br></div><div class="battle-history"><small>Slowbro was burned!</small><br></div><div class="spacer battle-history"><br></div><div class="battle-history"><small>Slowbro was hurt by its burn!</small><br></div><div class="battle-history"><small>The opposing Slowbro was hurt by its burn!</small><br></div><div class="spacer battle-history"><br></div><h2 class="battle-history">Turn 21</h2><div class="spacer battle-history"><br></div><div class="battle-history">The opposing Slowbro used <strong>Slack Off</strong>!<br></div><div class="battle-history"><small>The opposing Slowbro restored its HP.</small><br></div><div class="spacer battle-history"><br></div><div class="battle-history">Slowbro used <strong>Calm Mind</strong>!<br></div><div class="battle-history"><small>Slowbro's Special Attack rose!</small><br></div><div class="battle-history"><small>Slowbro's Special Defense rose!</small><br></div><div class="spacer battle-history"><br></div><div class="battle-history"><small>The opposing Slowbro was hurt by its burn!</small><br></div><div class="battle-history"><small>Slowbro was hurt by its burn!</small><br></div><div class="spacer battle-history"><br></div><h2 class="battle-history">Turn 22</h2><div class="spacer battle-history"><br></div><div class="battle-history">Slowbro used <strong>Calm Mind</strong>!<br></div><div class="battle-history"><small>Slowbro's Special Attack rose!</small><br></div><div class="battle-history"><small>Slowbro's Special Defense rose!</small><br></div><div class="spacer battle-history"><br></div><div class="battle-history">The opposing Slowbro used <strong>Calm Mind</strong>!<br></div><div class="battle-history"><small>The opposing Slowbro's Special Attack rose!</small><br></div><div class="battle-history"><small>The opposing Slowbro's Special Defense rose!</small><br></div><div class="spacer battle-history"><br></div><div class="battle-history"><small>Slowbro was hurt by its burn!</small><br></div><div class="battle-history"><small>The opposing Slowbro was hurt by its burn!</small><br></div><div class="spacer battle-history"><br></div><h2 class="battle-history">Turn 23</h2><div class="spacer battle-history"><br></div><div class="battle-history">The opposing Slowbro used <strong>Calm Mind</strong>!<br></div><div class="battle-history"><small>The opposing Slowbro's Special Attack rose!</small><br></div><div class="battle-history"><small>The opposing Slowbro's Special Defense rose!</small><br></div><div class="spacer battle-history"><br></div><div class="battle-history">Slowbro used <strong>Slack Off</strong>!<br></div><div class="battle-history"><small>Slowbro restored its HP.</small><br></div><div class="spacer battle-history"><br></div><div class="battle-history"><small>Slowbro was hurt by its burn!</small><br></div><div class="battle-history"><small>The opposing Slowbro was hurt by its burn!</small><br></div><div class="spacer battle-history"><br></div><h2 class="battle-history">Turn 24</h2><div class="spacer battle-history"><br></div><div class="battle-history">Slowbro used <strong>Calm Mind</strong>!<br></div><div class="battle-history"><small>Slowbro's Special Attack rose!</small><br></div><div class="battle-history"><small>Slowbro's Special Defense rose!</small><br></div><div class="spacer battle-history"><br></div><div class="battle-history">The opposing Slowbro used <strong>Calm Mind</strong>!<br></div><div class="battle-history"><small>The opposing Slowbro's Special Attack rose!</small><br></div><div class="battle-history"><small>The opposing Slowbro's Special Defense rose!</small><br></div><div class="spacer battle-history"><br></div><div class="battle-history"><small>The opposing Slowbro was hurt by its burn!</small><br></div><div class="battle-history"><small>Slowbro was hurt by its burn!</small><br></div><div class="spacer battle-history"><br></div><h2 class="battle-history">Turn 25</h2><div class="spacer battle-history"><br></div><div class="battle-history">Slowbro used <strong>Calm Mind</strong>!<br></div><div class="battle-history"><small>Slowbro's Special Attack rose!</small><br></div><div class="battle-history"><small>Slowbro's Special Defense rose!</small><br></div><div class="spacer battle-history"><br></div><div class="battle-history">The opposing Slowbro used <strong>Calm Mind</strong>!<br></div><div class="battle-history"><small>The opposing Slowbro's Special Attack rose!</small><br></div><div class="battle-history"><small>The opposing Slowbro's Special Defense rose!</small><br></div><div class="spacer battle-history"><br></div><div class="battle-history"><small>The opposing Slowbro was hurt by its burn!</small><br></div><div class="battle-history"><small>Slowbro was hurt by its burn!</small><br></div><div class="spacer battle-history"><br></div><h2 class="battle-history">Turn 26</h2><div class="spacer battle-history"><br></div><div class="battle-history">Slowbro used <strong>Calm Mind</strong>!<br></div><div class="battle-history"><small>Slowbro's Special Attack rose!</small><br></div><div class="battle-history"><small>Slowbro's Special Defense rose!</small><br></div><div class="spacer battle-history"><br></div><div class="battle-history">The opposing Slowbro used <strong>Calm Mind</strong>!<br></div><div class="battle-history"><small>The opposing Slowbro's Special Attack rose!</small><br></div><div class="battle-history"><small>The opposing Slowbro's Special Defense rose!</small><br></div><div class="spacer battle-history"><br></div><div class="battle-history"><small>Slowbro was hurt by its burn!</small><br></div><div class="battle-history"><small>The opposing Slowbro was hurt by its burn!</small><br></div><div class="spacer battle-history"><br></div><h2 class="battle-history">Turn 27</h2><div class="spacer battle-history"><br></div><div class="battle-history">Slowbro used <strong>Slack Off</strong>!<br></div><div class="battle-history"><small>Slowbro restored its HP.</small><br></div><div class="spacer battle-history"><br></div><div class="battle-history">The opposing Slowbro used <strong>Slack Off</strong>!<br></div><div class="battle-history"><small>The opposing Slowbro restored its HP.</small><br></div><div class="spacer battle-history"><br></div><div class="battle-history"><small>The opposing Slowbro was hurt by its burn!</small><br></div><div class="battle-history"><small>Slowbro was hurt by its burn!</small><br></div><div class="spacer battle-history"><br></div><h2 class="battle-history">Turn 28</h2><div class="spacer battle-history"><br></div><div class="battle-history">The opposing Slowbro used <strong>Psyshock</strong>!<br></div><div class="battle-history"><small>It's not very effective...</small><br></div><div class="battle-history"><small>(Slowbro lost <abbr title="−120/394">30.5%</abbr> of its health!)</small><br></div><div class="spacer battle-history"><br></div><div class="battle-history">Slowbro used <strong>Calm Mind</strong>!<br></div><div class="battle-history"><small>Slowbro's Special Attack rose!</small><br></div><div class="battle-history"><small>Slowbro's Special Defense rose!</small><br></div><div class="spacer battle-history"><br></div><div class="battle-history"><small>Slowbro was hurt by its burn!</small><br></div><div class="battle-history"><small>The opposing Slowbro was hurt by its burn!</small><br></div><div class="spacer battle-history"><br></div><h2 class="battle-history">Turn 29</h2><div class="spacer battle-history"><br></div><div class="battle-history">The opposing Slowbro used <strong>Psyshock</strong>!<br></div><div class="battle-history"><small>It's not very effective...</small><br></div><div class="battle-history"><small>(Slowbro lost <abbr title="−137/394">34.8%</abbr> of its health!)</small><br></div><div class="spacer battle-history"><br></div><div class="battle-history">Slowbro used <strong>Slack Off</strong>!<br></div><div class="battle-history"><small>Slowbro restored its HP.</small><br></div><div class="spacer battle-history"><br></div><div class="battle-history"><small>The opposing Slowbro was hurt by its burn!</small><br></div><div class="battle-history"><small>Slowbro was hurt by its burn!</small><br></div><div class="spacer battle-history"><br></div><h2 class="battle-history">Turn 30</h2><div class="spacer battle-history"><br></div><div class="battle-history">The opposing Slowbro used <strong>Psyshock</strong>!<br></div><div class="battle-history"><small>It's not very effective...</small><br></div><div class="battle-history"><small>(Slowbro lost <abbr title="−123/394">31.2%</abbr> of its health!)</small><br></div><div class="spacer battle-history"><br></div><div class="battle-history">Slowbro used <strong>Slack Off</strong>!<br></div><div class="battle-history"><small>Slowbro restored its HP.</small><br></div><div class="spacer battle-history"><br></div><div class="battle-history"><small>The opposing Slowbro was hurt by its burn!</small><br></div><div class="battle-history"><small>Slowbro was hurt by its burn!</small><br></div><div class="spacer battle-history"><br></div><h2 class="battle-history">Turn 31</h2><div class="spacer battle-history"><br></div><div class="battle-history">Slowbro used <strong>Slack Off</strong>!<br></div><div class="battle-history"><small>Slowbro restored its HP.</small><br></div><div class="spacer battle-history"><br></div><div class="battle-history">The opposing Slowbro used <strong>Scald</strong>!<br></div><div class="battle-history"><small>It's not very effective...</small><br></div><div class="battle-history"><small>(Slowbro lost <abbr title="−54/394">13.7%</abbr> of its health!)</small><br></div><div class="spacer battle-history"><br></div><div class="battle-history"><small>The opposing Slowbro was hurt by its burn!</small><br></div><div class="battle-history"><small>Slowbro was hurt by its burn!</small><br></div><div class="spacer battle-history"><br></div><h2 class="battle-history">Turn 32</h2><div class="spacer battle-history"><br></div><div class="battle-history">Slowbro used <strong>Psyshock</strong>!<br></div><div class="battle-history"><small>It's not very effective...</small><br></div><div class="battle-history"><small>(The opposing Slowbro lost <abbr title="−134/394">34.0%</abbr> of its health!)</small><br></div><div class="spacer battle-history"><br></div><div class="battle-history">The opposing Slowbro used <strong>Psyshock</strong>!<br></div><div class="battle-history"><small>It's not very effective...</small><br></div><div class="battle-history"><small>(Slowbro lost <abbr title="−134/394">34.0%</abbr> of its health!)</small><br></div><div class="spacer battle-history"><br></div><div class="battle-history"><small>The opposing Slowbro was hurt by its burn!</small><br></div><div class="battle-history"><small>Slowbro was hurt by its burn!</small><br></div><div class="spacer battle-history"><br></div><h2 class="battle-history">Turn 33</h2><div class="spacer battle-history"><br></div><div class="battle-history">Slowbro used <strong>Psyshock</strong>!<br></div><div class="battle-history"><small>It's not very effective...</small><br></div><div class="battle-history"><small>(The opposing Slowbro lost <abbr title="−116/394">29.4%</abbr> of its health!)</small><br></div><div class="spacer battle-history"><br></div><div class="battle-history">The opposing Slowbro fainted!<br></div><div class="spacer battle-history"><br></div><div class="battle-history"><small>Slowbro was hurt by its burn!</small><br></div><div class="spacer battle-history"><br></div><div class="battle-history">W@mr sent out <strong>Virizion</strong>!<br></div><div class="battle-history"><small>Pointed stones dug into the opposing Virizion!</small><br></div><div class="spacer battle-history"><br></div><h2 class="battle-history">Turn 34</h2><div class="spacer battle-history"><br></div><div class="battle-history">Slowbro, come back!<br></div><div class="battle-history">Go! <strong>Rhydon</strong>!<br></div><div class="battle-history"><small>Pointed stones dug into Rhydon!</small><br></div><div class="spacer battle-history"><br></div><div class="battle-history">The opposing Virizion used <strong>Leaf Blade</strong>!<br></div><div class="battle-history"><small>It's super effective!</small><br></div><div class="battle-history"><small>(Rhydon lost <abbr title="−4/414">1.0%</abbr> of its health!)</small><br></div><div class="spacer battle-history"><br></div><div class="battle-history">Rhydon fainted!<br></div><div class="spacer battle-history"><br></div><div class="battle-history">Go! <strong>Machamp</strong>!<br></div><div class="battle-history"><small>Pointed stones dug into Machamp!</small><br></div><div class="spacer battle-history"><br></div><h2 class="battle-history">Turn 35</h2><div class="spacer battle-history"><br></div><div class="battle-history">W@mr withdrew Virizion!<br></div><div class="battle-history">W@mr sent out <strong>Xatu</strong>!<br></div><div class="battle-history"><small>Pointed stones dug into the opposing Xatu!</small><br></div><div class="spacer battle-history"><br></div><div class="battle-history">Machamp used <strong>Close Combat</strong>!<br></div><div class="battle-history"><small>It's not very effective...</small><br></div><div class="battle-history"><small>(The opposing Xatu lost <abbr title="−101/333">30.3%</abbr> of its health!)</small><br></div><div class="battle-history"><small>Machamp's Defense fell!</small><br></div><div class="battle-history"><small>Machamp's Special Defense fell!</small><br></div><div class="spacer battle-history"><br></div><div class="battle-history"><small>Machamp was hurt by poison!</small><br></div><div class="spacer battle-history"><br></div><h2 class="battle-history">Turn 36</h2><div class="spacer battle-history"><br></div><div class="battle-history">Machamp used <strong>Bullet Punch</strong>!<br></div><div class="battle-history"><small>(The opposing Xatu lost <abbr title="−66/333">19.8%</abbr> of its health!)</small><br></div><div class="spacer battle-history"><br></div><div class="battle-history">The opposing Xatu fainted!<br></div><div class="spacer battle-history"><br></div><div class="battle-history"><small>Machamp was hurt by poison!</small><br></div><div class="spacer battle-history"><br></div><div class="battle-history">W@mr sent out <strong>Virizion</strong>!<br></div><div class="battle-history"><small>Pointed stones dug into the opposing Virizion!</small><br></div><div class="spacer battle-history"><br></div><h2 class="battle-history">Turn 37</h2><div class="spacer battle-history"><br></div><div class="battle-history">Machamp used <strong>Bullet Punch</strong>!<br></div><div class="battle-history"><small>(The opposing Virizion lost <abbr title="−105/323">32.5%</abbr> of its health!)</small><br></div><div class="spacer battle-history"><br></div><div class="battle-history">The opposing Virizion used <strong>Leaf Blade</strong>!<br></div><div class="battle-history"><small>(Machamp lost <abbr title="−199/383">52.0%</abbr> of its health!)</small><br></div><div class="spacer battle-history"><br></div><div class="battle-history">Machamp fainted!<br></div><div class="spacer battle-history"><br></div><div class="battle-history">Go! <strong>Skuntank</strong>!<br></div><div class="battle-history"><small>Pointed stones dug into Skuntank!</small><br></div><div class="spacer battle-history"><br></div><h2 class="battle-history">Turn 38</h2><div class="spacer battle-history"><br></div><div class="battle-history">The opposing Virizion used <strong>Close Combat</strong>!<br></div><div class="battle-history"><small>(Skuntank lost <abbr title="−203/347">58.5%</abbr> of its health!)</small><br></div><div class="battle-history"><small>The opposing Virizion's Defense fell!</small><br></div><div class="battle-history"><small>The opposing Virizion's Special Defense fell!</small><br></div><div class="spacer battle-history"><br></div><div class="battle-history">Skuntank fainted!<br></div><div class="spacer battle-history"><br></div><div class="battle-history">Go! <strong>Rotom</strong>!<br></div><div class="battle-history"><small>Pointed stones dug into Rotom!</small><br></div><div class="spacer battle-history"><br></div><h2 class="battle-history">Turn 39</h2><div class="spacer battle-history"><br></div><div class="battle-history">W@mr withdrew Virizion!<br></div><div class="battle-history">W@mr sent out <strong>Rhydon</strong>!<br></div><div class="battle-history"><small>Pointed stones dug into the opposing Rhydon!</small><br></div><div class="spacer battle-history"><br></div><div class="battle-history">Rotom used <strong>Volt Switch</strong>!<br></div><div class="battle-history"><small>It doesn't affect the opposing Rhydon...</small><br></div><div class="spacer battle-history"><br></div><h2 class="battle-history">Turn 40</h2><div class="spacer battle-history"><br></div><div class="battle-history">Rotom went back to dezinger123!<br></div><div class="battle-history">Go! <strong>Slowbro</strong>!<br></div><div class="battle-history"><small>Pointed stones dug into Slowbro!</small><br></div><div class="spacer battle-history"><br></div><div class="battle-history">The opposing Rhydon used <strong>Earthquake</strong>!<br></div><div class="battle-history"><small>A critical hit!</small><br></div><div class="battle-history"><small>(Slowbro lost <abbr title="−189/394">48.0%</abbr> of its health!)</small><br></div><div class="spacer battle-history"><br></div><div class="battle-history"><small>Slowbro was hurt by its burn!</small><br></div><div class="spacer battle-history"><br></div><h2 class="battle-history">Turn 41</h2><div class="spacer battle-history"><br></div><div class="battle-history">The opposing Rhydon used <strong>Rock Blast</strong>!<br></div><div class="battle-history"><small>(Slowbro lost <abbr title="−3/394">0.8%</abbr> of its health!)</small><br></div><div class="battle-history"><small>Hit 1 time!</small><br></div><div class="spacer battle-history"><br></div><div class="battle-history">Slowbro fainted!<br></div><div class="spacer battle-history"><br></div><div class="battle-history">Go! <strong>Sceptile</strong>!<br></div><div class="battle-history"><small>Pointed stones dug into Sceptile!</small><br></div><div class="spacer battle-history"><br></div><div class="battle-history">Sceptile fainted!<br></div><div class="spacer battle-history"><br></div><div class="battle-history">Go! <strong>Rotom</strong>!<br></div><div class="battle-history"><small>Pointed stones dug into Rotom!</small><br></div><div class="spacer battle-history"><br></div><h2 class="battle-history">Turn 42</h2><div class="chat chatmessage-dezinger123"><strong style="color:hsl(123,43%,38.25761663335808%)"><small>☆</small><span class="username" data-name="dezinger123">dezinger123</span>:</strong> <em>gg</em></div><div class="chat chatmessage-wmr"><strong style="color:hsl(8,44%,45.279143835225604%)"><small>☆</small><span class="username" data-name="W@mr">W@mr</span>:</strong> <em>gg</em></div><div class="spacer battle-history"><br></div><div class="battle-history">Rotom used <strong>Shadow Ball</strong>!<br></div><div class="battle-history"><small>(The opposing Rhydon lost <abbr title="−148/351">42.2%</abbr> of its health!)</small><br></div><div class="spacer battle-history"><br></div><div class="battle-history">The opposing Rhydon used <strong>Rock Blast</strong>!<br></div><div class="battle-history"><small>(Rotom lost <abbr title="−61/242">25.2%</abbr> of its health!)</small><br></div><div class="battle-history"><small>(Rotom lost <abbr title="−66/242">27.3%</abbr> of its health!)</small><br></div><div class="battle-history"><small>Hit 2 times!</small><br></div><div class="spacer battle-history"><br></div><h2 class="battle-history">Turn 43</h2><div class="spacer battle-history"><br></div><div class="battle-history">Rotom used <strong>Shadow Ball</strong>!<br></div><div class="battle-history"><small>(The opposing Rhydon lost <abbr title="−138/351">39.3%</abbr> of its health!)</small><br></div><div class="spacer battle-history"><br></div><div class="battle-history">The opposing Rhydon used <strong>Rock Blast</strong>!<br></div><div class="battle-history"><small>(Rotom lost <abbr title="−55/242">22.7%</abbr> of its health!)</small><br></div><div class="battle-history"><small>Hit 1 time!</small><br></div><div class="spacer battle-history"><br></div><div class="battle-history">Rotom fainted!<br></div><div class="spacer battle-history"><br></div><div class="battle-history"><strong>W@mr</strong> won the battle!<br></div></div><div class="inner-preempt"></div></div></div>
</div>
<script>
let daily = Math.floor(Date.now()/1000/60/60/24);document.write('<script src="https://play.pokemonshowdown.com/js/replay-embed.js?version'+daily+'"></'+'script>');
</script>
