<!DOCTYPE html>
<meta charset="utf-8" />
<!-- version 1 -->
<title>NU replay: R∅derick vs. Danny199</title>
<style>
html,body {font-family:Verdana, sans-serif;font-size:10pt;margin:0;padding:0;}body{padding:12px 0;} .battle-log {font-family:Verdana, sans-serif;font-size:10pt;} .battle-log-inline {border:1px solid #AAAAAA;background:#EEF2F5;color:black;max-width:640px;margin:0 auto 80px;padding-bottom:5px;} .battle-log .inner {padding:4px 8px 0px 8px;} .battle-log .inner-preempt {padding:0 8px 4px 8px;} .battle-log .inner-after {margin-top:0.5em;} .battle-log h2 {margin:0.5em -8px;padding:4px 8px;border:1px solid #AAAAAA;background:#E0E7EA;border-left:0;border-right:0;font-family:Verdana, sans-serif;font-size:13pt;} .battle-log .chat {vertical-align:middle;padding:3px 0 3px 0;font-size:8pt;} .battle-log .chat strong {color:#40576A;} .battle-log .chat em {padding:1px 4px 1px 3px;color:#000000;font-style:normal;} .chat.mine {background:rgba(0,0,0,0.05);margin-left:-8px;margin-right:-8px;padding-left:8px;padding-right:8px;} .spoiler {color:#BBBBBB;background:#BBBBBB;padding:0px 3px;} .spoiler:hover, .spoiler:active, .spoiler-shown {color:#000000;background:#E2E2E2;padding:0px 3px;} .spoiler a {color:#BBBBBB;} .spoiler:hover a, .spoiler:active a, .spoiler-shown a {color:#2288CC;} .chat code, .chat .spoiler:hover code, .chat .spoiler:active code, .chat .spoiler-shown code {border:1px solid #C0C0C0;background:#EEEEEE;color:black;padding:0 2px;} .chat .spoiler code {border:1px solid #CCCCCC;background:#CCCCCC;color:#CCCCCC;} .battle-log .rated {padding:3px 4px;} .battle-log .rated strong {color:white;background:#89A;padding:1px 4px;border-radius:4px;} .spacer {margin-top:0.5em;} .message-announce {background:#6688AA;color:white;padding:1px 4px 2px;} .message-announce a, .broadcast-green a, .broadcast-blue a, .broadcast-red a {color:#DDEEFF;} .broadcast-green {background-color:#559955;color:white;padding:2px 4px;} .broadcast-blue {background-color:#6688AA;color:white;padding:2px 4px;} .infobox {border:1px solid #6688AA;padding:2px 4px;} .infobox-limited {max-height:200px;overflow:auto;overflow-x:hidden;} .broadcast-red {background-color:#AA5544;color:white;padding:2px 4px;} .message-learn-canlearn {font-weight:bold;color:#228822;text-decoration:underline;} .message-learn-cannotlearn {font-weight:bold;color:#CC2222;text-decoration:underline;} .message-effect-weak {font-weight:bold;color:#CC2222;} .message-effect-resist {font-weight:bold;color:#6688AA;} .message-effect-immune {font-weight:bold;color:#666666;} .message-learn-list {margin-top:0;margin-bottom:0;} .message-throttle-notice, .message-error {color:#992222;} .message-overflow, .chat small.message-overflow {font-size:0pt;} .message-overflow::before {font-size:9pt;content:'...';} .subtle {color:#3A4A66;}
</style>
<div class="wrapper replay-wrapper" style="max-width:1180px;margin:0 auto">
<input type="hidden" name="replayid" value="nu-518340852" />
<div class="battle"></div><div class="battle-log"></div><div class="replay-controls"></div><div class="replay-controls-2"></div>
<h1 style="font-weight:normal;text-align:center"><strong>NU</strong><br /><a href="http://pokemonshowdown.com/users/rderick" class="subtle" target="_blank">R∅derick</a> vs. <a href="http://pokemonshowdown.com/users/danny199" class="subtle" target="_blank">Danny199</a></h1>
<script type="text/plain" class="battle-log-data">|j|R∅derick
|j|Danny199
|player|p1|R∅derick|132
|player|p2|Danny199|89
|gametype|singles
|gen|6
|tier|NU
|rated
|seed|47725,56059,51616,49960
|rule|Sleep Clause Mod: Limit one foe put to sleep
|rule|Species Clause: Limit one of each Pokémon
|rule|OHKO Clause: OHKO moves are banned
|rule|Moody Clause: Moody is banned
|rule|Evasion Moves Clause: Evasion moves are banned
|rule|Endless Battle Clause: Forcing endless battles is banned
|rule|HP Percentage Mod: HP is shown in percentages
|clearpoke
|poke|p1|Mismagius, F|item
|poke|p1|Vileplume, M|item
|poke|p1|Magmortar, M|item
|poke|p1|Lapras, F|item
|poke|p1|Audino, F|item
|poke|p1|Xatu, M, shiny|item
|poke|p2|Tauros, M|item
|poke|p2|Electivire, M|item
|poke|p2|Magmortar, M|item
|poke|p2|Muk, M|item
|poke|p2|Steelix, M|item
|poke|p2|Haunter, M, shiny|item
|rule|Swagger Clause: Swagger is banned
|rule|Baton Pass Clause: Limit one Baton Passer, can't pass Spe and other stats simultaneously
|teampreview
|choice|team 1, team 2, team 3, team 4, team 5, team 6|team 5, team 2, team 3, team 4, team 1, team 6
|
|start
|switch|p1a: Mismagius|Mismagius, F|324\/324
|switch|p2a: Steelix|Steelix, M|353\/353
|turn|1
|choice|move willowisp|move stealthrock
|
|move|p1a: Mismagius|Will-O-Wisp|p2a: Steelix
|-status|p2a: Steelix|brn
|move|p2a: Steelix|Stealth Rock|p1a: Mismagius
|-sidestart|p1: R∅derick|move: Stealth Rock
|
|-damage|p2a: Steelix|309\/353 brn|[from] brn
|upkeep
|turn|2
|choice|move hex|move dragontail
|
|move|p1a: Mismagius|Hex|p2a: Steelix
|-damage|p2a: Steelix|102\/353 brn
|move|p2a: Steelix|Dragon Tail|p1a: Mismagius
|-damage|p1a: Mismagius|279\/324
|drag|p1a: Magmortar|Magmortar, M|307\/307
|-damage|p1a: Magmortar|231\/307|[from] Stealth Rock
|
|-damage|p2a: Steelix|58\/353 brn|[from] brn
|upkeep
|turn|3
|choice|move earthquake|move earthquake
|
|move|p1a: Magmortar|Earthquake|p2a: Steelix
|-supereffective|p2a: Steelix
|-damage|p2a: Steelix|0 fnt
|faint|p2a: Steelix
|
|upkeep
|choice||switch 2
|
|switch|p2a: Electivire|Electivire, M|291\/291
|turn|4
|choice|switch 3|move earthquake
|
|switch|p1a: Mismagius|Mismagius, F|279\/324
|-damage|p1a: Mismagius|239\/324|[from] Stealth Rock
|move|p2a: Electivire|Earthquake|p1a: Mismagius
|-immune|p1a: Mismagius|[msg]|[from] ability: Levitate
|
|upkeep
|turn|5
|choice|move willowisp|switch 6
|
|switch|p2a: Haunter|Haunter, M, shiny|293\/293
|move|p1a: Mismagius|Will-O-Wisp|p2a: Haunter
|-status|p2a: Haunter|brn
|
|-damage|p2a: Haunter|257\/293 brn|[from] brn
|upkeep
|turn|6
|choice|move hex|move destinybond
|
|move|p1a: Mismagius|Hex|p2a: Haunter
|-supereffective|p2a: Haunter
|-damage|p2a: Haunter|0 fnt
|faint|p2a: Haunter
|
|upkeep
|choice||switch 3
|
|switch|p2a: Magmortar|Magmortar, M|354\/354
|turn|7
|choice|switch 5|move flamethrower
|
|switch|p1a: Audino|Audino, F|410\/410
|-damage|p1a: Audino|359\/410|[from] Stealth Rock
|move|p2a: Magmortar|Flamethrower|p1a: Audino
|-crit|p1a: Audino
|-damage|p1a: Audino|83\/410
|
|upkeep
|turn|8
|choice|move wish mega|move flamethrower
|
|detailschange|p1a: Audino|Audino-Mega, F
|-mega|p1a: Audino|Audino|Audinite
|move|p2a: Magmortar|Flamethrower|p1a: Audino
|-damage|p1a: Audino|0 fnt
|faint|p1a: Audino
|
|upkeep
|choice|switch 4|
|
|switch|p1a: Lapras|Lapras, F|431\/431
|-damage|p1a: Lapras|324\/431|[from] Stealth Rock
|turn|9
|choice|move hydropump|move focusblast
|
|move|p2a: Magmortar|Focus Blast|p1a: Lapras
|-supereffective|p1a: Lapras
|-damage|p1a: Lapras|30\/431
|move|p1a: Lapras|Hydro Pump|p2a: Magmortar
|-supereffective|p2a: Magmortar
|-damage|p2a: Magmortar|10\/354
|
|-heal|p2a: Magmortar|32\/354|[from] item: Leftovers
|-heal|p1a: Lapras|56\/431|[from] item: Leftovers
|upkeep
|turn|10
|choice|move rest|move flamethrower
|
|move|p2a: Magmortar|Flamethrower|p1a: Lapras
|-damage|p1a: Lapras|0 fnt
|faint|p1a: Lapras
|
|-heal|p2a: Magmortar|54\/354|[from] item: Leftovers
|upkeep
|choice|switch 3|
|
|switch|p1a: Magmortar|Magmortar, M|231\/307
|-damage|p1a: Magmortar|155\/307|[from] Stealth Rock
|turn|11
|choice|move earthquake|move psychic
|
|move|p1a: Magmortar|Earthquake|p2a: Magmortar
|-supereffective|p2a: Magmortar
|-damage|p2a: Magmortar|0 fnt
|faint|p2a: Magmortar
|
|upkeep
|choice||switch 6
|
|switch|p2a: Electivire|Electivire, M|291\/291
|turn|12
|choice|switch 2|move thunderpunch
|
|switch|p1a: Vileplume|Vileplume, M|354\/354
|-damage|p1a: Vileplume|310\/354|[from] Stealth Rock
|move|p2a: Electivire|Thunder Punch|p1a: Vileplume
|-resisted|p1a: Vileplume
|-damage|p1a: Vileplume|228\/354
|
|-heal|p1a: Vileplume|250\/354|[from] item: Black Sludge
|upkeep
|turn|13
|choice|move sludgebomb|switch 4
|
|switch|p2a: Muk|Muk, M|414\/414
|move|p1a: Vileplume|Sludge Bomb|p2a: Muk
|-resisted|p2a: Muk
|-damage|p2a: Muk|354\/414
|
|-heal|p2a: Muk|379\/414|[from] item: Leftovers
|-heal|p1a: Vileplume|272\/354|[from] item: Black Sludge
|upkeep
|turn|14
|choice|move sleeppowder|move gunkshot
|
|move|p1a: Vileplume|Sleep Powder|p2a: Muk
|-status|p2a: Muk|slp
|cant|p2a: Muk|slp
|
|-heal|p1a: Vileplume|294\/354|[from] item: Black Sludge
|-heal|p2a: Muk|404\/414 slp|[from] item: Leftovers
|upkeep
|turn|15
|choice|switch 2|move gunkshot
|
|switch|p1a: Magmortar|Magmortar, M|155\/307
|-damage|p1a: Magmortar|79\/307|[from] Stealth Rock
|cant|p2a: Muk|slp
|
|-heal|p2a: Muk|414\/414 slp|[from] item: Leftovers
|upkeep
|turn|16
|choice|move fireblast|move gunkshot
|
|move|p1a: Magmortar|Fire Blast|p2a: Muk
|-damage|p2a: Muk|212\/414 slp
|-curestatus|p2a: Muk|slp|[msg]
|move|p2a: Muk|Gunk Shot|p1a: Magmortar
|-damage|p1a: Magmortar|0 fnt
|faint|p1a: Magmortar
|
|-heal|p2a: Muk|237\/414|[from] item: Leftovers
|upkeep
|choice|switch 6|
|
|switch|p1a: H∅rick|Xatu, M, shiny|334\/334
|-damage|p1a: H∅rick|251\/334|[from] Stealth Rock
|turn|17
|choice|move thunderwave|move icepunch
|
|move|p1a: H∅rick|Thunder Wave|p2a: Muk
|-status|p2a: Muk|par
|move|p2a: Muk|Ice Punch|p1a: H∅rick
|-supereffective|p1a: H∅rick
|-damage|p1a: H∅rick|79\/334
|-damage|p2a: Muk|168\/414 par|[from] item: Rocky Helmet|[of] p1a: H∅rick
|
|-heal|p2a: Muk|193\/414 par|[from] item: Leftovers
|upkeep
|turn|18
|choice|move roost|move icepunch
|
|move|p1a: H∅rick|Roost|p1a: H∅rick
|-heal|p1a: H∅rick|246\/334
|move|p2a: Muk|Ice Punch|p1a: H∅rick
|-damage|p1a: H∅rick|157\/334
|-damage|p2a: Muk|124\/414 par|[from] item: Rocky Helmet|[of] p1a: H∅rick
|
|-heal|p2a: Muk|149\/414 par|[from] item: Leftovers
|upkeep
|turn|19
|choice|move psychic|move icepunch
|
|move|p1a: H∅rick|Psychic|p2a: Muk
|-supereffective|p2a: Muk
|-damage|p2a: Muk|0 fnt
|faint|p2a: Muk
|
|upkeep
|choice||switch 4
|
|switch|p2a: Electivire|Electivire, M|291\/291
|turn|20
|choice|move psychic|move thunderpunch
|
|move|p2a: Electivire|Thunder Punch|p1a: H∅rick
|-supereffective|p1a: H∅rick
|-damage|p1a: H∅rick|0 fnt
|-damage|p2a: Electivire|243\/291|[from] item: Rocky Helmet|[of] p1a: H∅rick
|faint|p1a: H∅rick
|
|upkeep
|choice|switch 2|
|
|switch|p1a: Vileplume|Vileplume, M|294\/354
|-damage|p1a: Vileplume|250\/354|[from] Stealth Rock
|turn|21
|choice|move moonlight|switch 5
|
|switch|p2a: Tauros|Tauros, M|291\/291
|move|p1a: Vileplume|Moonlight|p1a: Vileplume
|-heal|p1a: Vileplume|354\/354
|
|upkeep
|turn|22
|choice|move sleeppowder|move zenheadbutt
|
|move|p2a: Tauros|Zen Headbutt|p1a: Vileplume
|-supereffective|p1a: Vileplume
|-damage|p1a: Vileplume|190\/354
|move|p1a: Vileplume|Sleep Powder|p2a: Tauros
|-status|p2a: Tauros|slp
|
|-heal|p1a: Vileplume|212\/354|[from] item: Black Sludge
|upkeep
|turn|23
|choice|move sludgebomb|move zenheadbutt
|
|cant|p2a: Tauros|slp
|move|p1a: Vileplume|Sludge Bomb|p2a: Tauros
|-damage|p2a: Tauros|182\/291 slp
|
|-heal|p1a: Vileplume|234\/354|[from] item: Black Sludge
|upkeep
|turn|24
|choice|move sludgebomb|move zenheadbutt
|
|cant|p2a: Tauros|slp
|move|p1a: Vileplume|Sludge Bomb|p2a: Tauros
|-damage|p2a: Tauros|85\/291 slp
|
|-heal|p1a: Vileplume|256\/354|[from] item: Black Sludge
|upkeep
|turn|25
|choice|move sludgebomb|move zenheadbutt
|
|cant|p2a: Tauros|slp
|move|p1a: Vileplume|Sludge Bomb|p2a: Tauros
|-damage|p2a: Tauros|0 fnt
|faint|p2a: Tauros
|
|-heal|p1a: Vileplume|278\/354|[from] item: Black Sludge
|upkeep
|choice||switch 5
|
|switch|p2a: Electivire|Electivire, M|243\/291
|turn|26
|choice|move sludgebomb|move thunderpunch
|
|move|p2a: Electivire|Thunder Punch|p1a: Vileplume
|-resisted|p1a: Vileplume
|-crit|p1a: Vileplume
|-damage|p1a: Vileplume|152\/354
|-status|p1a: Vileplume|par
|cant|p1a: Vileplume|par
|
|-heal|p1a: Vileplume|174\/354 par|[from] item: Black Sludge
|upkeep
|turn|27
|choice|move moonlight|move thunderpunch
|
|move|p2a: Electivire|Thunder Punch|p1a: Vileplume
|-resisted|p1a: Vileplume
|-damage|p1a: Vileplume|84\/354 par
|-status|p2a: Electivire|psn|[from] ability: Effect Spore|[of] p1a: Vileplume
|move|p1a: Vileplume|Moonlight|p1a: Vileplume
|-heal|p1a: Vileplume|261\/354 par
|
|-heal|p1a: Vileplume|283\/354 par|[from] item: Black Sludge
|-damage|p2a: Electivire|207\/291 psn|[from] psn
|upkeep
|turn|28
|choice|move moonlight|move thunderpunch
|
|move|p2a: Electivire|Thunder Punch|p1a: Vileplume
|-resisted|p1a: Vileplume
|-damage|p1a: Vileplume|191\/354 par
|move|p1a: Vileplume|Moonlight|p1a: Vileplume
|-heal|p1a: Vileplume|354\/354 par
|
|-damage|p2a: Electivire|171\/291 psn|[from] psn
|upkeep
|turn|29
|-message|Danny199 forfeited.
|
|win|R∅derick
|player|p1
|player|p2
|l|Danny199</script>
</div>
<div class="battle-log battle-log-inline"><div class="inner"><div class="battle-options"></div><div class="inner"><div class="chat"><small>R∅derick joined.</small></div><div class="chat"><small>Danny199 joined.</small></div><div class=""><small>Format:</small> <br><strong>NU</strong></div><div class="rated"><strong>Rated battle</strong></div><div class=""><small><em>Sleep Clause Mod:</em> Limit one foe put to sleep</small></div><div class=""><small><em>Species Clause:</em> Limit one of each Pokémon</small></div><div class=""><small><em>OHKO Clause:</em> OHKO moves are banned</small></div><div class=""><small><em>Moody Clause:</em> Moody is banned</small></div><div class=""><small><em>Evasion Moves Clause:</em> Evasion moves are banned</small></div><div class=""><small><em>Endless Battle Clause:</em> Forcing endless battles is banned</small></div><div class=""><small><em>HP Percentage Mod:</em> HP is shown in percentages</small></div><div class=""><small><em>Swagger Clause:</em> Swagger is banned</small></div><div class=""><small><em>Baton Pass Clause:</em> Limit one Baton Passer, can't pass Spe and other stats simultaneously</small></div><div class="chat battle-history"><strong>R∅derick's team:</strong> <em style="color:#445566;display:block;">Mismagius / Vileplume / Magmortar / Lapras / Audino / Xatu</em></div><div class="chat battle-history"><strong>Danny199's team:</strong> <em style="color:#445566;display:block;">Tauros / Electivire / Magmortar / Muk / Steelix / Haunter</em></div><div class="spacer battle-history"><br></div><div class="battle-history">Battle started between R∅derick and Danny199!<br></div><div class="spacer battle-history"><br></div><div class="battle-history">Go! <strong>Mismagius</strong>!<br></div><div class="spacer battle-history"><br></div><div class="battle-history">Danny199 sent out <strong>Steelix</strong>!<br></div><div class="spacer battle-history"><br></div><h2 class="battle-history">Turn 1</h2><div class="spacer battle-history"><br></div><div class="battle-history">Mismagius used <strong>Will-O-Wisp</strong>!<br></div><div class="battle-history"><small>The opposing Steelix was burned!</small><br></div><div class="spacer battle-history"><br></div><div class="battle-history">The opposing Steelix used <strong>Stealth Rock</strong>!<br></div><div class="battle-history"><small>Pointed stones float in the air around your team!</small><br></div><div class="spacer battle-history"><br></div><div class="battle-history"><small>The opposing Steelix was hurt by its burn!</small><br></div><div class="spacer battle-history"><br></div><h2 class="battle-history">Turn 2</h2><div class="spacer battle-history"><br></div><div class="battle-history">Mismagius used <strong>Hex</strong>!<br></div><div class="battle-history"><small>(The opposing Steelix lost <abbr title="−207/353">58.6%</abbr> of its health!)</small><br></div><div class="spacer battle-history"><br></div><div class="battle-history">The opposing Steelix used <strong>Dragon Tail</strong>!<br></div><div class="battle-history"><small>(Mismagius lost <abbr title="−45/324">13.9%</abbr> of its health!)</small><br></div><div class="spacer battle-history"><br></div><div class="battle-history"><strong>Magmortar</strong> was dragged out!<br></div><div class="battle-history"><small>Pointed stones dug into Magmortar!</small><br></div><div class="spacer battle-history"><br></div><div class="battle-history"><small>The opposing Steelix was hurt by its burn!</small><br></div><div class="spacer battle-history"><br></div><h2 class="battle-history">Turn 3</h2><div class="spacer battle-history"><br></div><div class="battle-history">Magmortar used <strong>Earthquake</strong>!<br></div><div class="battle-history"><small>It's super effective!</small><br></div><div class="battle-history"><small>(The opposing Steelix lost <abbr title="−58/353">16.4%</abbr> of its health!)</small><br></div><div class="spacer battle-history"><br></div><div class="battle-history">The opposing Steelix fainted!<br></div><div class="spacer battle-history"><br></div><div class="battle-history">Danny199 sent out <strong>Electivire</strong>!<br></div><div class="spacer battle-history"><br></div><h2 class="battle-history">Turn 4</h2><div class="spacer battle-history"><br></div><div class="battle-history">Magmortar, come back!<br></div><div class="battle-history">Go! <strong>Mismagius</strong>!<br></div><div class="battle-history"><small>Pointed stones dug into Mismagius!</small><br></div><div class="spacer battle-history"><br></div><div class="battle-history">The opposing Electivire used <strong>Earthquake</strong>!<br></div><div class="battle-history"><small>[Mismagius's Levitate]</small><br><small>It doesn't affect Mismagius...</small><br></div><div class="spacer battle-history"><br></div><h2 class="battle-history">Turn 5</h2><div class="spacer battle-history"><br></div><div class="battle-history">Danny199 withdrew Electivire!<br></div><div class="battle-history">Danny199 sent out <strong>Haunter</strong>!<br></div><div class="spacer battle-history"><br></div><div class="battle-history">Mismagius used <strong>Will-O-Wisp</strong>!<br></div><div class="battle-history"><small>The opposing Haunter was burned!</small><br></div><div class="spacer battle-history"><br></div><div class="battle-history"><small>The opposing Haunter was hurt by its burn!</small><br></div><div class="spacer battle-history"><br></div><h2 class="battle-history">Turn 6</h2><div class="spacer battle-history"><br></div><div class="battle-history">Mismagius used <strong>Hex</strong>!<br></div><div class="battle-history"><small>It's super effective!</small><br></div><div class="battle-history"><small>(The opposing Haunter lost <abbr title="−257/293">87.7%</abbr> of its health!)</small><br></div><div class="spacer battle-history"><br></div><div class="battle-history">The opposing Haunter fainted!<br></div><div class="spacer battle-history"><br></div><div class="battle-history">Danny199 sent out <strong>Magmortar</strong>!<br></div><div class="spacer battle-history"><br></div><h2 class="battle-history">Turn 7</h2><div class="spacer battle-history"><br></div><div class="battle-history">Mismagius, come back!<br></div><div class="battle-history">Go! <strong>Audino</strong>!<br></div><div class="battle-history"><small>Pointed stones dug into Audino!</small><br></div><div class="spacer battle-history"><br></div><div class="battle-history">The opposing Magmortar used <strong>Flamethrower</strong>!<br></div><div class="battle-history"><small>A critical hit!</small><br></div><div class="battle-history"><small>(Audino lost <abbr title="−276/410">67.3%</abbr> of its health!)</small><br></div><div class="spacer battle-history"><br></div><h2 class="battle-history">Turn 8</h2><div class="spacer battle-history"><br></div><div class="battle-history"><small>Audino's Audinite is reacting to R∅derick's Mega Bracelet!</small><br>Audino has Mega Evolved into Mega Audino!<br></div><div class="spacer battle-history"><br></div><div class="battle-history">The opposing Magmortar used <strong>Flamethrower</strong>!<br></div><div class="battle-history"><small>(Audino lost <abbr title="−83/410">20.2%</abbr> of its health!)</small><br></div><div class="spacer battle-history"><br></div><div class="battle-history">Audino fainted!<br></div><div class="spacer battle-history"><br></div><div class="battle-history">Go! <strong>Lapras</strong>!<br></div><div class="battle-history"><small>Pointed stones dug into Lapras!</small><br></div><div class="spacer battle-history"><br></div><h2 class="battle-history">Turn 9</h2><div class="spacer battle-history"><br></div><div class="battle-history">The opposing Magmortar used <strong>Focus Blast</strong>!<br></div><div class="battle-history"><small>It's super effective!</small><br></div><div class="battle-history"><small>(Lapras lost <abbr title="−294/431">68.2%</abbr> of its health!)</small><br></div><div class="spacer battle-history"><br></div><div class="battle-history">Lapras used <strong>Hydro Pump</strong>!<br></div><div class="battle-history"><small>It's super effective!</small><br></div><div class="battle-history"><small>(The opposing Magmortar lost <abbr title="−344/354">97.2%</abbr> of its health!)</small><br></div><div class="spacer battle-history"><br></div><div class="battle-history"><small>The opposing Magmortar restored a little HP using its Leftovers!</small><br></div><div class="battle-history"><small>Lapras restored a little HP using its Leftovers!</small><br></div><div class="spacer battle-history"><br></div><h2 class="battle-history">Turn 10</h2><div class="spacer battle-history"><br></div><div class="battle-history">The opposing Magmortar used <strong>Flamethrower</strong>!<br></div><div class="battle-history"><small>(Lapras lost <abbr title="−56/431">13.0%</abbr> of its health!)</small><br></div><div class="spacer battle-history"><br></div><div class="battle-history">Lapras fainted!<br></div><div class="spacer battle-history"><br></div><div class="battle-history"><small>The opposing Magmortar restored a little HP using its Leftovers!</small><br></div><div class="spacer battle-history"><br></div><div class="battle-history">Go! <strong>Magmortar</strong>!<br></div><div class="battle-history"><small>Pointed stones dug into Magmortar!</small><br></div><div class="spacer battle-history"><br></div><h2 class="battle-history">Turn 11</h2><div class="spacer battle-history"><br></div><div class="battle-history">Magmortar used <strong>Earthquake</strong>!<br></div><div class="battle-history"><small>It's super effective!</small><br></div><div class="battle-history"><small>(The opposing Magmortar lost <abbr title="−54/354">15.3%</abbr> of its health!)</small><br></div><div class="spacer battle-history"><br></div><div class="battle-history">The opposing Magmortar fainted!<br></div><div class="spacer battle-history"><br></div><div class="battle-history">Danny199 sent out <strong>Electivire</strong>!<br></div><div class="spacer battle-history"><br></div><h2 class="battle-history">Turn 12</h2><div class="spacer battle-history"><br></div><div class="battle-history">Magmortar, come back!<br></div><div class="battle-history">Go! <strong>Vileplume</strong>!<br></div><div class="battle-history"><small>Pointed stones dug into Vileplume!</small><br></div><div class="spacer battle-history"><br></div><div class="battle-history">The opposing Electivire used <strong>Thunder Punch</strong>!<br></div><div class="battle-history"><small>It's not very effective...</small><br></div><div class="battle-history"><small>(Vileplume lost <abbr title="−82/354">23.2%</abbr> of its health!)</small><br></div><div class="spacer battle-history"><br></div><div class="battle-history"><small>Vileplume restored a little HP using its Black Sludge!</small><br></div><div class="spacer battle-history"><br></div><h2 class="battle-history">Turn 13</h2><div class="spacer battle-history"><br></div><div class="battle-history">Danny199 withdrew Electivire!<br></div><div class="battle-history">Danny199 sent out <strong>Muk</strong>!<br></div><div class="spacer battle-history"><br></div><div class="battle-history">Vileplume used <strong>Sludge Bomb</strong>!<br></div><div class="battle-history"><small>It's not very effective...</small><br></div><div class="battle-history"><small>(The opposing Muk lost <abbr title="−60/414">14.5%</abbr> of its health!)</small><br></div><div class="spacer battle-history"><br></div><div class="battle-history"><small>The opposing Muk restored a little HP using its Leftovers!</small><br></div><div class="battle-history"><small>Vileplume restored a little HP using its Black Sludge!</small><br></div><div class="spacer battle-history"><br></div><h2 class="battle-history">Turn 14</h2><div class="spacer battle-history"><br></div><div class="battle-history">Vileplume used <strong>Sleep Powder</strong>!<br></div><div class="battle-history"><small>The opposing Muk fell asleep!</small><br></div><div class="spacer battle-history"><br></div><div class="battle-history">The opposing Muk is fast asleep.<br></div><div class="spacer battle-history"><br></div><div class="battle-history"><small>Vileplume restored a little HP using its Black Sludge!</small><br></div><div class="battle-history"><small>The opposing Muk restored a little HP using its Leftovers!</small><br></div><div class="spacer battle-history"><br></div><h2 class="battle-history">Turn 15</h2><div class="spacer battle-history"><br></div><div class="battle-history">Vileplume, come back!<br></div><div class="battle-history">Go! <strong>Magmortar</strong>!<br></div><div class="battle-history"><small>Pointed stones dug into Magmortar!</small><br></div><div class="spacer battle-history"><br></div><div class="battle-history">The opposing Muk is fast asleep.<br></div><div class="spacer battle-history"><br></div><div class="battle-history"><small>The opposing Muk restored a little HP using its Leftovers!</small><br></div><div class="spacer battle-history"><br></div><h2 class="battle-history">Turn 16</h2><div class="spacer battle-history"><br></div><div class="battle-history">Magmortar used <strong>Fire Blast</strong>!<br></div><div class="battle-history"><small>(The opposing Muk lost <abbr title="−202/414">48.8%</abbr> of its health!)</small><br></div><div class="battle-history"><small>The opposing Muk woke up!</small><br></div><div class="spacer battle-history"><br></div><div class="battle-history">The opposing Muk used <strong>Gunk Shot</strong>!<br></div><div class="battle-history"><small>(Magmortar lost <abbr title="−79/307">25.7%</abbr> of its health!)</small><br></div><div class="spacer battle-history"><br></div><div class="battle-history">Magmortar fainted!<br></div><div class="spacer battle-history"><br></div><div class="battle-history"><small>The opposing Muk restored a little HP using its Leftovers!</small><br></div><div class="spacer battle-history"><br></div><div class="battle-history">Go! H∅rick (<strong>Xatu</strong>)!<br></div><div class="battle-history"><small>Pointed stones dug into H∅rick!</small><br></div><div class="spacer battle-history"><br></div><h2 class="battle-history">Turn 17</h2><div class="spacer battle-history"><br></div><div class="battle-history">H∅rick used <strong>Thunder Wave</strong>!<br></div><div class="battle-history"><small>The opposing Muk is paralyzed! It may be unable to move!</small><br></div><div class="spacer battle-history"><br></div><div class="battle-history">The opposing Muk used <strong>Ice Punch</strong>!<br></div><div class="battle-history"><small>It's super effective!</small><br></div><div class="battle-history"><small>(H∅rick lost <abbr title="−172/334">51.5%</abbr> of its health!)</small><br></div><div class="battle-history"><small>The opposing Muk was hurt by the Rocky Helmet!</small><br></div><div class="spacer battle-history"><br></div><div class="battle-history"><small>The opposing Muk restored a little HP using its Leftovers!</small><br></div><div class="spacer battle-history"><br></div><h2 class="battle-history">Turn 18</h2><div class="spacer battle-history"><br></div><div class="battle-history">H∅rick used <strong>Roost</strong>!<br></div><div class="battle-history"><small>H∅rick restored its HP.</small><br></div><div class="spacer battle-history"><br></div><div class="battle-history">The opposing Muk used <strong>Ice Punch</strong>!<br></div><div class="battle-history"><small>(H∅rick lost <abbr title="−89/334">26.6%</abbr> of its health!)</small><br></div><div class="battle-history"><small>The opposing Muk was hurt by the Rocky Helmet!</small><br></div><div class="spacer battle-history"><br></div><div class="battle-history"><small>The opposing Muk restored a little HP using its Leftovers!</small><br></div><div class="spacer battle-history"><br></div><h2 class="battle-history">Turn 19</h2><div class="spacer battle-history"><br></div><div class="battle-history">H∅rick used <strong>Psychic</strong>!<br></div><div class="battle-history"><small>It's super effective!</small><br></div><div class="battle-history"><small>(The opposing Muk lost <abbr title="−149/414">36.0%</abbr> of its health!)</small><br></div><div class="spacer battle-history"><br></div><div class="battle-history">The opposing Muk fainted!<br></div><div class="spacer battle-history"><br></div><div class="battle-history">Danny199 sent out <strong>Electivire</strong>!<br></div><div class="spacer battle-history"><br></div><h2 class="battle-history">Turn 20</h2><div class="spacer battle-history"><br></div><div class="battle-history">The opposing Electivire used <strong>Thunder Punch</strong>!<br></div><div class="battle-history"><small>It's super effective!</small><br></div><div class="battle-history"><small>(H∅rick lost <abbr title="−157/334">47.0%</abbr> of its health!)</small><br></div><div class="battle-history"><small>The opposing Electivire was hurt by the Rocky Helmet!</small><br></div><div class="spacer battle-history"><br></div><div class="battle-history">H∅rick fainted!<br></div><div class="spacer battle-history"><br></div><div class="battle-history">Go! <strong>Vileplume</strong>!<br></div><div class="battle-history"><small>Pointed stones dug into Vileplume!</small><br></div><div class="spacer battle-history"><br></div><h2 class="battle-history">Turn 21</h2><div class="spacer battle-history"><br></div><div class="battle-history">Danny199 withdrew Electivire!<br></div><div class="battle-history">Danny199 sent out <strong>Tauros</strong>!<br></div><div class="spacer battle-history"><br></div><div class="battle-history">Vileplume used <strong>Moonlight</strong>!<br></div><div class="battle-history"><small>Vileplume restored its HP.</small><br></div><div class="spacer battle-history"><br></div><h2 class="battle-history">Turn 22</h2><div class="spacer battle-history"><br></div><div class="battle-history">The opposing Tauros used <strong>Zen Headbutt</strong>!<br></div><div class="battle-history"><small>It's super effective!</small><br></div><div class="battle-history"><small>(Vileplume lost <abbr title="−164/354">46.3%</abbr> of its health!)</small><br></div><div class="spacer battle-history"><br></div><div class="battle-history">Vileplume used <strong>Sleep Powder</strong>!<br></div><div class="battle-history"><small>The opposing Tauros fell asleep!</small><br></div><div class="spacer battle-history"><br></div><div class="battle-history"><small>Vileplume restored a little HP using its Black Sludge!</small><br></div><div class="spacer battle-history"><br></div><h2 class="battle-history">Turn 23</h2><div class="spacer battle-history"><br></div><div class="battle-history">The opposing Tauros is fast asleep.<br></div><div class="spacer battle-history"><br></div><div class="battle-history">Vileplume used <strong>Sludge Bomb</strong>!<br></div><div class="battle-history"><small>(The opposing Tauros lost <abbr title="−109/291">37.5%</abbr> of its health!)</small><br></div><div class="spacer battle-history"><br></div><div class="battle-history"><small>Vileplume restored a little HP using its Black Sludge!</small><br></div><div class="spacer battle-history"><br></div><h2 class="battle-history">Turn 24</h2><div class="spacer battle-history"><br></div><div class="battle-history">The opposing Tauros is fast asleep.<br></div><div class="spacer battle-history"><br></div><div class="battle-history">Vileplume used <strong>Sludge Bomb</strong>!<br></div><div class="battle-history"><small>(The opposing Tauros lost <abbr title="−97/291">33.3%</abbr> of its health!)</small><br></div><div class="spacer battle-history"><br></div><div class="battle-history"><small>Vileplume restored a little HP using its Black Sludge!</small><br></div><div class="spacer battle-history"><br></div><h2 class="battle-history">Turn 25</h2><div class="spacer battle-history"><br></div><div class="battle-history">The opposing Tauros is fast asleep.<br></div><div class="spacer battle-history"><br></div><div class="battle-history">Vileplume used <strong>Sludge Bomb</strong>!<br></div><div class="battle-history"><small>(The opposing Tauros lost <abbr title="−85/291">29.2%</abbr> of its health!)</small><br></div><div class="spacer battle-history"><br></div><div class="battle-history">The opposing Tauros fainted!<br></div><div class="spacer battle-history"><br></div><div class="battle-history"><small>Vileplume restored a little HP using its Black Sludge!</small><br></div><div class="spacer battle-history"><br></div><div class="battle-history">Danny199 sent out <strong>Electivire</strong>!<br></div><div class="spacer battle-history"><br></div><h2 class="battle-history">Turn 26</h2><div class="spacer battle-history"><br></div><div class="battle-history">The opposing Electivire used <strong>Thunder Punch</strong>!<br></div><div class="battle-history"><small>It's not very effective...</small><br></div><div class="battle-history"><small>A critical hit!</small><br></div><div class="battle-history"><small>(Vileplume lost <abbr title="−126/354">35.6%</abbr> of its health!)</small><br></div><div class="battle-history"><small>Vileplume is paralyzed! It may be unable to move!</small><br></div><div class="spacer battle-history"><br></div><div class="battle-history">Vileplume is paralyzed! It can't move!<br></div><div class="spacer battle-history"><br></div><div class="battle-history"><small>Vileplume restored a little HP using its Black Sludge!</small><br></div><div class="spacer battle-history"><br></div><h2 class="battle-history">Turn 27</h2><div class="spacer battle-history"><br></div><div class="battle-history">The opposing Electivire used <strong>Thunder Punch</strong>!<br></div><div class="battle-history"><small>It's not very effective...</small><br></div><div class="battle-history"><small>(Vileplume lost <abbr title="−90/354">25.4%</abbr> of its health!)</small><br></div><div class="battle-history"><small>[Vileplume's Effect Spore]</small><br><small>The opposing Electivire was poisoned!</small><br></div><div class="spacer battle-history"><br></div><div class="battle-history">Vileplume used <strong>Moonlight</strong>!<br></div><div class="battle-history"><small>Vileplume restored its HP.</small><br></div><div class="spacer battle-history"><br></div><div class="battle-history"><small>Vileplume restored a little HP using its Black Sludge!</small><br></div><div class="battle-history"><small>The opposing Electivire was hurt by poison!</small><br></div><div class="spacer battle-history"><br></div><h2 class="battle-history">Turn 28</h2><div class="spacer battle-history"><br></div><div class="battle-history">The opposing Electivire used <strong>Thunder Punch</strong>!<br></div><div class="battle-history"><small>It's not very effective...</small><br></div><div class="battle-history"><small>(Vileplume lost <abbr title="−92/354">26.0%</abbr> of its health!)</small><br></div><div class="spacer battle-history"><br></div><div class="battle-history">Vileplume used <strong>Moonlight</strong>!<br></div><div class="battle-history"><small>Vileplume restored its HP.</small><br></div><div class="spacer battle-history"><br></div><div class="battle-history"><small>The opposing Electivire was hurt by poison!</small><br></div><div class="spacer battle-history"><br></div><h2 class="battle-history">Turn 29</h2><div class="spacer battle-history"><br></div><div class="battle-history"><small>Danny199 forfeited.</small><br></div><div class="spacer battle-history"><br></div><div class="battle-history"><strong>R∅derick</strong> won the battle!<br></div><div class="chat"><small>Danny199 left.</small></div></div><div class="inner-preempt"></div></div></div>
</div>
<script>
let daily = Math.floor(Date.now()/1000/60/60/24);document.write('<script src="https://play.pokemonshowdown.com/js/replay-embed.js?version'+daily+'"></'+'script>');
</script>
