<!DOCTYPE html>
<meta charset="utf-8" />
<!-- version 1 -->
<title>NU replay: S poi re vs. Walksacred</title>
<style>
html,body {font-family:Verdana, sans-serif;font-size:10pt;margin:0;padding:0;}body{padding:12px 0;} .battle-log {font-family:Verdana, sans-serif;font-size:10pt;} .battle-log-inline {border:1px solid #AAAAAA;background:#EEF2F5;color:black;max-width:640px;margin:0 auto 80px;padding-bottom:5px;} .battle-log .inner {padding:4px 8px 0px 8px;} .battle-log .inner-preempt {padding:0 8px 4px 8px;} .battle-log .inner-after {margin-top:0.5em;} .battle-log h2 {margin:0.5em -8px;padding:4px 8px;border:1px solid #AAAAAA;background:#E0E7EA;border-left:0;border-right:0;font-family:Verdana, sans-serif;font-size:13pt;} .battle-log .chat {vertical-align:middle;padding:3px 0 3px 0;font-size:8pt;} .battle-log .chat strong {color:#40576A;} .battle-log .chat em {padding:1px 4px 1px 3px;color:#000000;font-style:normal;} .chat.mine {background:rgba(0,0,0,0.05);margin-left:-8px;margin-right:-8px;padding-left:8px;padding-right:8px;} .spoiler {color:#BBBBBB;background:#BBBBBB;padding:0px 3px;} .spoiler:hover, .spoiler:active, .spoiler-shown {color:#000000;background:#E2E2E2;padding:0px 3px;} .spoiler a {color:#BBBBBB;} .spoiler:hover a, .spoiler:active a, .spoiler-shown a {color:#2288CC;} .chat code, .chat .spoiler:hover code, .chat .spoiler:active code, .chat .spoiler-shown code {border:1px solid #C0C0C0;background:#EEEEEE;color:black;padding:0 2px;} .chat .spoiler code {border:1px solid #CCCCCC;background:#CCCCCC;color:#CCCCCC;} .battle-log .rated {padding:3px 4px;} .battle-log .rated strong {color:white;background:#89A;padding:1px 4px;border-radius:4px;} .spacer {margin-top:0.5em;} .message-announce {background:#6688AA;color:white;padding:1px 4px 2px;} .message-announce a, .broadcast-green a, .broadcast-blue a, .broadcast-red a {color:#DDEEFF;} .broadcast-green {background-color:#559955;color:white;padding:2px 4px;} .broadcast-blue {background-color:#6688AA;color:white;padding:2px 4px;} .infobox {border:1px solid #6688AA;padding:2px 4px;} .infobox-limited {max-height:200px;overflow:auto;overflow-x:hidden;} .broadcast-red {background-color:#AA5544;color:white;padding:2px 4px;} .message-learn-canlearn {font-weight:bold;color:#228822;text-decoration:underline;} .message-learn-cannotlearn {font-weight:bold;color:#CC2222;text-decoration:underline;} .message-effect-weak {font-weight:bold;color:#CC2222;} .message-effect-resist {font-weight:bold;color:#6688AA;} .message-effect-immune {font-weight:bold;color:#666666;} .message-learn-list {margin-top:0;margin-bottom:0;} .message-throttle-notice, .message-error {color:#992222;} .message-overflow, .chat small.message-overflow {font-size:0pt;} .message-overflow::before {font-size:9pt;content:'...';} .subtle {color:#3A4A66;}
</style>
<div class="wrapper replay-wrapper" style="max-width:1180px;margin:0 auto">
<input type="hidden" name="replayid" value="pokestrat-nu-1226" />
<div class="battle"></div><div class="battle-log"></div><div class="replay-controls"></div><div class="replay-controls-2"></div>
<h1 style="font-weight:normal;text-align:center"><strong>NU</strong><br /><a href="http://pokemonshowdown.com/users/spoire" class="subtle" target="_blank">S poi re</a> vs. <a href="http://pokemonshowdown.com/users/walksacred" class="subtle" target="_blank">Walksacred</a></h1>
<script type="text/plain" class="battle-log-data">|j|S poi re
|j|Walksacred
|player|p1|S poi re|#clemont
|player|p2|Walksacred|95
|gametype|singles
|gen|6
|tier|NU
|seed|6015,14737,60779,27740
|rule|Sleep Clause Mod: Limit one foe put to sleep
|rule|Species Clause: Limit one of each Pokémon
|rule|OHKO Clause: OHKO moves are banned
|rule|Moody Clause: Moody is banned
|rule|Evasion Moves Clause: Evasion moves are banned
|rule|Endless Battle Clause: Forcing endless battles is banned
|rule|HP Percentage Mod: HP is shown in percentages
|clearpoke
|poke|p1|Primeape, F|item
|poke|p1|Steelix, M|item
|poke|p1|Mismagius, F|item
|poke|p1|Mantine, F|item
|poke|p1|Lilligant, F|item
|poke|p1|Vigoroth, F|item
|poke|p2|Bouffalant, M|item
|poke|p2|Samurott, M|item
|poke|p2|Sandslash, M|item
|poke|p2|Audino, F|item
|poke|p2|Haunter, M|item
|poke|p2|Lanturn, M|item
|rule|Swagger Clause: Swagger is banned
|rule|Baton Pass Clause: Limit one Baton Passer, can't pass Spe and other stats simultaneously
|teampreview
|l|S poi re
|player|p1|
|j|S poi re
|player|p1|S poi re|#clemont
|choice|team 2, team 1, team 3, team 4, team 5, team 6|team 4, team 2, team 3, team 1, team 5, team 6
|
|start
|switch|p1a: Steelix|Steelix, M|353\/353
|switch|p2a: Viola DeWynter|Audino, F|374\/374
|turn|1
|c|☆S poi re|Bc 
|choice|move stealthrock|move fireblast
|
|move|p2a: Viola DeWynter|Fire Blast|p1a: Steelix
|-supereffective|p1a: Steelix
|-damage|p1a: Steelix|197\/353
|move|p1a: Steelix|Stealth Rock|p2a: Viola DeWynter
|-sidestart|p2: Walksacred|move: Stealth Rock
|
|-heal|p1a: Steelix|219\/353|[from] item: Leftovers
|upkeep
|turn|2
|choice|switch 2|move calmmind
|
|switch|p1a: Primeape|Primeape, F|271\/271
|move|p2a: Viola DeWynter|Calm Mind|p2a: Viola DeWynter
|-boost|p2a: Viola DeWynter|spa|1
|-boost|p2a: Viola DeWynter|spd|1
|
|upkeep
|turn|3
|choice|move closecombat|move drainingkiss mega
|
|detailschange|p2a: Viola DeWynter|Audino-Mega, F
|-mega|p2a: Viola DeWynter|Audino|Audinite
|move|p1a: Primeape|Close Combat|p2a: Viola DeWynter
|-damage|p2a: Viola DeWynter|212\/374
|-unboost|p1a: Primeape|def|1
|-unboost|p1a: Primeape|spd|1
|move|p2a: Viola DeWynter|Draining Kiss|p1a: Primeape
|-supereffective|p1a: Primeape
|-damage|p1a: Primeape|0 fnt
|-heal|p2a: Viola DeWynter|374\/374|[from] drain|[of] p1a: Primeape
|faint|p1a: Primeape
|
|upkeep
|choice|switch 2|
|
|switch|p1a: Steelix|Steelix, M|219\/353
|turn|4
|choice|move heavyslam|move fireblast
|
|move|p2a: Viola DeWynter|Fire Blast|p1a: Steelix
|-supereffective|p1a: Steelix
|-damage|p1a: Steelix|0 fnt
|faint|p1a: Steelix
|
|upkeep
|choice|switch 5|
|
|switch|p1a: Lilligant|Lilligant, F|281\/281
|turn|5
|choice|move sleeppowder|switch 4
|
|switch|p2a: Johnny Gat|Bouffalant, M|358\/358
|-damage|p2a: Johnny Gat|314\/358|[from] Stealth Rock
|move|p1a: Lilligant|Sleep Powder|p2a: Johnny Gat
|-ability|p2a: Johnny Gat|Sap Sipper|boost
|-boost|p2a: Johnny Gat|atk|1
|
|-heal|p2a: Johnny Gat|336\/358|[from] item: Leftovers
|upkeep
|turn|6
|choice|switch 3|move substitute
|
|switch|p1a: Mismagius|Mismagius, F|324\/324
|move|p2a: Johnny Gat|Substitute|p2a: Johnny Gat
|-start|p2a: Johnny Gat|Substitute
|-damage|p2a: Johnny Gat|247\/358
|
|-heal|p2a: Johnny Gat|269\/358|[from] item: Leftovers
|upkeep
|turn|7
|choice|switch 6|move swordsdance
|
|switch|p1a: Vigoroth|Vigoroth, F|314\/314
|move|p2a: Johnny Gat|Swords Dance|p2a: Johnny Gat
|-boost|p2a: Johnny Gat|atk|2
|
|-heal|p2a: Johnny Gat|291\/358|[from] item: Leftovers
|upkeep
|turn|8
|l|S poi re
|player|p1|
|j|S poi re
|player|p1|S poi re|#clemont
|choice|move return|move return
|
|move|p1a: Vigoroth|Return|p2a: Johnny Gat
|-end|p2a: Johnny Gat|Substitute
|move|p2a: Johnny Gat|Return|p1a: Vigoroth
|-damage|p1a: Vigoroth|62\/314
|
|-heal|p2a: Johnny Gat|313\/358|[from] item: Leftovers
|upkeep
|turn|9
|choice|move encore|move return
|
|move|p1a: Vigoroth|Encore|p2a: Johnny Gat
|-start|p2a: Johnny Gat|Encore
|move|p2a: Johnny Gat|Return|p1a: Vigoroth
|-damage|p1a: Vigoroth|0 fnt
|faint|p1a: Vigoroth
|
|-heal|p2a: Johnny Gat|335\/358|[from] item: Leftovers
|upkeep
|choice|switch 6|
|
|switch|p1a: Mismagius|Mismagius, F|324\/324
|turn|10
|choice|move willowisp|move return
|
|move|p1a: Mismagius|Will-O-Wisp|p2a: Johnny Gat
|-status|p2a: Johnny Gat|brn
|move|p2a: Johnny Gat|Return|p1a: Mismagius
|-immune|p1a: Mismagius|[msg]
|
|-heal|p2a: Johnny Gat|357\/358 brn|[from] item: Leftovers
|-damage|p2a: Johnny Gat|313\/358 brn|[from] brn
|upkeep
|turn|11
|choice|switch 4|move return
|
|switch|p1a: Mantine|Mantine, F|334\/334
|move|p2a: Johnny Gat|Return|p1a: Mantine
|-damage|p1a: Mantine|121\/334
|
|-heal|p2a: Johnny Gat|335\/358 brn|[from] item: Leftovers
|-heal|p1a: Mantine|141\/334|[from] item: Leftovers
|-damage|p2a: Johnny Gat|291\/358 brn|[from] brn
|-end|p2a: Johnny Gat|Encore
|upkeep
|turn|12
|c|☆Walksacred|tu peux continuer hein
|choice|move airslash|move return
|
|move|p2a: Johnny Gat|Return|p1a: Mantine
|-damage|p1a: Mantine|0 fnt
|faint|p1a: Mantine
|
|-heal|p2a: Johnny Gat|313\/358 brn|[from] item: Leftovers
|-damage|p2a: Johnny Gat|269\/358 brn|[from] brn
|upkeep
|c|☆S poi re|:(
|c|☆S poi re|Gg
|choice|switch 3|
|
|switch|p1a: Lilligant|Lilligant, F|281\/281
|turn|13
|choice|move hiddenpower|move return
|
|move|p1a: Lilligant|Hidden Power|p2a: Johnny Gat
|-crit|p2a: Johnny Gat
|-damage|p2a: Johnny Gat|161\/358 brn
|move|p2a: Johnny Gat|Return|p1a: Lilligant
|-damage|p1a: Lilligant|23\/281
|
|-heal|p1a: Lilligant|40\/281|[from] item: Leftovers
|-heal|p2a: Johnny Gat|183\/358 brn|[from] item: Leftovers
|-damage|p2a: Johnny Gat|139\/358 brn|[from] brn
|upkeep
|turn|14
|choice|move hiddenpower|move return
|
|move|p1a: Lilligant|Hidden Power|p2a: Johnny Gat
|-damage|p2a: Johnny Gat|70\/358 brn
|move|p2a: Johnny Gat|Return|p1a: Lilligant
|-damage|p1a: Lilligant|0 fnt
|faint|p1a: Lilligant
|
|-heal|p2a: Johnny Gat|92\/358 brn|[from] item: Leftovers
|-damage|p2a: Johnny Gat|48\/358 brn|[from] brn
|upkeep
|choice|switch 4|
|
|switch|p1a: Mismagius|Mismagius, F|324\/324
|turn|15
|j|Imparfait
|choice|move destinybond|switch 6
|
|switch|p2a: Philip Loren|Lanturn, M|408\/408
|-damage|p2a: Philip Loren|357\/408|[from] Stealth Rock
|move|p1a: Mismagius|Destiny Bond|p1a: Mismagius
|-singlemove|p1a: Mismagius|Destiny Bond
|
|upkeep
|turn|16
|choice|move hex|move voltswitch
|
|move|p1a: Mismagius|Hex|p2a: Philip Loren
|-damage|p2a: Philip Loren|261\/408
|move|p2a: Philip Loren|Volt Switch|p1a: Mismagius
|-damage|p1a: Mismagius|185\/324
|choice||switch 5
|
|switch|p2a: Benjamin King|Haunter, M|231\/231
|-damage|p2a: Benjamin King|203\/231|[from] Stealth Rock
|
|upkeep
|turn|17
|choice|move hex|move shadowball
|
|move|p2a: Benjamin King|Shadow Ball|p1a: Mismagius
|-supereffective|p1a: Mismagius
|-damage|p1a: Mismagius|0 fnt
|faint|p1a: Mismagius
|
|win|Walksacred
|c|☆S poi re|Gg 
|c|☆Walksacred|gg</script>
</div>
<div class="battle-log battle-log-inline"><div class="inner"><div class="battle-options"></div><div class="inner"><div class="chat"><small>S poi re joined.</small></div><div class="chat"><small>Walksacred joined.</small></div><div class=""><small>Format:</small> <br><strong>NU</strong></div><div class=""><small><em>Sleep Clause Mod:</em> Limit one foe put to sleep</small></div><div class=""><small><em>Species Clause:</em> Limit one of each Pokémon</small></div><div class=""><small><em>OHKO Clause:</em> OHKO moves are banned</small></div><div class=""><small><em>Moody Clause:</em> Moody is banned</small></div><div class=""><small><em>Evasion Moves Clause:</em> Evasion moves are banned</small></div><div class=""><small><em>Endless Battle Clause:</em> Forcing endless battles is banned</small></div><div class=""><small><em>HP Percentage Mod:</em> HP is shown in percentages</small></div><div class=""><small><em>Swagger Clause:</em> Swagger is banned</small></div><div class=""><small><em>Baton Pass Clause:</em> Limit one Baton Passer, can't pass Spe and other stats simultaneously</small></div><div class="chat battle-history"><strong>S poi re's team:</strong> <em style="color:#445566;display:block;">Primeape / Steelix / Mismagius / Mantine / Lilligant / Vigoroth</em></div><div class="chat battle-history"><strong>Walksacred's team:</strong> <em style="color:#445566;display:block;">Bouffalant / Samurott / Sandslash / Audino / Haunter / Lanturn</em></div><div class="chat"><small>S poi re left.</small></div><div class="chat"><small>S poi re joined.</small></div><div class="spacer battle-history"><br></div><div class="battle-history">Battle started between S poi re and Walksacred!<br></div><div class="spacer battle-history"><br></div><div class="battle-history">Go! <strong>Steelix</strong>!<br></div><div class="spacer battle-history"><br></div><div class="battle-history">Walksacred sent out Viola DeWynter (<strong>Audino</strong>)!<br></div><div class="spacer battle-history"><br></div><h2 class="battle-history">Turn 1</h2><div class="chat chatmessage-spoire"><strong style="color:hsl(89,69%,37.89835537493884%)"><small>☆</small><span class="username" data-name="S poi re">S poi re</span>:</strong> <em>Bc </em></div><div class="spacer battle-history"><br></div><div class="battle-history">The opposing Viola DeWynter used <strong>Fire Blast</strong>!<br></div><div class="battle-history"><small>It's super effective!</small><br></div><div class="battle-history"><small>(Steelix lost <abbr title="−156/353">44.2%</abbr> of its health!)</small><br></div><div class="spacer battle-history"><br></div><div class="battle-history">Steelix used <strong>Stealth Rock</strong>!<br></div><div class="battle-history"><small>Pointed stones float in the air around the opposing team!</small><br></div><div class="spacer battle-history"><br></div><div class="battle-history"><small>Steelix restored a little HP using its Leftovers!</small><br></div><div class="spacer battle-history"><br></div><h2 class="battle-history">Turn 2</h2><div class="spacer battle-history"><br></div><div class="battle-history">Steelix, come back!<br></div><div class="battle-history">Go! <strong>Primeape</strong>!<br></div><div class="spacer battle-history"><br></div><div class="battle-history">The opposing Viola DeWynter used <strong>Calm Mind</strong>!<br></div><div class="battle-history"><small>The opposing Viola DeWynter's Special Attack rose!</small><br></div><div class="battle-history"><small>The opposing Viola DeWynter's Special Defense rose!</small><br></div><div class="spacer battle-history"><br></div><h2 class="battle-history">Turn 3</h2><div class="spacer battle-history"><br></div><div class="battle-history"><small>The opposing Viola DeWynter's Audinite is reacting to Walksacred's Mega Bracelet!</small><br>The opposing Viola DeWynter has Mega Evolved into Mega Audino!<br></div><div class="spacer battle-history"><br></div><div class="battle-history">Primeape used <strong>Close Combat</strong>!<br></div><div class="battle-history"><small>(The opposing Viola DeWynter lost <abbr title="−162/374">43.3%</abbr> of its health!)</small><br></div><div class="battle-history"><small>Primeape's Defense fell!</small><br></div><div class="battle-history"><small>Primeape's Special Defense fell!</small><br></div><div class="spacer battle-history"><br></div><div class="battle-history">The opposing Viola DeWynter used <strong>Draining Kiss</strong>!<br></div><div class="battle-history"><small>It's super effective!</small><br></div><div class="battle-history"><small>(Primeape lost <abbr title="−271/271">100%</abbr> of its health!)</small><br></div><div class="battle-history"><small>Primeape had its energy drained!</small><br></div><div class="spacer battle-history"><br></div><div class="battle-history">Primeape fainted!<br></div><div class="spacer battle-history"><br></div><div class="battle-history">Go! <strong>Steelix</strong>!<br></div><div class="spacer battle-history"><br></div><h2 class="battle-history">Turn 4</h2><div class="spacer battle-history"><br></div><div class="battle-history">The opposing Viola DeWynter used <strong>Fire Blast</strong>!<br></div><div class="battle-history"><small>It's super effective!</small><br></div><div class="battle-history"><small>(Steelix lost <abbr title="−219/353">62.0%</abbr> of its health!)</small><br></div><div class="spacer battle-history"><br></div><div class="battle-history">Steelix fainted!<br></div><div class="spacer battle-history"><br></div><div class="battle-history">Go! <strong>Lilligant</strong>!<br></div><div class="spacer battle-history"><br></div><h2 class="battle-history">Turn 5</h2><div class="spacer battle-history"><br></div><div class="battle-history">Walksacred withdrew Viola DeWynter!<br></div><div class="battle-history">Walksacred sent out Johnny Gat (<strong>Bouffalant</strong>)!<br></div><div class="battle-history"><small>Pointed stones dug into the opposing Johnny Gat!</small><br></div><div class="spacer battle-history"><br></div><div class="battle-history">Lilligant used <strong>Sleep Powder</strong>!<br></div><div class="battle-history"><small>[The opposing Johnny Gat's Sap Sipper]</small><br></div><div class="battle-history"><small>The opposing Johnny Gat's Attack rose!</small><br></div><div class="spacer battle-history"><br></div><div class="battle-history"><small>The opposing Johnny Gat restored a little HP using its Leftovers!</small><br></div><div class="spacer battle-history"><br></div><h2 class="battle-history">Turn 6</h2><div class="spacer battle-history"><br></div><div class="battle-history">Lilligant, come back!<br></div><div class="battle-history">Go! <strong>Mismagius</strong>!<br></div><div class="spacer battle-history"><br></div><div class="battle-history">The opposing Johnny Gat used <strong>Substitute</strong>!<br></div><div class="battle-history"><small>The opposing Johnny Gat put in a substitute!</small><br></div><div class="battle-history"><small>(The opposing Johnny Gat lost <abbr title="−89/358">24.9%</abbr> of its health!)</small><br></div><div class="spacer battle-history"><br></div><div class="battle-history"><small>The opposing Johnny Gat restored a little HP using its Leftovers!</small><br></div><div class="spacer battle-history"><br></div><h2 class="battle-history">Turn 7</h2><div class="spacer battle-history"><br></div><div class="battle-history">Mismagius, come back!<br></div><div class="battle-history">Go! <strong>Vigoroth</strong>!<br></div><div class="spacer battle-history"><br></div><div class="battle-history">The opposing Johnny Gat used <strong>Swords Dance</strong>!<br></div><div class="battle-history"><small>The opposing Johnny Gat's Attack rose sharply!</small><br></div><div class="spacer battle-history"><br></div><div class="battle-history"><small>The opposing Johnny Gat restored a little HP using its Leftovers!</small><br></div><div class="spacer battle-history"><br></div><h2 class="battle-history">Turn 8</h2><div class="chat"><small>S poi re left.</small></div><div class="chat"><small>S poi re joined.</small></div><div class="spacer battle-history"><br></div><div class="battle-history">Vigoroth used <strong>Return</strong>!<br></div><div class="battle-history"><small>The opposing Johnny Gat's substitute faded!</small><br></div><div class="spacer battle-history"><br></div><div class="battle-history">The opposing Johnny Gat used <strong>Return</strong>!<br></div><div class="battle-history"><small>(Vigoroth lost <abbr title="−252/314">80.3%</abbr> of its health!)</small><br></div><div class="spacer battle-history"><br></div><div class="battle-history"><small>The opposing Johnny Gat restored a little HP using its Leftovers!</small><br></div><div class="spacer battle-history"><br></div><h2 class="battle-history">Turn 9</h2><div class="spacer battle-history"><br></div><div class="battle-history">Vigoroth used <strong>Encore</strong>!<br></div><div class="battle-history"><small>The opposing Johnny Gat received an encore!</small><br></div><div class="spacer battle-history"><br></div><div class="battle-history">The opposing Johnny Gat used <strong>Return</strong>!<br></div><div class="battle-history"><small>(Vigoroth lost <abbr title="−62/314">19.7%</abbr> of its health!)</small><br></div><div class="spacer battle-history"><br></div><div class="battle-history">Vigoroth fainted!<br></div><div class="spacer battle-history"><br></div><div class="battle-history"><small>The opposing Johnny Gat restored a little HP using its Leftovers!</small><br></div><div class="spacer battle-history"><br></div><div class="battle-history">Go! <strong>Mismagius</strong>!<br></div><div class="spacer battle-history"><br></div><h2 class="battle-history">Turn 10</h2><div class="spacer battle-history"><br></div><div class="battle-history">Mismagius used <strong>Will-O-Wisp</strong>!<br></div><div class="battle-history"><small>The opposing Johnny Gat was burned!</small><br></div><div class="spacer battle-history"><br></div><div class="battle-history">The opposing Johnny Gat used <strong>Return</strong>!<br></div><div class="battle-history"><small>It doesn't affect Mismagius...</small><br></div><div class="spacer battle-history"><br></div><div class="battle-history"><small>The opposing Johnny Gat restored a little HP using its Leftovers!</small><br></div><div class="battle-history"><small>The opposing Johnny Gat was hurt by its burn!</small><br></div><div class="spacer battle-history"><br></div><h2 class="battle-history">Turn 11</h2><div class="spacer battle-history"><br></div><div class="battle-history">Mismagius, come back!<br></div><div class="battle-history">Go! <strong>Mantine</strong>!<br></div><div class="spacer battle-history"><br></div><div class="battle-history">The opposing Johnny Gat used <strong>Return</strong>!<br></div><div class="battle-history"><small>(Mantine lost <abbr title="−213/334">63.8%</abbr> of its health!)</small><br></div><div class="spacer battle-history"><br></div><div class="battle-history"><small>The opposing Johnny Gat restored a little HP using its Leftovers!</small><br></div><div class="battle-history"><small>Mantine restored a little HP using its Leftovers!</small><br></div><div class="battle-history"><small>The opposing Johnny Gat was hurt by its burn!</small><br></div><div class="battle-history"><small>The opposing Johnny Gat's encore ended!</small><br></div><div class="spacer battle-history"><br></div><h2 class="battle-history">Turn 12</h2><div class="chat chatmessage-walksacred"><strong style="color:hsl(135,53%,41%)"><small>☆</small><span class="username" data-name="Walksacred">Walksacred</span>:</strong> <em>tu peux continuer hein</em></div><div class="spacer battle-history"><br></div><div class="battle-history">The opposing Johnny Gat used <strong>Return</strong>!<br></div><div class="battle-history"><small>(Mantine lost <abbr title="−141/334">42.2%</abbr> of its health!)</small><br></div><div class="spacer battle-history"><br></div><div class="battle-history">Mantine fainted!<br></div><div class="spacer battle-history"><br></div><div class="battle-history"><small>The opposing Johnny Gat restored a little HP using its Leftovers!</small><br></div><div class="battle-history"><small>The opposing Johnny Gat was hurt by its burn!</small><br></div><div class="chat chatmessage-spoire"><strong style="color:hsl(89,69%,37.89835537493884%)"><small>☆</small><span class="username" data-name="S poi re">S poi re</span>:</strong> <em>:(</em></div><div class="chat chatmessage-spoire"><strong style="color:hsl(89,69%,37.89835537493884%)"><small>☆</small><span class="username" data-name="S poi re">S poi re</span>:</strong> <em>Gg</em></div><div class="spacer battle-history"><br></div><div class="battle-history">Go! <strong>Lilligant</strong>!<br></div><div class="spacer battle-history"><br></div><h2 class="battle-history">Turn 13</h2><div class="spacer battle-history"><br></div><div class="battle-history">Lilligant used <strong>Hidden Power</strong>!<br></div><div class="battle-history"><small>A critical hit!</small><br></div><div class="battle-history"><small>(The opposing Johnny Gat lost <abbr title="−108/358">30.2%</abbr> of its health!)</small><br></div><div class="spacer battle-history"><br></div><div class="battle-history">The opposing Johnny Gat used <strong>Return</strong>!<br></div><div class="battle-history"><small>(Lilligant lost <abbr title="−258/281">91.8%</abbr> of its health!)</small><br></div><div class="spacer battle-history"><br></div><div class="battle-history"><small>Lilligant restored a little HP using its Leftovers!</small><br></div><div class="battle-history"><small>The opposing Johnny Gat restored a little HP using its Leftovers!</small><br></div><div class="battle-history"><small>The opposing Johnny Gat was hurt by its burn!</small><br></div><div class="spacer battle-history"><br></div><h2 class="battle-history">Turn 14</h2><div class="spacer battle-history"><br></div><div class="battle-history">Lilligant used <strong>Hidden Power</strong>!<br></div><div class="battle-history"><small>(The opposing Johnny Gat lost <abbr title="−69/358">19.3%</abbr> of its health!)</small><br></div><div class="spacer battle-history"><br></div><div class="battle-history">The opposing Johnny Gat used <strong>Return</strong>!<br></div><div class="battle-history"><small>(Lilligant lost <abbr title="−40/281">14.2%</abbr> of its health!)</small><br></div><div class="spacer battle-history"><br></div><div class="battle-history">Lilligant fainted!<br></div><div class="spacer battle-history"><br></div><div class="battle-history"><small>The opposing Johnny Gat restored a little HP using its Leftovers!</small><br></div><div class="battle-history"><small>The opposing Johnny Gat was hurt by its burn!</small><br></div><div class="spacer battle-history"><br></div><div class="battle-history">Go! <strong>Mismagius</strong>!<br></div><div class="spacer battle-history"><br></div><h2 class="battle-history">Turn 15</h2><div class="chat"><small>Imparfait joined.</small></div><div class="spacer battle-history"><br></div><div class="battle-history">Walksacred withdrew Johnny Gat!<br></div><div class="battle-history">Walksacred sent out Philip Loren (<strong>Lanturn</strong>)!<br></div><div class="battle-history"><small>Pointed stones dug into the opposing Philip Loren!</small><br></div><div class="spacer battle-history"><br></div><div class="battle-history">Mismagius used <strong>Destiny Bond</strong>!<br></div><div class="battle-history">Mismagius is hoping to take its attacker down with it!<br></div><div class="spacer battle-history"><br></div><h2 class="battle-history">Turn 16</h2><div class="spacer battle-history"><br></div><div class="battle-history">Mismagius used <strong>Hex</strong>!<br></div><div class="battle-history"><small>(The opposing Philip Loren lost <abbr title="−96/408">23.5%</abbr> of its health!)</small><br></div><div class="spacer battle-history"><br></div><div class="battle-history">The opposing Philip Loren used <strong>Volt Switch</strong>!<br></div><div class="battle-history"><small>(Mismagius lost <abbr title="−139/324">42.9%</abbr> of its health!)</small><br></div><div class="spacer battle-history"><br></div><div class="battle-history">The opposing Philip Loren went back to Walksacred!<br></div><div class="battle-history">Walksacred sent out Benjamin King (<strong>Haunter</strong>)!<br></div><div class="battle-history"><small>Pointed stones dug into the opposing Benjamin King!</small><br></div><div class="spacer battle-history"><br></div><h2 class="battle-history">Turn 17</h2><div class="spacer battle-history"><br></div><div class="battle-history">The opposing Benjamin King used <strong>Shadow Ball</strong>!<br></div><div class="battle-history"><small>It's super effective!</small><br></div><div class="battle-history"><small>(Mismagius lost <abbr title="−185/324">57.1%</abbr> of its health!)</small><br></div><div class="spacer battle-history"><br></div><div class="battle-history">Mismagius fainted!<br></div><div class="spacer battle-history"><br></div><div class="battle-history"><strong>Walksacred</strong> won the battle!<br></div><div class="chat chatmessage-spoire"><strong style="color:hsl(89,69%,37.89835537493884%)"><small>☆</small><span class="username" data-name="S poi re">S poi re</span>:</strong> <em>Gg </em></div><div class="chat chatmessage-walksacred"><strong style="color:hsl(135,53%,41%)"><small>☆</small><span class="username" data-name="Walksacred">Walksacred</span>:</strong> <em>gg</em></div></div><div class="inner-preempt"></div></div></div>
</div>
<script>
let daily = Math.floor(Date.now()/1000/60/60/24);document.write('<script src="https://play.pokemonshowdown.com/js/replay-embed.js?version'+daily+'"></'+'script>');
</script>
