<!DOCTYPE html>
<meta charset="utf-8" />
<!-- version 1 -->
<title>NU replay: CheekySilverLining vs. TRHurricane</title>
<style>
html,body {font-family:Verdana, sans-serif;font-size:10pt;margin:0;padding:0;}body{padding:12px 0;} .battle-log {font-family:Verdana, sans-serif;font-size:10pt;} .battle-log-inline {border:1px solid #AAAAAA;background:#EEF2F5;color:black;max-width:640px;margin:0 auto 80px;padding-bottom:5px;} .battle-log .inner {padding:4px 8px 0px 8px;} .battle-log .inner-preempt {padding:0 8px 4px 8px;} .battle-log .inner-after {margin-top:0.5em;} .battle-log h2 {margin:0.5em -8px;padding:4px 8px;border:1px solid #AAAAAA;background:#E0E7EA;border-left:0;border-right:0;font-family:Verdana, sans-serif;font-size:13pt;} .battle-log .chat {vertical-align:middle;padding:3px 0 3px 0;font-size:8pt;} .battle-log .chat strong {color:#40576A;} .battle-log .chat em {padding:1px 4px 1px 3px;color:#000000;font-style:normal;} .chat.mine {background:rgba(0,0,0,0.05);margin-left:-8px;margin-right:-8px;padding-left:8px;padding-right:8px;} .spoiler {color:#BBBBBB;background:#BBBBBB;padding:0px 3px;} .spoiler:hover, .spoiler:active, .spoiler-shown {color:#000000;background:#E2E2E2;padding:0px 3px;} .spoiler a {color:#BBBBBB;} .spoiler:hover a, .spoiler:active a, .spoiler-shown a {color:#2288CC;} .chat code, .chat .spoiler:hover code, .chat .spoiler:active code, .chat .spoiler-shown code {border:1px solid #C0C0C0;background:#EEEEEE;color:black;padding:0 2px;} .chat .spoiler code {border:1px solid #CCCCCC;background:#CCCCCC;color:#CCCCCC;} .battle-log .rated {padding:3px 4px;} .battle-log .rated strong {color:white;background:#89A;padding:1px 4px;border-radius:4px;} .spacer {margin-top:0.5em;} .message-announce {background:#6688AA;color:white;padding:1px 4px 2px;} .message-announce a, .broadcast-green a, .broadcast-blue a, .broadcast-red a {color:#DDEEFF;} .broadcast-green {background-color:#559955;color:white;padding:2px 4px;} .broadcast-blue {background-color:#6688AA;color:white;padding:2px 4px;} .infobox {border:1px solid #6688AA;padding:2px 4px;} .infobox-limited {max-height:200px;overflow:auto;overflow-x:hidden;} .broadcast-red {background-color:#AA5544;color:white;padding:2px 4px;} .message-learn-canlearn {font-weight:bold;color:#228822;text-decoration:underline;} .message-learn-cannotlearn {font-weight:bold;color:#CC2222;text-decoration:underline;} .message-effect-weak {font-weight:bold;color:#CC2222;} .message-effect-resist {font-weight:bold;color:#6688AA;} .message-effect-immune {font-weight:bold;color:#666666;} .message-learn-list {margin-top:0;margin-bottom:0;} .message-throttle-notice, .message-error {color:#992222;} .message-overflow, .chat small.message-overflow {font-size:0pt;} .message-overflow::before {font-size:9pt;content:'...';} .subtle {color:#3A4A66;}
</style>
<div class="wrapper replay-wrapper" style="max-width:1180px;margin:0 auto">
<input type="hidden" name="replayid" value="nu-587329021" />
<div class="battle"></div><div class="battle-log"></div><div class="replay-controls"></div><div class="replay-controls-2"></div>
<h1 style="font-weight:normal;text-align:center"><strong>NU</strong><br /><a href="http://pokemonshowdown.com/users/cheekysilverlining" class="subtle" target="_blank">CheekySilverLining</a> vs. <a href="http://pokemonshowdown.com/users/trhurricane" class="subtle" target="_blank">TRHurricane</a></h1>
<script type="text/plain" class="battle-log-data">|j|CheekySilverLining
|j|TRHurricane
|player|p1|CheekySilverLining|220
|teamsize|p1|6
|player|p2|TRHurricane|132
|teamsize|p2|6
|gametype|singles
|gen|6
|tier|NU
|seed|64330,64146,12137,47090
|rule|Sleep Clause Mod: Limit one foe put to sleep
|rule|Species Clause: Limit one of each Pokémon
|rule|OHKO Clause: OHKO moves are banned
|rule|Moody Clause: Moody is banned
|rule|Evasion Moves Clause: Evasion moves are banned
|rule|Endless Battle Clause: Forcing endless battles is banned
|rule|HP Percentage Mod: HP is shown in percentages
|clearpoke
|poke|p1|Liepard, F|item
|poke|p1|Mesprit|item
|poke|p1|Ludicolo, F|item
|poke|p1|Omastar, M|item
|poke|p1|Kabutops, M|item
|poke|p1|Garbodor, M|item
|poke|p2|Tauros, M|item
|poke|p2|Lanturn, F|item
|poke|p2|Scyther, M|item
|poke|p2|Claydol|item
|poke|p2|Regirock|item
|poke|p2|Vileplume, F|item
|rule|Swagger Clause: Swagger is banned
|rule|Baton Pass Clause: Limit one Baton Passer, can't pass Spe and other stats simultaneously
|teampreview
|j|Stats Bot
|l|Stats Bot
|j|N-if-L
|j|Deuce9487
|j|critplay
|j|FrickinMewthreee
|j|roberto27
|j|ColoradoVGC
|j|urkerab
|c| FrickinMewthreee|jedd
|j|dog☀️knees
|c| FrickinMewthreee|*jeff
|j|Serene Del Rey
|j|Vivid~Sunset
|l|dog☀️knees
|j|The Welsh Wall♪
|choice|team 1, team 2, team 3, team 4, team 5, team 6|team 3, team 2, team 1, team 4, team 5, team 6
|
|start
|switch|p1a: Liepard|Liepard, F|332\/332
|switch|p2a: Scyther|Scyther, M|343\/343
|turn|1
|j|MegaGreymonY
|j|googlegenius123
|j|Inaria♥
|j|Janeny123
|l|Deuce9487
|choice|move raindance|move uturn
|
|move|p1a: Liepard|Rain Dance|p1a: Liepard
|-weather|RainDance
|move|p2a: Scyther|U-turn|p1a: Liepard
|-supereffective|p1a: Liepard
|-damage|p1a: Liepard|32\/332
|j|albertomt23
|c| FrickinMewthreee|dat sash
|choice||switch 3
|
|switch|p2a: Tauros|Tauros, M|291\/291
|
|-weather|RainDance|[upkeep]
|upkeep
|turn|2
|choice|move knockoff|move earthquake
|
|move|p2a: Tauros|Earthquake|p1a: Liepard
|-damage|p1a: Liepard|0 fnt
|-damage|p2a: Tauros|262\/291|[from] item: Life Orb
|faint|p1a: Liepard
|
|-weather|RainDance|[upkeep]
|upkeep
|choice|switch 3|
|
|switch|p1a: Ludicolo|Ludicolo, F|299\/299
|turn|3
|choice|move hydropump|switch 2
|
|switch|p2a: Lanturn|Lanturn, F|401\/401
|move|p1a: Ludicolo|Hydro Pump|p2a: Lanturn|[miss]
|-miss|p1a: Ludicolo|p2a: Lanturn
|
|-weather|RainDance|[upkeep]
|upkeep
|turn|4
|choice|move gigadrain|switch 6
|
|switch|p2a: Vileplume|Vileplume, F|354\/354
|move|p1a: Ludicolo|Giga Drain|p2a: Vileplume
|-resisted|p2a: Vileplume
|-damage|p2a: Vileplume|319\/354
|-damage|p1a: Ludicolo|270\/299|[from] item: Life Orb
|
|-weather|RainDance|[upkeep]
|-heal|p2a: Vileplume|341\/354|[from] item: Black Sludge
|upkeep
|turn|5
|choice|move icebeam|move sludgebomb
|
|move|p1a: Ludicolo|Ice Beam|p2a: Vileplume
|-supereffective|p2a: Vileplume
|-damage|p2a: Vileplume|117\/354
|-damage|p1a: Ludicolo|241\/299|[from] item: Life Orb
|move|p2a: Vileplume|Sludge Bomb|p1a: Ludicolo
|-supereffective|p1a: Ludicolo
|-damage|p1a: Ludicolo|17\/299
|
|-weather|RainDance|[upkeep]
|-heal|p2a: Vileplume|139\/354|[from] item: Black Sludge
|upkeep
|turn|6
|choice|move gigadrain|switch 6
|
|switch|p2a: Lanturn|Lanturn, F|401\/401
|move|p1a: Ludicolo|Giga Drain|p2a: Lanturn
|-supereffective|p2a: Lanturn
|-damage|p2a: Lanturn|157\/401
|-heal|p1a: Ludicolo|139\/299|[from] drain|[of] p2a: Lanturn
|-damage|p1a: Ludicolo|110\/299|[from] item: Life Orb
|
|-weather|RainDance|[upkeep]
|-heal|p2a: Lanturn|182\/401|[from] item: Leftovers
|upkeep
|turn|7
|c| Vivid~Sunset|get predicted
|choice|move gigadrain|move voltswitch
|
|move|p1a: Ludicolo|Giga Drain|p2a: Lanturn
|-supereffective|p2a: Lanturn
|-crit|p2a: Lanturn
|-damage|p2a: Lanturn|0 fnt
|-heal|p1a: Ludicolo|201\/299|[from] drain|[of] p2a: Lanturn
|-damage|p1a: Ludicolo|172\/299|[from] item: Life Orb
|faint|p2a: Lanturn
|
|-weather|RainDance|[upkeep]
|upkeep
|c|☆TRHurricane|agreed
|j|Crownfool
|j|yeuy(~_^)
|choice||switch 6
|
|switch|p2a: Vileplume|Vileplume, F|139\/354
|turn|8
|choice|move icebeam|move sludgebomb
|
|move|p1a: Ludicolo|Ice Beam|p2a: Vileplume
|-supereffective|p2a: Vileplume
|-damage|p2a: Vileplume|0 fnt
|-damage|p1a: Ludicolo|143\/299|[from] item: Life Orb
|faint|p2a: Vileplume
|
|-weather|none
|upkeep
|c| FrickinMewthreee|absolute gay shit
|choice||switch 3
|
|switch|p2a: Scyther|Scyther, M|343\/343
|turn|9
|j|Max Natsume
|choice|switch 6|move uturn
|
|switch|p1a: Garbodor|Garbodor, M|315\/315
|move|p2a: Scyther|U-turn|p1a: Garbodor
|-resisted|p1a: Garbodor
|-damage|p1a: Garbodor|263\/315
|-damage|p2a: Scyther|286\/343|[from] item: Rocky Helmet|[of] p1a: Garbodor
|choice||switch 4
|
|switch|p2a: Claydol|Claydol|261\/261
|
|upkeep
|turn|10
|choice|switch 2|move shadowball
|
|switch|p1a: Mesprit|Mesprit|364\/364
|move|p2a: Claydol|Shadow Ball|p1a: Mesprit
|-supereffective|p1a: Mesprit
|-damage|p1a: Mesprit|236\/364
|
|upkeep
|turn|11
|choice|move raindance|move shadowball
|
|move|p2a: Claydol|Shadow Ball|p1a: Mesprit
|-supereffective|p1a: Mesprit
|-damage|p1a: Mesprit|106\/364
|-unboost|p1a: Mesprit|spd|1
|move|p1a: Mesprit|Rain Dance|p1a: Mesprit
|-weather|RainDance
|
|-weather|RainDance|[upkeep]
|upkeep
|turn|12
|choice|switch 6|move earthpower
|
|switch|p1a: Ludicolo|Ludicolo, F|143\/299
|move|p2a: Claydol|Earth Power|p1a: Ludicolo
|-resisted|p1a: Ludicolo
|-damage|p1a: Ludicolo|91\/299
|
|-weather|RainDance|[upkeep]
|upkeep
|turn|13
|l|Serene Del Rey
|choice|move gigadrain|move psyshock
|
|move|p1a: Ludicolo|Giga Drain|p2a: Claydol
|-supereffective|p2a: Claydol
|-damage|p2a: Claydol|48\/261
|-heal|p1a: Ludicolo|198\/299|[from] drain|[of] p2a: Claydol
|-damage|p1a: Ludicolo|169\/299|[from] item: Life Orb
|move|p2a: Claydol|Psyshock|p1a: Ludicolo
|-damage|p1a: Ludicolo|33\/299
|
|-weather|RainDance|[upkeep]
|upkeep
|turn|14
|choice|move gigadrain|move psyshock
|
|move|p1a: Ludicolo|Giga Drain|p2a: Claydol
|-supereffective|p2a: Claydol
|-damage|p2a: Claydol|0 fnt
|-heal|p1a: Ludicolo|57\/299|[from] drain|[of] p2a: Claydol
|-damage|p1a: Ludicolo|28\/299|[from] item: Life Orb
|faint|p2a: Claydol
|
|-weather|RainDance|[upkeep]
|upkeep
|choice||switch 2
|
|switch|p2a: Tauros|Tauros, M|262\/291
|turn|15
|choice|move hydropump|move rockclimb
|
|move|p1a: Ludicolo|Hydro Pump|p2a: Tauros|[miss]
|-miss|p1a: Ludicolo|p2a: Tauros
|move|p2a: Tauros|Rock Climb|p1a: Ludicolo
|-damage|p1a: Ludicolo|0 fnt
|faint|p1a: Ludicolo
|
|-weather|RainDance|[upkeep]
|upkeep
|c| Vivid~Sunset|what
|c| Vivid~Sunset|oh
|c| FrickinMewthreee|GET REEKT
|choice|switch 5|
|
|switch|p1a: Kabutops|Kabutops, M|259\/259
|turn|16
|choice|move waterfall|move earthquake
|
|move|p1a: Kabutops|Waterfall|p2a: Tauros
|-damage|p2a: Tauros|0 fnt
|-damage|p1a: Kabutops|234\/259|[from] item: Life Orb
|faint|p2a: Tauros
|
|-weather|RainDance|[upkeep]
|upkeep
|choice||switch 5
|
|switch|p2a: Regirock|Regirock|361\/361
|turn|17
|j|coren.
|choice|move waterfall|move counter
|
|move|p1a: Kabutops|Waterfall|p2a: Regirock
|-supereffective|p2a: Regirock
|-damage|p2a: Regirock|80\/361
|-damage|p1a: Kabutops|209\/259|[from] item: Life Orb
|move|p2a: Regirock|Counter|p1a: Kabutops
|-damage|p1a: Kabutops|0 fnt
|faint|p1a: Kabutops
|
|-weather|RainDance|[upkeep]
|-heal|p2a: Regirock|102\/361|[from] item: Leftovers
|upkeep
|choice|switch 2|
|
|switch|p1a: Garbodor|Garbodor, M|263\/315
|turn|18
|j|calvic
|choice|move drainpunch|move thunderwave
|
|move|p1a: Garbodor|Drain Punch|p2a: Regirock
|-supereffective|p2a: Regirock
|-damage|p2a: Regirock|38\/361
|-heal|p1a: Garbodor|295\/315|[from] drain|[of] p2a: Regirock
|move|p2a: Regirock|Thunder Wave|p1a: Garbodor
|-status|p1a: Garbodor|par
|
|-weather|none
|-heal|p2a: Regirock|60\/361|[from] item: Leftovers
|upkeep
|turn|19
|choice|move gunkshot|move rockslide
|
|move|p2a: Regirock|Rock Slide|p1a: Garbodor
|-damage|p1a: Garbodor|196\/315 par
|cant|p1a: Garbodor|par
|
|-heal|p2a: Regirock|82\/361|[from] item: Leftovers
|upkeep
|turn|20
|j|Type Ket
|choice|move drainpunch|move stealthrock
|
|move|p2a: Regirock|Stealth Rock|p1a: Garbodor
|-sidestart|p1: CheekySilverLining|move: Stealth Rock
|cant|p1a: Garbodor|par
|
|-heal|p2a: Regirock|104\/361|[from] item: Leftovers
|upkeep
|turn|21
|choice|move drainpunch|move rockslide
|
|move|p2a: Regirock|Rock Slide|p1a: Garbodor
|-damage|p1a: Garbodor|88\/315 par
|cant|p1a: Garbodor|flinch
|
|-heal|p2a: Regirock|126\/361|[from] item: Leftovers
|upkeep
|turn|22
|c| googlegenius123|oo
|c| googlegenius123|regihax
|c|☆TRHurricane|well
|c| FrickinMewthreee|( . Y . )
|c| roberto27|regirock for AG
|choice|move drainpunch|move thunderwave
|
|move|p2a: Regirock|Thunder Wave|p1a: Garbodor
|-fail|p1a: Garbodor|par
|move|p1a: Garbodor|Drain Punch|p2a: Regirock
|-supereffective|p2a: Regirock
|-damage|p2a: Regirock|56\/361
|-heal|p1a: Garbodor|123\/315 par|[from] drain|[of] p2a: Regirock
|
|-heal|p2a: Regirock|78\/361|[from] item: Leftovers
|upkeep
|turn|23
|choice|move drainpunch|move counter
|
|move|p1a: Garbodor|Drain Punch|p2a: Regirock
|-supereffective|p2a: Regirock
|-crit|p2a: Regirock
|-damage|p2a: Regirock|0 fnt
|-heal|p1a: Garbodor|162\/315 par|[from] drain|[of] p2a: Regirock
|faint|p2a: Regirock
|
|upkeep
|choice||switch 4
|
|switch|p2a: Scyther|Scyther, M|286\/343
|turn|24
|c| Type Ket|why go for thudeer wave again?
|choice|move gunkshot|move swordsdance
|
|move|p2a: Scyther|Swords Dance|p2a: Scyther
|-boost|p2a: Scyther|atk|2
|cant|p1a: Garbodor|par
|
|upkeep
|turn|25
|c|☆TRHurricane|if i kill that
|c|☆TRHurricane|mesprit comes in
|c|☆TRHurricane|sets rain
|j|Vwood
|c|☆TRHurricane|i get swept by omastar
|c|☆TRHurricane|this was the only hope
|choice|move gunkshot|move swordsdance
|
|move|p2a: Scyther|Swords Dance|p2a: Scyther
|-boost|p2a: Scyther|atk|2
|move|p1a: Garbodor|Gunk Shot|p2a: Scyther
|-damage|p2a: Scyther|150\/343
|-status|p2a: Scyther|psn
|
|-damage|p2a: Scyther|108\/343 psn|[from] psn
|upkeep
|turn|26
|c| Type Ket|why did you thunder wave with regirock?
|c| FrickinMewthreee|FFS
|choice|move gunkshot|move roost
|
|move|p2a: Scyther|Roost|p2a: Scyther
|-heal|p2a: Scyther|280\/343 psn
|cant|p1a: Garbodor|par
|
|-damage|p2a: Scyther|238\/343 psn|[from] psn
|upkeep
|turn|27
|c| critplay|you are pathetic hurricane
|choice|move gunkshot|move aerialace
|
|move|p2a: Scyther|Aerial Ace|p1a: Garbodor
|-damage|p1a: Garbodor|0 fnt
|-damage|p2a: Scyther|153\/343 psn|[from] ability: Aftermath|[of] p1a: Garbodor
|-damage|p2a: Scyther|96\/343 psn|[from] item: Rocky Helmet|[of] p1a: Garbodor
|faint|p1a: Garbodor
|
|-damage|p2a: Scyther|54\/343 psn|[from] psn
|upkeep
|c| FrickinMewthreee|i hate life
|c|☆TRHurricane|lol
|choice|switch 6|
|
|switch|p1a: Mesprit|Mesprit|106\/364
|-damage|p1a: Mesprit|61\/364|[from] Stealth Rock
|turn|28
|c| Type Ket|don't be rude critplay
|choice|move raindance|move uturn
|
|move|p2a: Scyther|U-turn|p1a: Mesprit
|-supereffective|p1a: Mesprit
|-damage|p1a: Mesprit|0 fnt
|faint|p1a: Mesprit
|
|-damage|p2a: Scyther|12\/343 psn|[from] psn
|upkeep
|choice|switch 4|
|
|switch|p1a: Omastar|Omastar, M|281\/281
|-damage|p1a: Omastar|246\/281|[from] Stealth Rock
|turn|29
|c| googlegenius123|oo
|c| FrickinMewthreee|OMFG
|c|☆CheekySilverLining|gg
|c| googlegenius123|brick break
|c| FrickinMewthreee|nah
|c|☆TRHurricane|no brick break
|c| FrickinMewthreee|he has roost xd
|c| googlegenius123|yeah
|c|☆TRHurricane|i dont think i kill
|c| Vivid~Sunset|gg
|c| Type Ket|with crit maybe
|choice|move shellsmash|move aerialace
|
|move|p2a: Scyther|Aerial Ace|p1a: Omastar
|-resisted|p1a: Omastar
|-damage|p1a: Omastar|110\/281
|move|p1a: Omastar|Shell Smash|p1a: Omastar
|-unboost|p1a: Omastar|def|1
|-unboost|p1a: Omastar|spd|1
|-boost|p1a: Omastar|atk|2
|-boost|p1a: Omastar|spa|2
|-boost|p1a: Omastar|spe|2
|
|-damage|p2a: Scyther|0 fnt|[from] psn
|upkeep
|faint|p2a: Scyther
|
|win|CheekySilverLining
|l|Vivid~Sunset
|l|Type Ket
|c|☆TRHurricane|gg
|c| FrickinMewthreee|gayyy
|l|Inaria♥
|l|Vwood
|l|Max Natsume
|l|FrickinMewthreee
|l|CheekySilverLining
|l|albertomt23
|l|calvic
|c| critplay|why didn't you uturn
|l|MegaGreymonY
|l|ColoradoVGC
|l|N-if-L
|c| critplay|you dumb cunt
|l|critplay
|c|☆TRHurricane|lmao
|l|roberto27
|l|coren.
|l|TRHurricane
|l|Crownfool
|j|TRHurricane
|l|TRHurricane
|l|yeuy(~_^)
|j|TRHurricane</script>
</div>
<div class="battle-log battle-log-inline"><div class="inner"><div class="battle-options"></div><div class="inner"><div class="chat"><small>CheekySilverLining joined.</small></div><div class="chat"><small>TRHurricane joined.</small></div><div class=""><small>Format:</small> <br><strong>NU</strong></div><div class=""><small><em>Sleep Clause Mod:</em> Limit one foe put to sleep</small></div><div class=""><small><em>Species Clause:</em> Limit one of each Pokémon</small></div><div class=""><small><em>OHKO Clause:</em> OHKO moves are banned</small></div><div class=""><small><em>Moody Clause:</em> Moody is banned</small></div><div class=""><small><em>Evasion Moves Clause:</em> Evasion moves are banned</small></div><div class=""><small><em>Endless Battle Clause:</em> Forcing endless battles is banned</small></div><div class=""><small><em>HP Percentage Mod:</em> HP is shown in percentages</small></div><div class=""><small><em>Swagger Clause:</em> Swagger is banned</small></div><div class=""><small><em>Baton Pass Clause:</em> Limit one Baton Passer, can't pass Spe and other stats simultaneously</small></div><div class="chat battle-history"><strong>CheekySilverLining's team:</strong> <em style="color:#445566;display:block;">Liepard / Mesprit / Ludicolo / Omastar / Kabutops / Garbodor</em></div><div class="chat battle-history"><strong>TRHurricane's team:</strong> <em style="color:#445566;display:block;">Tauros / Lanturn / Scyther / Claydol / Regirock / Vileplume</em></div><div class="chat"><small>Stats Bot joined.</small></div><div class="chat"><small>Stats Bot left.</small></div><div class="chat"><small>N-if-L joined.</small></div><div class="chat"><small>Deuce9487 joined.</small></div><div class="chat"><small>critplay joined.</small></div><div class="chat"><small>FrickinMewthreee joined.</small></div><div class="chat"><small>roberto27 joined.</small></div><div class="chat"><small>ColoradoVGC joined.</small></div><div class="chat"><small>urkerab joined.</small></div><div class="chat chatmessage-frickinmewthreee"><strong style="color:hsl(260,77%,55.900387536804985%)"><small> </small><span class="username" data-name="FrickinMewthreee">FrickinMewthreee</span>:</strong> <em>jedd</em></div><div class="chat"><small>dog☀️knees joined.</small></div><div class="chat chatmessage-frickinmewthreee"><strong style="color:hsl(260,77%,55.900387536804985%)"><small> </small><span class="username" data-name="FrickinMewthreee">FrickinMewthreee</span>:</strong> <em>*jeff</em></div><div class="chat"><small>Serene Del Rey joined.</small></div><div class="chat"><small>Vivid~Sunset joined.</small></div><div class="chat"><small>dog☀️knees left.</small></div><div class="chat"><small>The Welsh Wall♪ joined.</small></div><div class="spacer battle-history"><br></div><div class="battle-history">Battle started between CheekySilverLining and TRHurricane!<br></div><div class="spacer battle-history"><br></div><div class="battle-history">Go! <strong>Liepard</strong>!<br></div><div class="spacer battle-history"><br></div><div class="battle-history">TRHurricane sent out <strong>Scyther</strong>!<br></div><div class="spacer battle-history"><br></div><h2 class="battle-history">Turn 1</h2><div class="chat"><small>MegaGreymonY joined.</small></div><div class="chat"><small>googlegenius123 joined.</small></div><div class="chat"><small>Inaria♥ joined.</small></div><div class="chat"><small>Janeny123 joined.</small></div><div class="chat"><small>Deuce9487 left.</small></div><div class="spacer battle-history"><br></div><div class="battle-history">Liepard used <strong>Rain Dance</strong>!<br></div><div class="battle-history"><small>It started to rain!</small><br></div><div class="spacer battle-history"><br></div><div class="battle-history">The opposing Scyther used <strong>U-turn</strong>!<br></div><div class="battle-history"><small>It's super effective!</small><br></div><div class="battle-history"><small>(Liepard lost <abbr title="−300/332">90.4%</abbr> of its health!)</small><br></div><div class="chat"><small>albertomt23 joined.</small></div><div class="chat chatmessage-frickinmewthreee"><strong style="color:hsl(260,77%,55.900387536804985%)"><small> </small><span class="username" data-name="FrickinMewthreee">FrickinMewthreee</span>:</strong> <em>dat sash</em></div><div class="spacer battle-history"><br></div><div class="battle-history">The opposing Scyther went back to TRHurricane!<br></div><div class="battle-history">TRHurricane sent out <strong>Tauros</strong>!<br></div><div class="spacer battle-history"><br></div><div class="battle-history"><small>(Rain continues to fall!)</small><br></div><div class="spacer battle-history"><br></div><h2 class="battle-history">Turn 2</h2><div class="spacer battle-history"><br></div><div class="battle-history">The opposing Tauros used <strong>Earthquake</strong>!<br></div><div class="battle-history"><small>(Liepard lost <abbr title="−32/332">9.6%</abbr> of its health!)</small><br></div><div class="battle-history"><small>The opposing Tauros lost some of its HP!</small><br></div><div class="spacer battle-history"><br></div><div class="battle-history">Liepard fainted!<br></div><div class="spacer battle-history"><br></div><div class="battle-history"><small>(Rain continues to fall!)</small><br></div><div class="spacer battle-history"><br></div><div class="battle-history">Go! <strong>Ludicolo</strong>!<br></div><div class="spacer battle-history"><br></div><h2 class="battle-history">Turn 3</h2><div class="spacer battle-history"><br></div><div class="battle-history">TRHurricane withdrew Tauros!<br></div><div class="battle-history">TRHurricane sent out <strong>Lanturn</strong>!<br></div><div class="spacer battle-history"><br></div><div class="battle-history">Ludicolo used <strong>Hydro Pump</strong>!<br></div><div class="battle-history"><small>The opposing Lanturn avoided the attack!</small><br></div><div class="spacer battle-history"><br></div><div class="battle-history"><small>(Rain continues to fall!)</small><br></div><div class="spacer battle-history"><br></div><h2 class="battle-history">Turn 4</h2><div class="spacer battle-history"><br></div><div class="battle-history">TRHurricane withdrew Lanturn!<br></div><div class="battle-history">TRHurricane sent out <strong>Vileplume</strong>!<br></div><div class="spacer battle-history"><br></div><div class="battle-history">Ludicolo used <strong>Giga Drain</strong>!<br></div><div class="battle-history"><small>It's not very effective...</small><br></div><div class="battle-history"><small>(The opposing Vileplume lost <abbr title="−35/354">9.9%</abbr> of its health!)</small><br></div><div class="battle-history"><small>Ludicolo lost some of its HP!</small><br></div><div class="spacer battle-history"><br></div><div class="battle-history"><small>(Rain continues to fall!)</small><br></div><div class="battle-history"><small>The opposing Vileplume restored a little HP using its Black Sludge!</small><br></div><div class="spacer battle-history"><br></div><h2 class="battle-history">Turn 5</h2><div class="spacer battle-history"><br></div><div class="battle-history">Ludicolo used <strong>Ice Beam</strong>!<br></div><div class="battle-history"><small>It's super effective!</small><br></div><div class="battle-history"><small>(The opposing Vileplume lost <abbr title="−224/354">63.3%</abbr> of its health!)</small><br></div><div class="battle-history"><small>Ludicolo lost some of its HP!</small><br></div><div class="spacer battle-history"><br></div><div class="battle-history">The opposing Vileplume used <strong>Sludge Bomb</strong>!<br></div><div class="battle-history"><small>It's super effective!</small><br></div><div class="battle-history"><small>(Ludicolo lost <abbr title="−224/299">74.9%</abbr> of its health!)</small><br></div><div class="spacer battle-history"><br></div><div class="battle-history"><small>(Rain continues to fall!)</small><br></div><div class="battle-history"><small>The opposing Vileplume restored a little HP using its Black Sludge!</small><br></div><div class="spacer battle-history"><br></div><h2 class="battle-history">Turn 6</h2><div class="spacer battle-history"><br></div><div class="battle-history">TRHurricane withdrew Vileplume!<br></div><div class="battle-history">TRHurricane sent out <strong>Lanturn</strong>!<br></div><div class="spacer battle-history"><br></div><div class="battle-history">Ludicolo used <strong>Giga Drain</strong>!<br></div><div class="battle-history"><small>It's super effective!</small><br></div><div class="battle-history"><small>(The opposing Lanturn lost <abbr title="−244/401">60.8%</abbr> of its health!)</small><br></div><div class="battle-history"><small>The opposing Lanturn had its energy drained!</small><br></div><div class="battle-history"><small>Ludicolo lost some of its HP!</small><br></div><div class="spacer battle-history"><br></div><div class="battle-history"><small>(Rain continues to fall!)</small><br></div><div class="battle-history"><small>The opposing Lanturn restored a little HP using its Leftovers!</small><br></div><div class="spacer battle-history"><br></div><h2 class="battle-history">Turn 7</h2><div class="chat chatmessage-vividsunset"><strong style="color:hsl(30,78%,47%)"><small> </small><span class="username" data-name="Vivid~Sunset">Vivid~Sunset</span>:</strong> <em>get predicted</em></div><div class="spacer battle-history"><br></div><div class="battle-history">Ludicolo used <strong>Giga Drain</strong>!<br></div><div class="battle-history"><small>It's super effective!</small><br></div><div class="battle-history"><small>A critical hit!</small><br></div><div class="battle-history"><small>(The opposing Lanturn lost <abbr title="−182/401">45.4%</abbr> of its health!)</small><br></div><div class="battle-history"><small>The opposing Lanturn had its energy drained!</small><br></div><div class="battle-history"><small>Ludicolo lost some of its HP!</small><br></div><div class="spacer battle-history"><br></div><div class="battle-history">The opposing Lanturn fainted!<br></div><div class="spacer battle-history"><br></div><div class="battle-history"><small>(Rain continues to fall!)</small><br></div><div class="chat chatmessage-trhurricane"><strong style="color:hsl(281,79%,46.85966881778796%)"><small>☆</small><span class="username" data-name="TRHurricane">TRHurricane</span>:</strong> <em>agreed</em></div><div class="chat"><small>Crownfool joined.</small></div><div class="chat"><small>yeuy(~_^) joined.</small></div><div class="spacer battle-history"><br></div><div class="battle-history">TRHurricane sent out <strong>Vileplume</strong>!<br></div><div class="spacer battle-history"><br></div><h2 class="battle-history">Turn 8</h2><div class="spacer battle-history"><br></div><div class="battle-history">Ludicolo used <strong>Ice Beam</strong>!<br></div><div class="battle-history"><small>It's super effective!</small><br></div><div class="battle-history"><small>(The opposing Vileplume lost <abbr title="−139/354">39.3%</abbr> of its health!)</small><br></div><div class="battle-history"><small>Ludicolo lost some of its HP!</small><br></div><div class="spacer battle-history"><br></div><div class="battle-history">The opposing Vileplume fainted!<br></div><div class="spacer battle-history"><br></div><div class="battle-history"><small>The rain stopped.</small><br></div><div class="chat chatmessage-frickinmewthreee"><strong style="color:hsl(260,77%,55.900387536804985%)"><small> </small><span class="username" data-name="FrickinMewthreee">FrickinMewthreee</span>:</strong> <em>absolute gay shit</em></div><div class="spacer battle-history"><br></div><div class="battle-history">TRHurricane sent out <strong>Scyther</strong>!<br></div><div class="spacer battle-history"><br></div><h2 class="battle-history">Turn 9</h2><div class="chat"><small>Max Natsume joined.</small></div><div class="spacer battle-history"><br></div><div class="battle-history">Ludicolo, come back!<br></div><div class="battle-history">Go! <strong>Garbodor</strong>!<br></div><div class="spacer battle-history"><br></div><div class="battle-history">The opposing Scyther used <strong>U-turn</strong>!<br></div><div class="battle-history"><small>It's not very effective...</small><br></div><div class="battle-history"><small>(Garbodor lost <abbr title="−52/315">16.5%</abbr> of its health!)</small><br></div><div class="battle-history"><small>The opposing Scyther was hurt by the Rocky Helmet!</small><br></div><div class="spacer battle-history"><br></div><div class="battle-history">The opposing Scyther went back to TRHurricane!<br></div><div class="battle-history">TRHurricane sent out <strong>Claydol</strong>!<br></div><div class="spacer battle-history"><br></div><h2 class="battle-history">Turn 10</h2><div class="spacer battle-history"><br></div><div class="battle-history">Garbodor, come back!<br></div><div class="battle-history">Go! <strong>Mesprit</strong>!<br></div><div class="spacer battle-history"><br></div><div class="battle-history">The opposing Claydol used <strong>Shadow Ball</strong>!<br></div><div class="battle-history"><small>It's super effective!</small><br></div><div class="battle-history"><small>(Mesprit lost <abbr title="−128/364">35.2%</abbr> of its health!)</small><br></div><div class="spacer battle-history"><br></div><h2 class="battle-history">Turn 11</h2><div class="spacer battle-history"><br></div><div class="battle-history">The opposing Claydol used <strong>Shadow Ball</strong>!<br></div><div class="battle-history"><small>It's super effective!</small><br></div><div class="battle-history"><small>(Mesprit lost <abbr title="−130/364">35.7%</abbr> of its health!)</small><br></div><div class="battle-history"><small>Mesprit's Special Defense fell!</small><br></div><div class="spacer battle-history"><br></div><div class="battle-history">Mesprit used <strong>Rain Dance</strong>!<br></div><div class="battle-history"><small>It started to rain!</small><br></div><div class="spacer battle-history"><br></div><div class="battle-history"><small>(Rain continues to fall!)</small><br></div><div class="spacer battle-history"><br></div><h2 class="battle-history">Turn 12</h2><div class="spacer battle-history"><br></div><div class="battle-history">Mesprit, come back!<br></div><div class="battle-history">Go! <strong>Ludicolo</strong>!<br></div><div class="spacer battle-history"><br></div><div class="battle-history">The opposing Claydol used <strong>Earth Power</strong>!<br></div><div class="battle-history"><small>It's not very effective...</small><br></div><div class="battle-history"><small>(Ludicolo lost <abbr title="−52/299">17.4%</abbr> of its health!)</small><br></div><div class="spacer battle-history"><br></div><div class="battle-history"><small>(Rain continues to fall!)</small><br></div><div class="spacer battle-history"><br></div><h2 class="battle-history">Turn 13</h2><div class="chat"><small>Serene Del Rey left.</small></div><div class="spacer battle-history"><br></div><div class="battle-history">Ludicolo used <strong>Giga Drain</strong>!<br></div><div class="battle-history"><small>It's super effective!</small><br></div><div class="battle-history"><small>(The opposing Claydol lost <abbr title="−213/261">81.6%</abbr> of its health!)</small><br></div><div class="battle-history"><small>The opposing Claydol had its energy drained!</small><br></div><div class="battle-history"><small>Ludicolo lost some of its HP!</small><br></div><div class="spacer battle-history"><br></div><div class="battle-history">The opposing Claydol used <strong>Psyshock</strong>!<br></div><div class="battle-history"><small>(Ludicolo lost <abbr title="−136/299">45.5%</abbr> of its health!)</small><br></div><div class="spacer battle-history"><br></div><div class="battle-history"><small>(Rain continues to fall!)</small><br></div><div class="spacer battle-history"><br></div><h2 class="battle-history">Turn 14</h2><div class="spacer battle-history"><br></div><div class="battle-history">Ludicolo used <strong>Giga Drain</strong>!<br></div><div class="battle-history"><small>It's super effective!</small><br></div><div class="battle-history"><small>(The opposing Claydol lost <abbr title="−48/261">18.4%</abbr> of its health!)</small><br></div><div class="battle-history"><small>The opposing Claydol had its energy drained!</small><br></div><div class="battle-history"><small>Ludicolo lost some of its HP!</small><br></div><div class="spacer battle-history"><br></div><div class="battle-history">The opposing Claydol fainted!<br></div><div class="spacer battle-history"><br></div><div class="battle-history"><small>(Rain continues to fall!)</small><br></div><div class="spacer battle-history"><br></div><div class="battle-history">TRHurricane sent out <strong>Tauros</strong>!<br></div><div class="spacer battle-history"><br></div><h2 class="battle-history">Turn 15</h2><div class="spacer battle-history"><br></div><div class="battle-history">Ludicolo used <strong>Hydro Pump</strong>!<br></div><div class="battle-history"><small>The opposing Tauros avoided the attack!</small><br></div><div class="spacer battle-history"><br></div><div class="battle-history">The opposing Tauros used <strong>Rock Climb</strong>!<br></div><div class="battle-history"><small>(Ludicolo lost <abbr title="−28/299">9.4%</abbr> of its health!)</small><br></div><div class="spacer battle-history"><br></div><div class="battle-history">Ludicolo fainted!<br></div><div class="spacer battle-history"><br></div><div class="battle-history"><small>(Rain continues to fall!)</small><br></div><div class="chat chatmessage-vividsunset"><strong style="color:hsl(30,78%,47%)"><small> </small><span class="username" data-name="Vivid~Sunset">Vivid~Sunset</span>:</strong> <em>what</em></div><div class="chat chatmessage-vividsunset"><strong style="color:hsl(30,78%,47%)"><small> </small><span class="username" data-name="Vivid~Sunset">Vivid~Sunset</span>:</strong> <em>oh</em></div><div class="chat chatmessage-frickinmewthreee"><strong style="color:hsl(260,77%,55.900387536804985%)"><small> </small><span class="username" data-name="FrickinMewthreee">FrickinMewthreee</span>:</strong> <em>GET REEKT</em></div><div class="spacer battle-history"><br></div><div class="battle-history">Go! <strong>Kabutops</strong>!<br></div><div class="spacer battle-history"><br></div><h2 class="battle-history">Turn 16</h2><div class="spacer battle-history"><br></div><div class="battle-history">Kabutops used <strong>Waterfall</strong>!<br></div><div class="battle-history"><small>(The opposing Tauros lost <abbr title="−262/291">90.0%</abbr> of its health!)</small><br></div><div class="battle-history"><small>Kabutops lost some of its HP!</small><br></div><div class="spacer battle-history"><br></div><div class="battle-history">The opposing Tauros fainted!<br></div><div class="spacer battle-history"><br></div><div class="battle-history"><small>(Rain continues to fall!)</small><br></div><div class="spacer battle-history"><br></div><div class="battle-history">TRHurricane sent out <strong>Regirock</strong>!<br></div><div class="spacer battle-history"><br></div><h2 class="battle-history">Turn 17</h2><div class="chat"><small>coren. joined.</small></div><div class="spacer battle-history"><br></div><div class="battle-history">Kabutops used <strong>Waterfall</strong>!<br></div><div class="battle-history"><small>It's super effective!</small><br></div><div class="battle-history"><small>(The opposing Regirock lost <abbr title="−281/361">77.8%</abbr> of its health!)</small><br></div><div class="battle-history"><small>Kabutops lost some of its HP!</small><br></div><div class="spacer battle-history"><br></div><div class="battle-history">The opposing Regirock used <strong>Counter</strong>!<br></div><div class="battle-history"><small>(Kabutops lost <abbr title="−209/259">80.7%</abbr> of its health!)</small><br></div><div class="spacer battle-history"><br></div><div class="battle-history">Kabutops fainted!<br></div><div class="spacer battle-history"><br></div><div class="battle-history"><small>(Rain continues to fall!)</small><br></div><div class="battle-history"><small>The opposing Regirock restored a little HP using its Leftovers!</small><br></div><div class="spacer battle-history"><br></div><div class="battle-history">Go! <strong>Garbodor</strong>!<br></div><div class="spacer battle-history"><br></div><h2 class="battle-history">Turn 18</h2><div class="chat"><small>calvic joined.</small></div><div class="spacer battle-history"><br></div><div class="battle-history">Garbodor used <strong>Drain Punch</strong>!<br></div><div class="battle-history"><small>It's super effective!</small><br></div><div class="battle-history"><small>(The opposing Regirock lost <abbr title="−64/361">17.7%</abbr> of its health!)</small><br></div><div class="battle-history"><small>The opposing Regirock had its energy drained!</small><br></div><div class="spacer battle-history"><br></div><div class="battle-history">The opposing Regirock used <strong>Thunder Wave</strong>!<br></div><div class="battle-history"><small>Garbodor is paralyzed! It may be unable to move!</small><br></div><div class="spacer battle-history"><br></div><div class="battle-history"><small>The rain stopped.</small><br></div><div class="battle-history"><small>The opposing Regirock restored a little HP using its Leftovers!</small><br></div><div class="spacer battle-history"><br></div><h2 class="battle-history">Turn 19</h2><div class="spacer battle-history"><br></div><div class="battle-history">The opposing Regirock used <strong>Rock Slide</strong>!<br></div><div class="battle-history"><small>(Garbodor lost <abbr title="−99/315">31.4%</abbr> of its health!)</small><br></div><div class="spacer battle-history"><br></div><div class="battle-history">Garbodor is paralyzed! It can't move!<br></div><div class="spacer battle-history"><br></div><div class="battle-history"><small>The opposing Regirock restored a little HP using its Leftovers!</small><br></div><div class="spacer battle-history"><br></div><h2 class="battle-history">Turn 20</h2><div class="chat"><small>Type Ket joined.</small></div><div class="spacer battle-history"><br></div><div class="battle-history">The opposing Regirock used <strong>Stealth Rock</strong>!<br></div><div class="battle-history"><small>Pointed stones float in the air around your team!</small><br></div><div class="spacer battle-history"><br></div><div class="battle-history">Garbodor is paralyzed! It can't move!<br></div><div class="spacer battle-history"><br></div><div class="battle-history"><small>The opposing Regirock restored a little HP using its Leftovers!</small><br></div><div class="spacer battle-history"><br></div><h2 class="battle-history">Turn 21</h2><div class="spacer battle-history"><br></div><div class="battle-history">The opposing Regirock used <strong>Rock Slide</strong>!<br></div><div class="battle-history"><small>(Garbodor lost <abbr title="−108/315">34.3%</abbr> of its health!)</small><br></div><div class="spacer battle-history"><br></div><div class="battle-history">Garbodor flinched and couldn't move!<br></div><div class="spacer battle-history"><br></div><div class="battle-history"><small>The opposing Regirock restored a little HP using its Leftovers!</small><br></div><div class="spacer battle-history"><br></div><h2 class="battle-history">Turn 22</h2><div class="chat chatmessage-googlegenius123"><strong style="color:hsl(185,71%,43.36144367215958%)"><small> </small><span class="username" data-name="googlegenius123">googlegenius123</span>:</strong> <em>oo</em></div><div class="chat chatmessage-googlegenius123"><strong style="color:hsl(185,71%,43.36144367215958%)"><small> </small><span class="username" data-name="googlegenius123">googlegenius123</span>:</strong> <em>regihax</em></div><div class="chat chatmessage-trhurricane"><strong style="color:hsl(281,79%,46.85966881778796%)"><small>☆</small><span class="username" data-name="TRHurricane">TRHurricane</span>:</strong> <em>well</em></div><div class="chat chatmessage-frickinmewthreee"><strong style="color:hsl(260,77%,55.900387536804985%)"><small> </small><span class="username" data-name="FrickinMewthreee">FrickinMewthreee</span>:</strong> <em>( . Y . )</em></div><div class="chat chatmessage-roberto27"><strong style="color:hsl(195,75%,45.56111296%)"><small> </small><span class="username" data-name="roberto27">roberto27</span>:</strong> <em>regirock for AG</em></div><div class="spacer battle-history"><br></div><div class="battle-history">The opposing Regirock used <strong>Thunder Wave</strong>!<br></div><div class="battle-history"><small>Garbodor is already paralyzed.</small><br></div><div class="spacer battle-history"><br></div><div class="battle-history">Garbodor used <strong>Drain Punch</strong>!<br></div><div class="battle-history"><small>It's super effective!</small><br></div><div class="battle-history"><small>(The opposing Regirock lost <abbr title="−70/361">19.4%</abbr> of its health!)</small><br></div><div class="battle-history"><small>The opposing Regirock had its energy drained!</small><br></div><div class="spacer battle-history"><br></div><div class="battle-history"><small>The opposing Regirock restored a little HP using its Leftovers!</small><br></div><div class="spacer battle-history"><br></div><h2 class="battle-history">Turn 23</h2><div class="spacer battle-history"><br></div><div class="battle-history">Garbodor used <strong>Drain Punch</strong>!<br></div><div class="battle-history"><small>It's super effective!</small><br></div><div class="battle-history"><small>A critical hit!</small><br></div><div class="battle-history"><small>(The opposing Regirock lost <abbr title="−78/361">21.6%</abbr> of its health!)</small><br></div><div class="battle-history"><small>The opposing Regirock had its energy drained!</small><br></div><div class="spacer battle-history"><br></div><div class="battle-history">The opposing Regirock fainted!<br></div><div class="spacer battle-history"><br></div><div class="battle-history">TRHurricane sent out <strong>Scyther</strong>!<br></div><div class="spacer battle-history"><br></div><h2 class="battle-history">Turn 24</h2><div class="chat chatmessage-typeket"><strong style="color:hsl(115,56%,42.70565343293784%)"><small> </small><span class="username" data-name="Type Ket">Type Ket</span>:</strong> <em>why go for thudeer wave again?</em></div><div class="spacer battle-history"><br></div><div class="battle-history">The opposing Scyther used <strong>Swords Dance</strong>!<br></div><div class="battle-history"><small>The opposing Scyther's Attack rose sharply!</small><br></div><div class="spacer battle-history"><br></div><div class="battle-history">Garbodor is paralyzed! It can't move!<br></div><div class="spacer battle-history"><br></div><h2 class="battle-history">Turn 25</h2><div class="chat chatmessage-trhurricane"><strong style="color:hsl(281,79%,46.85966881778796%)"><small>☆</small><span class="username" data-name="TRHurricane">TRHurricane</span>:</strong> <em>if i kill that</em></div><div class="chat chatmessage-trhurricane"><strong style="color:hsl(281,79%,46.85966881778796%)"><small>☆</small><span class="username" data-name="TRHurricane">TRHurricane</span>:</strong> <em>mesprit comes in</em></div><div class="chat chatmessage-trhurricane"><strong style="color:hsl(281,79%,46.85966881778796%)"><small>☆</small><span class="username" data-name="TRHurricane">TRHurricane</span>:</strong> <em>sets rain</em></div><div class="chat"><small>Vwood joined.</small></div><div class="chat chatmessage-trhurricane"><strong style="color:hsl(281,79%,46.85966881778796%)"><small>☆</small><span class="username" data-name="TRHurricane">TRHurricane</span>:</strong> <em>i get swept by omastar</em></div><div class="chat chatmessage-trhurricane"><strong style="color:hsl(281,79%,46.85966881778796%)"><small>☆</small><span class="username" data-name="TRHurricane">TRHurricane</span>:</strong> <em>this was the only hope</em></div><div class="spacer battle-history"><br></div><div class="battle-history">The opposing Scyther used <strong>Swords Dance</strong>!<br></div><div class="battle-history"><small>The opposing Scyther's Attack rose sharply!</small><br></div><div class="spacer battle-history"><br></div><div class="battle-history">Garbodor used <strong>Gunk Shot</strong>!<br></div><div class="battle-history"><small>(The opposing Scyther lost <abbr title="−136/343">39.7%</abbr> of its health!)</small><br></div><div class="battle-history"><small>The opposing Scyther was poisoned!</small><br></div><div class="spacer battle-history"><br></div><div class="battle-history"><small>The opposing Scyther was hurt by poison!</small><br></div><div class="spacer battle-history"><br></div><h2 class="battle-history">Turn 26</h2><div class="chat chatmessage-typeket"><strong style="color:hsl(115,56%,42.70565343293784%)"><small> </small><span class="username" data-name="Type Ket">Type Ket</span>:</strong> <em>why did you thunder wave with regirock?</em></div><div class="chat chatmessage-frickinmewthreee"><strong style="color:hsl(260,77%,55.900387536804985%)"><small> </small><span class="username" data-name="FrickinMewthreee">FrickinMewthreee</span>:</strong> <em>FFS</em></div><div class="spacer battle-history"><br></div><div class="battle-history">The opposing Scyther used <strong>Roost</strong>!<br></div><div class="battle-history"><small>The opposing Scyther restored its HP.</small><br></div><div class="spacer battle-history"><br></div><div class="battle-history">Garbodor is paralyzed! It can't move!<br></div><div class="spacer battle-history"><br></div><div class="battle-history"><small>The opposing Scyther was hurt by poison!</small><br></div><div class="spacer battle-history"><br></div><h2 class="battle-history">Turn 27</h2><div class="chat chatmessage-critplay"><strong style="color:hsl(107,69%,39.08298709680625%)"><small> </small><span class="username" data-name="critplay">critplay</span>:</strong> <em>you are pathetic hurricane</em></div><div class="spacer battle-history"><br></div><div class="battle-history">The opposing Scyther used <strong>Aerial Ace</strong>!<br></div><div class="battle-history"><small>(Garbodor lost <abbr title="−162/315">51.4%</abbr> of its health!)</small><br></div><div class="battle-history"><small>[Garbodor's Aftermath]</small><br><small>The opposing Scyther is hurt!</small><br></div><div class="battle-history"><small>The opposing Scyther was hurt by the Rocky Helmet!</small><br></div><div class="spacer battle-history"><br></div><div class="battle-history">Garbodor fainted!<br></div><div class="spacer battle-history"><br></div><div class="battle-history"><small>The opposing Scyther was hurt by poison!</small><br></div><div class="chat chatmessage-frickinmewthreee"><strong style="color:hsl(260,77%,55.900387536804985%)"><small> </small><span class="username" data-name="FrickinMewthreee">FrickinMewthreee</span>:</strong> <em>i hate life</em></div><div class="chat chatmessage-trhurricane"><strong style="color:hsl(281,79%,46.85966881778796%)"><small>☆</small><span class="username" data-name="TRHurricane">TRHurricane</span>:</strong> <em>lol</em></div><div class="spacer battle-history"><br></div><div class="battle-history">Go! <strong>Mesprit</strong>!<br></div><div class="battle-history"><small>Pointed stones dug into Mesprit!</small><br></div><div class="spacer battle-history"><br></div><h2 class="battle-history">Turn 28</h2><div class="chat chatmessage-typeket"><strong style="color:hsl(115,56%,42.70565343293784%)"><small> </small><span class="username" data-name="Type Ket">Type Ket</span>:</strong> <em>don't be rude critplay</em></div><div class="spacer battle-history"><br></div><div class="battle-history">The opposing Scyther used <strong>U-turn</strong>!<br></div><div class="battle-history"><small>It's super effective!</small><br></div><div class="battle-history"><small>(Mesprit lost <abbr title="−61/364">16.8%</abbr> of its health!)</small><br></div><div class="spacer battle-history"><br></div><div class="battle-history">Mesprit fainted!<br></div><div class="spacer battle-history"><br></div><div class="battle-history"><small>The opposing Scyther was hurt by poison!</small><br></div><div class="spacer battle-history"><br></div><div class="battle-history">Go! <strong>Omastar</strong>!<br></div><div class="battle-history"><small>Pointed stones dug into Omastar!</small><br></div><div class="spacer battle-history"><br></div><h2 class="battle-history">Turn 29</h2><div class="chat chatmessage-googlegenius123"><strong style="color:hsl(185,71%,43.36144367215958%)"><small> </small><span class="username" data-name="googlegenius123">googlegenius123</span>:</strong> <em>oo</em></div><div class="chat chatmessage-frickinmewthreee"><strong style="color:hsl(260,77%,55.900387536804985%)"><small> </small><span class="username" data-name="FrickinMewthreee">FrickinMewthreee</span>:</strong> <em>OMFG</em></div><div class="chat chatmessage-cheekysilverlining"><strong style="color:hsl(184,86%,38.51279824978495%)"><small>☆</small><span class="username" data-name="CheekySilverLining">CheekySilverLining</span>:</strong> <em>gg</em></div><div class="chat chatmessage-googlegenius123"><strong style="color:hsl(185,71%,43.36144367215958%)"><small> </small><span class="username" data-name="googlegenius123">googlegenius123</span>:</strong> <em>brick break</em></div><div class="chat chatmessage-frickinmewthreee"><strong style="color:hsl(260,77%,55.900387536804985%)"><small> </small><span class="username" data-name="FrickinMewthreee">FrickinMewthreee</span>:</strong> <em>nah</em></div><div class="chat chatmessage-trhurricane"><strong style="color:hsl(281,79%,46.85966881778796%)"><small>☆</small><span class="username" data-name="TRHurricane">TRHurricane</span>:</strong> <em>no brick break</em></div><div class="chat chatmessage-frickinmewthreee"><strong style="color:hsl(260,77%,55.900387536804985%)"><small> </small><span class="username" data-name="FrickinMewthreee">FrickinMewthreee</span>:</strong> <em>he has roost xd</em></div><div class="chat chatmessage-googlegenius123"><strong style="color:hsl(185,71%,43.36144367215958%)"><small> </small><span class="username" data-name="googlegenius123">googlegenius123</span>:</strong> <em>yeah</em></div><div class="chat chatmessage-trhurricane"><strong style="color:hsl(281,79%,46.85966881778796%)"><small>☆</small><span class="username" data-name="TRHurricane">TRHurricane</span>:</strong> <em>i dont think i kill</em></div><div class="chat chatmessage-vividsunset"><strong style="color:hsl(30,78%,47%)"><small> </small><span class="username" data-name="Vivid~Sunset">Vivid~Sunset</span>:</strong> <em>gg</em></div><div class="chat chatmessage-typeket"><strong style="color:hsl(115,56%,42.70565343293784%)"><small> </small><span class="username" data-name="Type Ket">Type Ket</span>:</strong> <em>with crit maybe</em></div><div class="spacer battle-history"><br></div><div class="battle-history">The opposing Scyther used <strong>Aerial Ace</strong>!<br></div><div class="battle-history"><small>It's not very effective...</small><br></div><div class="battle-history"><small>(Omastar lost <abbr title="−136/281">48.4%</abbr> of its health!)</small><br></div><div class="spacer battle-history"><br></div><div class="battle-history">Omastar used <strong>Shell Smash</strong>!<br></div><div class="battle-history"><small>Omastar's Defense fell!</small><br></div><div class="battle-history"><small>Omastar's Special Defense fell!</small><br></div><div class="battle-history"><small>Omastar's Attack rose sharply!</small><br></div><div class="battle-history"><small>Omastar's Special Attack rose sharply!</small><br></div><div class="battle-history"><small>Omastar's Speed rose sharply!</small><br></div><div class="spacer battle-history"><br></div><div class="battle-history"><small>The opposing Scyther was hurt by poison!</small><br></div><div class="spacer battle-history"><br></div><div class="battle-history">The opposing Scyther fainted!<br></div><div class="spacer battle-history"><br></div><div class="battle-history"><strong>CheekySilverLining</strong> won the battle!<br></div><div class="chat"><small>Vivid~Sunset left.</small></div><div class="chat"><small>Type Ket left.</small></div><div class="chat chatmessage-trhurricane"><strong style="color:hsl(281,79%,46.85966881778796%)"><small>☆</small><span class="username" data-name="TRHurricane">TRHurricane</span>:</strong> <em>gg</em></div><div class="chat chatmessage-frickinmewthreee"><strong style="color:hsl(260,77%,55.900387536804985%)"><small> </small><span class="username" data-name="FrickinMewthreee">FrickinMewthreee</span>:</strong> <em>gayyy</em></div><div class="chat"><small>Inaria♥ left.</small></div><div class="chat"><small>Vwood left.</small></div><div class="chat"><small>Max Natsume left.</small></div><div class="chat"><small>FrickinMewthreee left.</small></div><div class="chat"><small>CheekySilverLining left.</small></div><div class="chat"><small>albertomt23 left.</small></div><div class="chat"><small>calvic left.</small></div><div class="chat chatmessage-critplay"><strong style="color:hsl(107,69%,39.08298709680625%)"><small> </small><span class="username" data-name="critplay">critplay</span>:</strong> <em>why didn't you uturn</em></div><div class="chat"><small>MegaGreymonY left.</small></div><div class="chat"><small>ColoradoVGC left.</small></div><div class="chat"><small>N-if-L left.</small></div><div class="chat chatmessage-critplay"><strong style="color:hsl(107,69%,39.08298709680625%)"><small> </small><span class="username" data-name="critplay">critplay</span>:</strong> <em>you dumb cunt</em></div><div class="chat"><small>critplay left.</small></div><div class="chat chatmessage-trhurricane"><strong style="color:hsl(281,79%,46.85966881778796%)"><small>☆</small><span class="username" data-name="TRHurricane">TRHurricane</span>:</strong> <em>lmao</em></div><div class="chat"><small>roberto27 left.</small></div><div class="chat"><small>coren. left.</small></div><div class="chat"><small>TRHurricane left.</small></div><div class="chat"><small>Crownfool left.</small></div><div class="chat"><small>TRHurricane joined.</small></div><div class="chat"><small>TRHurricane left.</small></div><div class="chat"><small>yeuy(~_^) left.</small></div><div class="chat"><small>TRHurricane joined.</small></div></div><div class="inner-preempt"></div></div></div>
</div>
<script>
let daily = Math.floor(Date.now()/1000/60/60/24);document.write('<script src="https://play.pokemonshowdown.com/js/replay-embed.js?version'+daily+'"></'+'script>');
</script>
