<!DOCTYPE html>
<meta charset="utf-8" />
<!-- version 1 -->
<title>NU replay: MoreThanAFan vs. Mega-Amphi</title>
<style>
html,body {font-family:Verdana, sans-serif;font-size:10pt;margin:0;padding:0;}body{padding:12px 0;} .battle-log {font-family:Verdana, sans-serif;font-size:10pt;} .battle-log-inline {border:1px solid #AAAAAA;background:#EEF2F5;color:black;max-width:640px;margin:0 auto 80px;padding-bottom:5px;} .battle-log .inner {padding:4px 8px 0px 8px;} .battle-log .inner-preempt {padding:0 8px 4px 8px;} .battle-log .inner-after {margin-top:0.5em;} .battle-log h2 {margin:0.5em -8px;padding:4px 8px;border:1px solid #AAAAAA;background:#E0E7EA;border-left:0;border-right:0;font-family:Verdana, sans-serif;font-size:13pt;} .battle-log .chat {vertical-align:middle;padding:3px 0 3px 0;font-size:8pt;} .battle-log .chat strong {color:#40576A;} .battle-log .chat em {padding:1px 4px 1px 3px;color:#000000;font-style:normal;} .chat.mine {background:rgba(0,0,0,0.05);margin-left:-8px;margin-right:-8px;padding-left:8px;padding-right:8px;} .spoiler {color:#BBBBBB;background:#BBBBBB;padding:0px 3px;} .spoiler:hover, .spoiler:active, .spoiler-shown {color:#000000;background:#E2E2E2;padding:0px 3px;} .spoiler a {color:#BBBBBB;} .spoiler:hover a, .spoiler:active a, .spoiler-shown a {color:#2288CC;} .chat code, .chat .spoiler:hover code, .chat .spoiler:active code, .chat .spoiler-shown code {border:1px solid #C0C0C0;background:#EEEEEE;color:black;padding:0 2px;} .chat .spoiler code {border:1px solid #CCCCCC;background:#CCCCCC;color:#CCCCCC;} .battle-log .rated {padding:3px 4px;} .battle-log .rated strong {color:white;background:#89A;padding:1px 4px;border-radius:4px;} .spacer {margin-top:0.5em;} .message-announce {background:#6688AA;color:white;padding:1px 4px 2px;} .message-announce a, .broadcast-green a, .broadcast-blue a, .broadcast-red a {color:#DDEEFF;} .broadcast-green {background-color:#559955;color:white;padding:2px 4px;} .broadcast-blue {background-color:#6688AA;color:white;padding:2px 4px;} .infobox {border:1px solid #6688AA;padding:2px 4px;} .infobox-limited {max-height:200px;overflow:auto;overflow-x:hidden;} .broadcast-red {background-color:#AA5544;color:white;padding:2px 4px;} .message-learn-canlearn {font-weight:bold;color:#228822;text-decoration:underline;} .message-learn-cannotlearn {font-weight:bold;color:#CC2222;text-decoration:underline;} .message-effect-weak {font-weight:bold;color:#CC2222;} .message-effect-resist {font-weight:bold;color:#6688AA;} .message-effect-immune {font-weight:bold;color:#666666;} .message-learn-list {margin-top:0;margin-bottom:0;} .message-throttle-notice, .message-error {color:#992222;} .message-overflow, .chat small.message-overflow {font-size:0pt;} .message-overflow::before {font-size:9pt;content:'...';} .subtle {color:#3A4A66;}
</style>
<div class="wrapper replay-wrapper" style="max-width:1180px;margin:0 auto">
<input type="hidden" name="replayid" value="nu-513371706" />
<div class="battle"></div><div class="battle-log"></div><div class="replay-controls"></div><div class="replay-controls-2"></div>
<h1 style="font-weight:normal;text-align:center"><strong>NU</strong><br /><a href="http://pokemonshowdown.com/users/morethanafan" class="subtle" target="_blank">MoreThanAFan</a> vs. <a href="http://pokemonshowdown.com/users/megaamphi" class="subtle" target="_blank">Mega-Amphi</a></h1>
<script type="text/plain" class="battle-log-data">|j|MoreThanAFan
|j|Mega-Amphi
|player|p1|MoreThanAFan|99
|player|p2|Mega-Amphi|167
|gametype|singles
|gen|6
|tier|NU
|rated
|seed|18787,4400,34354,47036
|rule|Sleep Clause Mod: Limit one foe put to sleep
|rule|Species Clause: Limit one of each Pokémon
|rule|OHKO Clause: OHKO moves are banned
|rule|Moody Clause: Moody is banned
|rule|Evasion Moves Clause: Evasion moves are banned
|rule|Endless Battle Clause: Forcing endless battles is banned
|rule|HP Percentage Mod: HP is shown in percentages
|clearpoke
|poke|p1|Kecleon, F|item
|poke|p1|Stunfisk, M|item
|poke|p1|Hitmonchan, M|item
|poke|p1|Exeggutor, M|item
|poke|p1|Quagsire, M|item
|poke|p1|Pyroar, F|item
|poke|p2|Electivire, F|item
|poke|p2|Haunter, F, shiny|item
|poke|p2|Klinklang, shiny|item
|poke|p2|Malamar, F|item
|poke|p2|Claydol, shiny|item
|poke|p2|Charizard, M|item
|rule|Swagger Clause: Swagger is banned
|rule|Baton Pass Clause: Limit one Baton Passer, can't pass Spe and other stats simultaneously
|teampreview
|choice|team 2, team 1, team 3, team 4, team 5, team 6|team 2, team 1, team 3, team 4, team 5, team 6
|
|start
|switch|p1a: Stunfisk|Stunfisk, M|422\/422
|switch|p2a: Haunter|Haunter, F, shiny|231\/231
|turn|1
|choice|move discharge|move shadowball
|
|move|p2a: Haunter|Shadow Ball|p1a: Stunfisk
|-damage|p1a: Stunfisk|278\/422
|-damage|p2a: Haunter|208\/231|[from] item: Life Orb
|move|p1a: Stunfisk|Discharge|p2a: Haunter
|-damage|p2a: Haunter|76\/231
|
|-heal|p1a: Stunfisk|304\/422|[from] item: Leftovers
|upkeep
|turn|2
|choice|move stealthrock|move destinybond
|
|move|p2a: Haunter|Destiny Bond|p2a: Haunter
|-singlemove|p2a: Haunter|Destiny Bond
|move|p1a: Stunfisk|Stealth Rock|p2a: Haunter
|-sidestart|p2: Mega-Amphi|move: Stealth Rock
|
|-heal|p1a: Stunfisk|330\/422|[from] item: Leftovers
|upkeep
|turn|3
|choice|switch 6|move destinybond
|
|switch|p1a: Pyroar|Pyroar, F|313\/313
|move|p2a: Haunter|Destiny Bond|p2a: Haunter
|-singlemove|p2a: Haunter|Destiny Bond
|
|upkeep
|turn|4
|choice|switch 5|move sludgebomb
|
|switch|p1a: Quagsire|Quagsire, M|394\/394
|move|p2a: Haunter|Sludge Bomb|p1a: Quagsire
|-resisted|p1a: Quagsire
|-damage|p1a: Quagsire|254\/394
|-status|p1a: Quagsire|psn
|-damage|p2a: Haunter|53\/231|[from] item: Life Orb
|
|-heal|p1a: Quagsire|278\/394 psn|[from] item: Leftovers
|-damage|p1a: Quagsire|229\/394 psn|[from] psn
|upkeep
|turn|5
|choice|switch 5|move shadowball
|
|switch|p1a: Pyroar|Pyroar, F|313\/313
|move|p2a: Haunter|Shadow Ball|p1a: Pyroar
|-immune|p1a: Pyroar|[msg]
|
|upkeep
|turn|6
|choice|move firefang|move sludgebomb
|
|move|p1a: Pyroar|Fire Fang|p2a: Haunter|[miss]
|-miss|p1a: Pyroar|p2a: Haunter
|move|p2a: Haunter|Sludge Bomb|p1a: Pyroar
|-damage|p1a: Pyroar|50\/313
|-status|p1a: Pyroar|psn
|-damage|p2a: Haunter|30\/231|[from] item: Life Orb
|
|-damage|p1a: Pyroar|11\/313 psn|[from] psn
|upkeep
|turn|7
|choice|move firefang|move destinybond
|
|move|p1a: Pyroar|Fire Fang|p2a: Haunter
|-damage|p2a: Haunter|0 fnt
|faint|p2a: Haunter
|-ability|p1a: Pyroar|Moxie|boost
|-boost|p1a: Pyroar|atk|1
|
|-damage|p1a: Pyroar|0 fnt|[from] psn
|upkeep
|faint|p1a: Pyroar
|choice|switch 2|switch 5
|
|switch|p2a: Claydol|Claydol, shiny|294\/294
|switch|p1a: Kecleon|Kecleon, F|324\/324
|-damage|p2a: Claydol|276\/294|[from] Stealth Rock
|turn|8
|choice|move knockoff|move rapidspin
|
|move|p2a: Claydol|Rapid Spin|p1a: Kecleon
|-damage|p1a: Kecleon|311\/324
|-sideend|p2: Mega-Amphi|Stealth Rock|[from] move: Rapid Spin|[of] p2a: Claydol
|move|p1a: Kecleon|Knock Off|p2a: Claydol
|-start|p1a: Kecleon|typechange|Dark|[from] Protean
|-supereffective|p2a: Claydol
|-damage|p2a: Claydol|34\/294
|-enditem|p2a: Claydol|Leftovers|[from] move: Knock Off|[of] p1a: Kecleon
|
|upkeep
|turn|9
|choice|move drainpunch|move dazzlinggleam
|
|move|p2a: Claydol|Dazzling Gleam|p1a: Kecleon
|-supereffective|p1a: Kecleon
|-damage|p1a: Kecleon|243\/324
|move|p1a: Kecleon|Drain Punch|p2a: Claydol
|-start|p1a: Kecleon|typechange|Fighting|[from] Protean
|-resisted|p2a: Claydol
|-damage|p2a: Claydol|0 fnt
|-heal|p1a: Kecleon|260\/324|[from] drain|[of] p2a: Claydol
|faint|p2a: Claydol
|
|upkeep
|choice||switch 6
|
|switch|p2a: Charizard|Charizard, M|297\/297
|turn|10
|choice|move knockoff|move airslash
|
|move|p2a: Charizard|Air Slash|p1a: Kecleon
|-supereffective|p1a: Kecleon
|-damage|p1a: Kecleon|94\/324
|-damage|p2a: Charizard|268\/297|[from] item: Life Orb
|move|p1a: Kecleon|Knock Off|p2a: Charizard
|-start|p1a: Kecleon|typechange|Dark|[from] Protean
|-damage|p2a: Charizard|90\/297
|-enditem|p2a: Charizard|Life Orb|[from] move: Knock Off|[of] p1a: Kecleon
|
|upkeep
|turn|11
|choice|switch 6|move roost
|
|switch|p1a: Stunfisk|Stunfisk, M|330\/422
|move|p2a: Charizard|Roost|p2a: Charizard
|-heal|p2a: Charizard|239\/297
|
|-heal|p1a: Stunfisk|356\/422|[from] item: Leftovers
|upkeep
|turn|12
|choice|move surf|switch 2
|
|switch|p2a: Electivire|Electivire, F|291\/291
|move|p1a: Stunfisk|Surf|p2a: Electivire
|-damage|p2a: Electivire|224\/291
|
|-heal|p1a: Stunfisk|382\/422|[from] item: Leftovers
|upkeep
|turn|13
|choice|move earthpower|move earthquake
|
|move|p2a: Electivire|Earthquake|p1a: Stunfisk
|-supereffective|p1a: Stunfisk
|-damage|p1a: Stunfisk|57\/422
|-damage|p2a: Electivire|195\/291|[from] item: Life Orb
|move|p1a: Stunfisk|Earth Power|p2a: Electivire
|-supereffective|p2a: Electivire
|-damage|p2a: Electivire|0 fnt
|faint|p2a: Electivire
|
|-heal|p1a: Stunfisk|83\/422|[from] item: Leftovers
|upkeep
|choice||switch 2
|
|switch|p2a: Charizard|Charizard, M|239\/297
|turn|14
|choice|move discharge|move flamethrower
|
|move|p2a: Charizard|Flamethrower|p1a: Stunfisk
|-crit|p1a: Stunfisk
|-damage|p1a: Stunfisk|0 fnt
|faint|p1a: Stunfisk
|
|upkeep
|choice|switch 6|
|
|switch|p1a: Kecleon|Kecleon, F|94\/324
|turn|15
|choice|move knockoff|move flamethrower
|
|move|p2a: Charizard|Flamethrower|p1a: Kecleon
|-damage|p1a: Kecleon|13\/324
|-status|p1a: Kecleon|brn
|move|p1a: Kecleon|Knock Off|p2a: Charizard
|-start|p1a: Kecleon|typechange|Dark|[from] Protean
|-damage|p2a: Charizard|179\/297
|
|-damage|p1a: Kecleon|0 fnt|[from] brn
|upkeep
|faint|p1a: Kecleon
|choice|switch 5|
|
|switch|p1a: Quagsire|Quagsire, M|229\/394 psn
|turn|16
|choice|move scald|switch 4
|
|switch|p2a: Malamar|Malamar, F|329\/329
|move|p1a: Quagsire|Scald|p2a: Malamar
|-damage|p2a: Malamar|266\/329
|
|-heal|p2a: Malamar|286\/329|[from] item: Leftovers
|-heal|p1a: Quagsire|253\/394 psn|[from] item: Leftovers
|-damage|p1a: Quagsire|204\/394 psn|[from] psn
|upkeep
|turn|17
|choice|move toxic|move knockoff
|
|move|p2a: Malamar|Knock Off|p1a: Quagsire
|-damage|p1a: Quagsire|105\/394 psn
|-enditem|p1a: Quagsire|Leftovers|[from] move: Knock Off|[of] p2a: Malamar
|move|p1a: Quagsire|Toxic|p2a: Malamar
|-status|p2a: Malamar|tox
|
|-heal|p2a: Malamar|306\/329 tox|[from] item: Leftovers
|-damage|p2a: Malamar|286\/329 tox|[from] psn
|-damage|p1a: Quagsire|56\/394 psn|[from] psn
|upkeep
|turn|18
|choice|move recover|move superpower
|
|move|p2a: Malamar|Superpower|p1a: Quagsire
|-damage|p1a: Quagsire|0 fnt
|-boost|p2a: Malamar|atk|1
|-boost|p2a: Malamar|def|1
|faint|p1a: Quagsire
|
|-heal|p2a: Malamar|306\/329 tox|[from] item: Leftovers
|-damage|p2a: Malamar|266\/329 tox|[from] psn
|upkeep
|choice|switch 3|
|
|switch|p1a: Hitmonchan|Hitmonchan, M|243\/243
|turn|19
|choice|move closecombat|move superpower
|
|move|p1a: Hitmonchan|Close Combat|p2a: Malamar
|-damage|p2a: Malamar|136\/329 tox
|-unboost|p1a: Hitmonchan|def|1
|-unboost|p1a: Hitmonchan|spd|1
|move|p2a: Malamar|Superpower|p1a: Hitmonchan
|-damage|p1a: Hitmonchan|0 fnt
|-boost|p2a: Malamar|atk|1
|-boost|p2a: Malamar|def|1
|faint|p1a: Hitmonchan
|
|-heal|p2a: Malamar|156\/329 tox|[from] item: Leftovers
|-damage|p2a: Malamar|96\/329 tox|[from] psn
|upkeep
|choice|switch 4|
|
|switch|p1a: Exeggutor|Exeggutor, M|394\/394
|turn|20
|choice|move trickroom|move rest
|
|move|p2a: Malamar|Rest|p2a: Malamar
|-status|p2a: Malamar|slp
|-heal|p2a: Malamar|329\/329 slp|[silent]
|-status|p2a: Malamar|slp|[from] move: Rest
|move|p1a: Exeggutor|Trick Room|p1a: Exeggutor
|-fieldstart|move: Trick Room|[of] p1a: Exeggutor
|
|upkeep
|turn|21
|choice|move energyball|move sleeptalk
|
|move|p1a: Exeggutor|Energy Ball|p2a: Malamar
|-damage|p2a: Malamar|121\/329 slp
|-damage|p1a: Exeggutor|355\/394|[from] item: Life Orb
|cant|p2a: Malamar|slp
|move|p2a: Malamar|Sleep Talk|p2a: Malamar
|move|p2a: Malamar|Knock Off|p1a: Exeggutor|[from]Sleep Talk
|-supereffective|p1a: Exeggutor
|-damage|p1a: Exeggutor|0 fnt
|-enditem|p1a: Exeggutor|Life Orb|[from] move: Knock Off|[of] p2a: Malamar
|faint|p1a: Exeggutor
|
|win|Mega-Amphi
|player|p1
|player|p2
|raw|MoreThanAFan's rating: 1202 &rarr; <strong>1167<\/strong><br \/>(-35 for losing)
|raw|Mega-Amphi's rating: 1051 &rarr; <strong>1096<\/strong><br \/>(+45 for winning)
|c|★Mega-Amphi|gg
|l|MoreThanAFan</script>
</div>
<div class="battle-log battle-log-inline"><div class="inner"><div class="battle-options"></div><div class="inner"><div class="chat"><small>MoreThanAFan joined.</small></div><div class="chat"><small>Mega-Amphi joined.</small></div><div class=""><small>Format:</small> <br><strong>NU</strong></div><div class="rated"><strong>Rated battle</strong></div><div class=""><small><em>Sleep Clause Mod:</em> Limit one foe put to sleep</small></div><div class=""><small><em>Species Clause:</em> Limit one of each Pokémon</small></div><div class=""><small><em>OHKO Clause:</em> OHKO moves are banned</small></div><div class=""><small><em>Moody Clause:</em> Moody is banned</small></div><div class=""><small><em>Evasion Moves Clause:</em> Evasion moves are banned</small></div><div class=""><small><em>Endless Battle Clause:</em> Forcing endless battles is banned</small></div><div class=""><small><em>HP Percentage Mod:</em> HP is shown in percentages</small></div><div class=""><small><em>Swagger Clause:</em> Swagger is banned</small></div><div class=""><small><em>Baton Pass Clause:</em> Limit one Baton Passer, can't pass Spe and other stats simultaneously</small></div><div class="chat battle-history"><strong>MoreThanAFan's team:</strong> <em style="color:#445566;display:block;">Kecleon / Stunfisk / Hitmonchan / Exeggutor / Quagsire / Pyroar</em></div><div class="chat battle-history"><strong>Mega-Amphi's team:</strong> <em style="color:#445566;display:block;">Electivire / Haunter / Klinklang / Malamar / Claydol / Charizard</em></div><div class="spacer battle-history"><br></div><div class="battle-history">Battle started between MoreThanAFan and Mega-Amphi!<br></div><div class="spacer battle-history"><br></div><div class="battle-history">Go! <strong>Stunfisk</strong>!<br></div><div class="spacer battle-history"><br></div><div class="battle-history">Mega-Amphi sent out <strong>Haunter</strong>!<br></div><div class="spacer battle-history"><br></div><h2 class="battle-history">Turn 1</h2><div class="spacer battle-history"><br></div><div class="battle-history">The opposing Haunter used <strong>Shadow Ball</strong>!<br></div><div class="battle-history"><small>(Stunfisk lost <abbr title="−144/422">34.1%</abbr> of its health!)</small><br></div><div class="battle-history"><small>The opposing Haunter lost some of its HP!</small><br></div><div class="spacer battle-history"><br></div><div class="battle-history">Stunfisk used <strong>Discharge</strong>!<br></div><div class="battle-history"><small>(The opposing Haunter lost <abbr title="−132/231">57.1%</abbr> of its health!)</small><br></div><div class="spacer battle-history"><br></div><div class="battle-history"><small>Stunfisk restored a little HP using its Leftovers!</small><br></div><div class="spacer battle-history"><br></div><h2 class="battle-history">Turn 2</h2><div class="spacer battle-history"><br></div><div class="battle-history">The opposing Haunter used <strong>Destiny Bond</strong>!<br></div><div class="battle-history">The opposing Haunter is hoping to take its attacker down with it!<br></div><div class="spacer battle-history"><br></div><div class="battle-history">Stunfisk used <strong>Stealth Rock</strong>!<br></div><div class="battle-history"><small>Pointed stones float in the air around the opposing team!</small><br></div><div class="spacer battle-history"><br></div><div class="battle-history"><small>Stunfisk restored a little HP using its Leftovers!</small><br></div><div class="spacer battle-history"><br></div><h2 class="battle-history">Turn 3</h2><div class="spacer battle-history"><br></div><div class="battle-history">Stunfisk, come back!<br></div><div class="battle-history">Go! <strong>Pyroar</strong>!<br></div><div class="spacer battle-history"><br></div><div class="battle-history">The opposing Haunter used <strong>Destiny Bond</strong>!<br></div><div class="battle-history">The opposing Haunter is hoping to take its attacker down with it!<br></div><div class="spacer battle-history"><br></div><h2 class="battle-history">Turn 4</h2><div class="spacer battle-history"><br></div><div class="battle-history">Pyroar, come back!<br></div><div class="battle-history">Go! <strong>Quagsire</strong>!<br></div><div class="spacer battle-history"><br></div><div class="battle-history">The opposing Haunter used <strong>Sludge Bomb</strong>!<br></div><div class="battle-history"><small>It's not very effective...</small><br></div><div class="battle-history"><small>(Quagsire lost <abbr title="−140/394">35.5%</abbr> of its health!)</small><br></div><div class="battle-history"><small>Quagsire was poisoned!</small><br></div><div class="battle-history"><small>The opposing Haunter lost some of its HP!</small><br></div><div class="spacer battle-history"><br></div><div class="battle-history"><small>Quagsire restored a little HP using its Leftovers!</small><br></div><div class="battle-history"><small>Quagsire was hurt by poison!</small><br></div><div class="spacer battle-history"><br></div><h2 class="battle-history">Turn 5</h2><div class="spacer battle-history"><br></div><div class="battle-history">Quagsire, come back!<br></div><div class="battle-history">Go! <strong>Pyroar</strong>!<br></div><div class="spacer battle-history"><br></div><div class="battle-history">The opposing Haunter used <strong>Shadow Ball</strong>!<br></div><div class="battle-history"><small>It doesn't affect Pyroar...</small><br></div><div class="spacer battle-history"><br></div><h2 class="battle-history">Turn 6</h2><div class="spacer battle-history"><br></div><div class="battle-history">Pyroar used <strong>Fire Fang</strong>!<br></div><div class="battle-history"><small>The opposing Haunter avoided the attack!</small><br></div><div class="spacer battle-history"><br></div><div class="battle-history">The opposing Haunter used <strong>Sludge Bomb</strong>!<br></div><div class="battle-history"><small>(Pyroar lost <abbr title="−263/313">84.0%</abbr> of its health!)</small><br></div><div class="battle-history"><small>Pyroar was poisoned!</small><br></div><div class="battle-history"><small>The opposing Haunter lost some of its HP!</small><br></div><div class="spacer battle-history"><br></div><div class="battle-history"><small>Pyroar was hurt by poison!</small><br></div><div class="spacer battle-history"><br></div><h2 class="battle-history">Turn 7</h2><div class="spacer battle-history"><br></div><div class="battle-history">Pyroar used <strong>Fire Fang</strong>!<br></div><div class="battle-history"><small>(The opposing Haunter lost <abbr title="−30/231">13.0%</abbr> of its health!)</small><br></div><div class="spacer battle-history"><br></div><div class="battle-history">The opposing Haunter fainted!<br></div><div class="battle-history"><small>[Pyroar's Moxie]</small><br></div><div class="battle-history"><small>Pyroar's Attack rose!</small><br></div><div class="spacer battle-history"><br></div><div class="battle-history"><small>Pyroar was hurt by poison!</small><br></div><div class="spacer battle-history"><br></div><div class="battle-history">Pyroar fainted!<br></div><div class="spacer battle-history"><br></div><div class="battle-history">Mega-Amphi sent out <strong>Claydol</strong>!<br></div><div class="spacer battle-history"><br></div><div class="battle-history">Go! <strong>Kecleon</strong>!<br></div><div class="battle-history"><small>Pointed stones dug into the opposing Claydol!</small><br></div><div class="spacer battle-history"><br></div><h2 class="battle-history">Turn 8</h2><div class="spacer battle-history"><br></div><div class="battle-history">The opposing Claydol used <strong>Rapid Spin</strong>!<br></div><div class="battle-history"><small>(Kecleon lost <abbr title="−13/324">4.0%</abbr> of its health!)</small><br></div><div class="battle-history"><small>The pointed stones disappeared from around the opposing team!</small><br></div><div class="spacer battle-history"><br></div><div class="battle-history">Kecleon used <strong>Knock Off</strong>!<br></div><div class="spacer battle-history"><br></div><div class="battle-history"><small>[Kecleon's Protean]</small><br><small>Kecleon transformed into the Dark type!</small><br></div><div class="battle-history"><small>It's super effective!</small><br></div><div class="battle-history"><small>(The opposing Claydol lost <abbr title="−242/294">82.3%</abbr> of its health!)</small><br></div><div class="battle-history"><small>Kecleon knocked off the opposing Claydol's Leftovers!</small><br></div><div class="spacer battle-history"><br></div><h2 class="battle-history">Turn 9</h2><div class="spacer battle-history"><br></div><div class="battle-history">The opposing Claydol used <strong>Dazzling Gleam</strong>!<br></div><div class="battle-history"><small>It's super effective!</small><br></div><div class="battle-history"><small>(Kecleon lost <abbr title="−68/324">21.0%</abbr> of its health!)</small><br></div><div class="spacer battle-history"><br></div><div class="battle-history">Kecleon used <strong>Drain Punch</strong>!<br></div><div class="spacer battle-history"><br></div><div class="battle-history"><small>[Kecleon's Protean]</small><br><small>Kecleon transformed into the Fighting type!</small><br></div><div class="battle-history"><small>It's not very effective...</small><br></div><div class="battle-history"><small>(The opposing Claydol lost <abbr title="−34/294">11.6%</abbr> of its health!)</small><br></div><div class="battle-history"><small>The opposing Claydol had its energy drained!</small><br></div><div class="spacer battle-history"><br></div><div class="battle-history">The opposing Claydol fainted!<br></div><div class="spacer battle-history"><br></div><div class="battle-history">Mega-Amphi sent out <strong>Charizard</strong>!<br></div><div class="spacer battle-history"><br></div><h2 class="battle-history">Turn 10</h2><div class="spacer battle-history"><br></div><div class="battle-history">The opposing Charizard used <strong>Air Slash</strong>!<br></div><div class="battle-history"><small>It's super effective!</small><br></div><div class="battle-history"><small>(Kecleon lost <abbr title="−166/324">51.2%</abbr> of its health!)</small><br></div><div class="battle-history"><small>The opposing Charizard lost some of its HP!</small><br></div><div class="spacer battle-history"><br></div><div class="battle-history">Kecleon used <strong>Knock Off</strong>!<br></div><div class="spacer battle-history"><br></div><div class="battle-history"><small>[Kecleon's Protean]</small><br><small>Kecleon transformed into the Dark type!</small><br></div><div class="battle-history"><small>(The opposing Charizard lost <abbr title="−178/297">59.9%</abbr> of its health!)</small><br></div><div class="battle-history"><small>Kecleon knocked off the opposing Charizard's Life Orb!</small><br></div><div class="spacer battle-history"><br></div><h2 class="battle-history">Turn 11</h2><div class="spacer battle-history"><br></div><div class="battle-history">Kecleon, come back!<br></div><div class="battle-history">Go! <strong>Stunfisk</strong>!<br></div><div class="spacer battle-history"><br></div><div class="battle-history">The opposing Charizard used <strong>Roost</strong>!<br></div><div class="battle-history"><small>The opposing Charizard restored its HP.</small><br></div><div class="spacer battle-history"><br></div><div class="battle-history"><small>Stunfisk restored a little HP using its Leftovers!</small><br></div><div class="spacer battle-history"><br></div><h2 class="battle-history">Turn 12</h2><div class="spacer battle-history"><br></div><div class="battle-history">Mega-Amphi withdrew Charizard!<br></div><div class="battle-history">Mega-Amphi sent out <strong>Electivire</strong>!<br></div><div class="spacer battle-history"><br></div><div class="battle-history">Stunfisk used <strong>Surf</strong>!<br></div><div class="battle-history"><small>(The opposing Electivire lost <abbr title="−67/291">23.0%</abbr> of its health!)</small><br></div><div class="spacer battle-history"><br></div><div class="battle-history"><small>Stunfisk restored a little HP using its Leftovers!</small><br></div><div class="spacer battle-history"><br></div><h2 class="battle-history">Turn 13</h2><div class="spacer battle-history"><br></div><div class="battle-history">The opposing Electivire used <strong>Earthquake</strong>!<br></div><div class="battle-history"><small>It's super effective!</small><br></div><div class="battle-history"><small>(Stunfisk lost <abbr title="−325/422">77.0%</abbr> of its health!)</small><br></div><div class="battle-history"><small>The opposing Electivire lost some of its HP!</small><br></div><div class="spacer battle-history"><br></div><div class="battle-history">Stunfisk used <strong>Earth Power</strong>!<br></div><div class="battle-history"><small>It's super effective!</small><br></div><div class="battle-history"><small>(The opposing Electivire lost <abbr title="−195/291">67.0%</abbr> of its health!)</small><br></div><div class="spacer battle-history"><br></div><div class="battle-history">The opposing Electivire fainted!<br></div><div class="spacer battle-history"><br></div><div class="battle-history"><small>Stunfisk restored a little HP using its Leftovers!</small><br></div><div class="spacer battle-history"><br></div><div class="battle-history">Mega-Amphi sent out <strong>Charizard</strong>!<br></div><div class="spacer battle-history"><br></div><h2 class="battle-history">Turn 14</h2><div class="spacer battle-history"><br></div><div class="battle-history">The opposing Charizard used <strong>Flamethrower</strong>!<br></div><div class="battle-history"><small>A critical hit!</small><br></div><div class="battle-history"><small>(Stunfisk lost <abbr title="−83/422">19.7%</abbr> of its health!)</small><br></div><div class="spacer battle-history"><br></div><div class="battle-history">Stunfisk fainted!<br></div><div class="spacer battle-history"><br></div><div class="battle-history">Go! <strong>Kecleon</strong>!<br></div><div class="spacer battle-history"><br></div><h2 class="battle-history">Turn 15</h2><div class="spacer battle-history"><br></div><div class="battle-history">The opposing Charizard used <strong>Flamethrower</strong>!<br></div><div class="battle-history"><small>(Kecleon lost <abbr title="−81/324">25%</abbr> of its health!)</small><br></div><div class="battle-history"><small>Kecleon was burned!</small><br></div><div class="spacer battle-history"><br></div><div class="battle-history">Kecleon used <strong>Knock Off</strong>!<br></div><div class="spacer battle-history"><br></div><div class="battle-history"><small>[Kecleon's Protean]</small><br><small>Kecleon transformed into the Dark type!</small><br></div><div class="battle-history"><small>(The opposing Charizard lost <abbr title="−60/297">20.2%</abbr> of its health!)</small><br></div><div class="spacer battle-history"><br></div><div class="battle-history"><small>Kecleon was hurt by its burn!</small><br></div><div class="spacer battle-history"><br></div><div class="battle-history">Kecleon fainted!<br></div><div class="spacer battle-history"><br></div><div class="battle-history">Go! <strong>Quagsire</strong>!<br></div><div class="spacer battle-history"><br></div><h2 class="battle-history">Turn 16</h2><div class="spacer battle-history"><br></div><div class="battle-history">Mega-Amphi withdrew Charizard!<br></div><div class="battle-history">Mega-Amphi sent out <strong>Malamar</strong>!<br></div><div class="spacer battle-history"><br></div><div class="battle-history">Quagsire used <strong>Scald</strong>!<br></div><div class="battle-history"><small>(The opposing Malamar lost <abbr title="−63/329">19.1%</abbr> of its health!)</small><br></div><div class="spacer battle-history"><br></div><div class="battle-history"><small>The opposing Malamar restored a little HP using its Leftovers!</small><br></div><div class="battle-history"><small>Quagsire restored a little HP using its Leftovers!</small><br></div><div class="battle-history"><small>Quagsire was hurt by poison!</small><br></div><div class="spacer battle-history"><br></div><h2 class="battle-history">Turn 17</h2><div class="spacer battle-history"><br></div><div class="battle-history">The opposing Malamar used <strong>Knock Off</strong>!<br></div><div class="battle-history"><small>(Quagsire lost <abbr title="−99/394">25.1%</abbr> of its health!)</small><br></div><div class="battle-history"><small>The opposing Malamar knocked off Quagsire's Leftovers!</small><br></div><div class="spacer battle-history"><br></div><div class="battle-history">Quagsire used <strong>Toxic</strong>!<br></div><div class="battle-history"><small>The opposing Malamar was badly poisoned!</small><br></div><div class="spacer battle-history"><br></div><div class="battle-history"><small>The opposing Malamar restored a little HP using its Leftovers!</small><br></div><div class="battle-history"><small>The opposing Malamar was hurt by poison!</small><br></div><div class="battle-history"><small>Quagsire was hurt by poison!</small><br></div><div class="spacer battle-history"><br></div><h2 class="battle-history">Turn 18</h2><div class="spacer battle-history"><br></div><div class="battle-history">The opposing Malamar used <strong>Superpower</strong>!<br></div><div class="battle-history"><small>(Quagsire lost <abbr title="−56/394">14.2%</abbr> of its health!)</small><br></div><div class="battle-history"><small>The opposing Malamar's Attack rose!</small><br></div><div class="battle-history"><small>The opposing Malamar's Defense rose!</small><br></div><div class="spacer battle-history"><br></div><div class="battle-history">Quagsire fainted!<br></div><div class="spacer battle-history"><br></div><div class="battle-history"><small>The opposing Malamar restored a little HP using its Leftovers!</small><br></div><div class="battle-history"><small>The opposing Malamar was hurt by poison!</small><br></div><div class="spacer battle-history"><br></div><div class="battle-history">Go! <strong>Hitmonchan</strong>!<br></div><div class="spacer battle-history"><br></div><h2 class="battle-history">Turn 19</h2><div class="spacer battle-history"><br></div><div class="battle-history">Hitmonchan used <strong>Close Combat</strong>!<br></div><div class="battle-history"><small>(The opposing Malamar lost <abbr title="−130/329">39.5%</abbr> of its health!)</small><br></div><div class="battle-history"><small>Hitmonchan's Defense fell!</small><br></div><div class="battle-history"><small>Hitmonchan's Special Defense fell!</small><br></div><div class="spacer battle-history"><br></div><div class="battle-history">The opposing Malamar used <strong>Superpower</strong>!<br></div><div class="battle-history"><small>(Hitmonchan lost <abbr title="−243/243">100%</abbr> of its health!)</small><br></div><div class="battle-history"><small>The opposing Malamar's Attack rose!</small><br></div><div class="battle-history"><small>The opposing Malamar's Defense rose!</small><br></div><div class="spacer battle-history"><br></div><div class="battle-history">Hitmonchan fainted!<br></div><div class="spacer battle-history"><br></div><div class="battle-history"><small>The opposing Malamar restored a little HP using its Leftovers!</small><br></div><div class="battle-history"><small>The opposing Malamar was hurt by poison!</small><br></div><div class="spacer battle-history"><br></div><div class="battle-history">Go! <strong>Exeggutor</strong>!<br></div><div class="spacer battle-history"><br></div><h2 class="battle-history">Turn 20</h2><div class="spacer battle-history"><br></div><div class="battle-history">The opposing Malamar used <strong>Rest</strong>!<br></div><div class="battle-history"><small>The opposing Malamar fell asleep!</small><br></div><div class="battle-history"><small>The opposing Malamar slept and became healthy!</small><br></div><div class="spacer battle-history"><br></div><div class="battle-history">Exeggutor used <strong>Trick Room</strong>!<br></div><div class="battle-history"><small>Exeggutor twisted the dimensions!</small><br></div><div class="spacer battle-history"><br></div><h2 class="battle-history">Turn 21</h2><div class="spacer battle-history"><br></div><div class="battle-history">Exeggutor used <strong>Energy Ball</strong>!<br></div><div class="battle-history"><small>(The opposing Malamar lost <abbr title="−208/329">63.2%</abbr> of its health!)</small><br></div><div class="battle-history"><small>Exeggutor lost some of its HP!</small><br></div><div class="spacer battle-history"><br></div><div class="battle-history">The opposing Malamar is fast asleep.<br></div><div class="spacer battle-history"><br></div><div class="battle-history">The opposing Malamar used <strong>Sleep Talk</strong>!<br></div><div class="spacer battle-history"><br></div><div class="battle-history">The opposing Malamar used <strong>Knock Off</strong>!<br></div><div class="battle-history"><small>It's super effective!</small><br></div><div class="battle-history"><small>(Exeggutor lost <abbr title="−355/394">90.1%</abbr> of its health!)</small><br></div><div class="battle-history"><small>The opposing Malamar knocked off Exeggutor's Life Orb!</small><br></div><div class="spacer battle-history"><br></div><div class="battle-history">Exeggutor fainted!<br></div><div class="spacer battle-history"><br></div><div class="battle-history"><strong>Mega-Amphi</strong> won the battle!<br></div><div class="chat">MoreThanAFan's rating: 1202 → <strong>1167</strong><br>(-35 for losing)</div><div class="chat">Mega-Amphi's rating: 1051 → <strong>1096</strong><br>(+45 for winning)</div><div class="chat chatmessage-megaamphi"><strong style="color:hsl(233,75%,62.33452545163854%)"><small>★</small><span class="username" data-name="Mega-Amphi">Mega-Amphi</span>:</strong> <em>gg</em></div><div class="chat"><small>MoreThanAFan left.</small></div></div><div class="inner-preempt"></div></div></div>
</div>
<script>
let daily = Math.floor(Date.now()/1000/60/60/24);document.write('<script src="https://play.pokemonshowdown.com/js/replay-embed.js?version'+daily+'"></'+'script>');
</script>
