<!DOCTYPE html>
<meta charset="utf-8" />
<!-- version 1 -->
<title>NU replay: Greenheroes vs. Imparfait</title>
<style>
html,body {font-family:Verdana, sans-serif;font-size:10pt;margin:0;padding:0;}body{padding:12px 0;} .battle-log {font-family:Verdana, sans-serif;font-size:10pt;} .battle-log-inline {border:1px solid #AAAAAA;background:#EEF2F5;color:black;max-width:640px;margin:0 auto 80px;padding-bottom:5px;} .battle-log .inner {padding:4px 8px 0px 8px;} .battle-log .inner-preempt {padding:0 8px 4px 8px;} .battle-log .inner-after {margin-top:0.5em;} .battle-log h2 {margin:0.5em -8px;padding:4px 8px;border:1px solid #AAAAAA;background:#E0E7EA;border-left:0;border-right:0;font-family:Verdana, sans-serif;font-size:13pt;} .battle-log .chat {vertical-align:middle;padding:3px 0 3px 0;font-size:8pt;} .battle-log .chat strong {color:#40576A;} .battle-log .chat em {padding:1px 4px 1px 3px;color:#000000;font-style:normal;} .chat.mine {background:rgba(0,0,0,0.05);margin-left:-8px;margin-right:-8px;padding-left:8px;padding-right:8px;} .spoiler {color:#BBBBBB;background:#BBBBBB;padding:0px 3px;} .spoiler:hover, .spoiler:active, .spoiler-shown {color:#000000;background:#E2E2E2;padding:0px 3px;} .spoiler a {color:#BBBBBB;} .spoiler:hover a, .spoiler:active a, .spoiler-shown a {color:#2288CC;} .chat code, .chat .spoiler:hover code, .chat .spoiler:active code, .chat .spoiler-shown code {border:1px solid #C0C0C0;background:#EEEEEE;color:black;padding:0 2px;} .chat .spoiler code {border:1px solid #CCCCCC;background:#CCCCCC;color:#CCCCCC;} .battle-log .rated {padding:3px 4px;} .battle-log .rated strong {color:white;background:#89A;padding:1px 4px;border-radius:4px;} .spacer {margin-top:0.5em;} .message-announce {background:#6688AA;color:white;padding:1px 4px 2px;} .message-announce a, .broadcast-green a, .broadcast-blue a, .broadcast-red a {color:#DDEEFF;} .broadcast-green {background-color:#559955;color:white;padding:2px 4px;} .broadcast-blue {background-color:#6688AA;color:white;padding:2px 4px;} .infobox {border:1px solid #6688AA;padding:2px 4px;} .infobox-limited {max-height:200px;overflow:auto;overflow-x:hidden;} .broadcast-red {background-color:#AA5544;color:white;padding:2px 4px;} .message-learn-canlearn {font-weight:bold;color:#228822;text-decoration:underline;} .message-learn-cannotlearn {font-weight:bold;color:#CC2222;text-decoration:underline;} .message-effect-weak {font-weight:bold;color:#CC2222;} .message-effect-resist {font-weight:bold;color:#6688AA;} .message-effect-immune {font-weight:bold;color:#666666;} .message-learn-list {margin-top:0;margin-bottom:0;} .message-throttle-notice, .message-error {color:#992222;} .message-overflow, .chat small.message-overflow {font-size:0pt;} .message-overflow::before {font-size:9pt;content:'...';} .subtle {color:#3A4A66;}
</style>
<div class="wrapper replay-wrapper" style="max-width:1180px;margin:0 auto">
<input type="hidden" name="replayid" value="pokestrat-nu-3094" />
<div class="battle"></div><div class="battle-log"></div><div class="replay-controls"></div><div class="replay-controls-2"></div>
<h1 style="font-weight:normal;text-align:center"><strong>NU</strong><br /><a href="http://pokemonshowdown.com/users/greenheroes" class="subtle" target="_blank">Greenheroes</a> vs. <a href="http://pokemonshowdown.com/users/imparfait" class="subtle" target="_blank">Imparfait</a></h1>
<script type="text/plain" class="battle-log-data">|j|Greenheroes
|j|Imparfait
|player|p1|Greenheroes|25
|player|p2|Imparfait|103
|gametype|singles
|gen|6
|tier|NU
|seed|49973,60088,10868,58742
|rule|Sleep Clause Mod: Limit one foe put to sleep
|rule|Species Clause: Limit one of each Pokémon
|rule|OHKO Clause: OHKO moves are banned
|rule|Moody Clause: Moody is banned
|rule|Evasion Moves Clause: Evasion moves are banned
|rule|Endless Battle Clause: Forcing endless battles is banned
|rule|HP Percentage Mod: HP is shown in percentages
|clearpoke
|poke|p1|Malamar, F|item
|poke|p1|Magmortar, M|item
|poke|p1|Mismagius, M|item
|poke|p1|Gastrodon, M|item
|poke|p1|Aggron, M|item
|poke|p1|Miltank, F|item
|poke|p2|Carracosta, M|item
|poke|p2|Xatu, F|item
|poke|p2|Weezing, M|item
|poke|p2|Throh, M|item
|poke|p2|Rotom|item
|poke|p2|Shiftry, M|item
|rule|Swagger Clause: Swagger is banned
|rule|Baton Pass Clause: Limit one Baton Passer, can't pass Spe and other stats simultaneously
|teampreview
|c|☆Imparfait|gl hf :)))
|c|☆Greenheroes|bonne chance
|choice|team 1, team 2, team 3, team 4, team 5, team 6|team 5, team 2, team 3, team 4, team 1, team 6
|
|start
|switch|p1a: Malamar|Malamar, F|375\/375
|switch|p2a: Rotom|Rotom|241\/241
|turn|1
|choice|move substitute|move trick
|
|move|p2a: Rotom|Trick|p1a: Malamar
|-activate|p2a: Rotom|move: Trick|[of] p1a: Malamar
|-item|p1a: Malamar|Choice Scarf|[from] move: Trick
|-item|p2a: Rotom|Leftovers|[from] move: Trick
|move|p1a: Malamar|Substitute|p1a: Malamar
|-start|p1a: Malamar|Substitute
|-damage|p1a: Malamar|282\/375
|
|upkeep
|turn|2
|choice|switch 2|switch 4
|
|switch|p1a: Magmortar|Magmortar, M|291\/291
|switch|p2a: Throh|Throh, M|444\/444
|
|upkeep
|turn|3
|choice|move fireblast|move stormthrow
|
|move|p1a: Magmortar|Fire Blast|p2a: Throh|[miss]
|-miss|p1a: Magmortar|p2a: Throh
|move|p2a: Throh|Storm Throw|p1a: Magmortar
|-crit|p1a: Magmortar
|-damage|p1a: Magmortar|155\/291
|
|upkeep
|turn|4
|c|☆Greenheroes|!dt Throh
|c|~|\/data-pokemon Throh
|raw|<font size="1"><font color="#686868">Dex#:<\/font> 538&nbsp;|&ThickSpace;<font color="#686868">Gen:<\/font> 5&nbsp;|&ThickSpace;<font color="#686868">Height:<\/font> 1.3 m&nbsp;|&ThickSpace;<font color="#686868">Weight:<\/font> 55.5 kg <em>(80 BP)<\/em>&nbsp;|&ThickSpace;<font color="#686868">Dex Colour:<\/font> Red&nbsp;|&ThickSpace;<font color="#686868">Egg Group(s):<\/font> Human-Like&nbsp;|&ThickSpace;<font color="#686868">Does Not Evolve<\/font><\/font>
|choice|move fireblast|move stormthrow
|
|move|p1a: Magmortar|Fire Blast|p2a: Throh
|-damage|p2a: Throh|282\/444
|move|p2a: Throh|Storm Throw|p1a: Magmortar
|-crit|p1a: Magmortar
|-damage|p1a: Magmortar|0 fnt
|-status|p2a: Throh|brn|[from] ability: Flame Body|[of] p1a: Magmortar
|faint|p1a: Magmortar
|
|-heal|p2a: Throh|309\/444 brn|[from] item: Leftovers
|-damage|p2a: Throh|254\/444 brn|[from] brn
|upkeep
|c|☆Imparfait|oh
|c|☆Imparfait|merci
|c|☆Imparfait|!dt guts
|c|~|\/data-ability Guts
|raw|<font size="1"><\/font>
|choice|switch 3|
|
|switch|p1a: Mismagius|Mismagius, M|261\/261
|turn|5
|choice|move substitute|switch 5
|
|switch|p2a: Carracosta|Carracosta, M|352\/352
|move|p1a: Mismagius|Substitute|p1a: Mismagius
|-start|p1a: Mismagius|Substitute
|-damage|p1a: Mismagius|196\/261
|
|upkeep
|turn|6
|choice|move nastyplot|move knockoff
|
|move|p1a: Mismagius|Nasty Plot|p1a: Mismagius
|-boost|p1a: Mismagius|spa|2
|move|p2a: Carracosta|Knock Off|p1a: Mismagius
|-supereffective|p1a: Mismagius
|-crit|p1a: Mismagius
|-end|p1a: Mismagius|Substitute
|
|upkeep
|turn|7
|choice|move shadowball|move knockoff
|
|move|p1a: Mismagius|Shadow Ball|p2a: Carracosta
|-damage|p2a: Carracosta|118\/352
|move|p2a: Carracosta|Knock Off|p1a: Mismagius
|-supereffective|p1a: Mismagius
|-enditem|p1a: Mismagius|Colbur Berry|[eat]
|-enditem|p1a: Mismagius|Colbur Berry|[weaken]
|-damage|p1a: Mismagius|66\/261
|
|-heal|p2a: Carracosta|140\/352|[from] item: Leftovers
|upkeep
|turn|8
|choice|move shadowball|move knockoff
|
|move|p1a: Mismagius|Shadow Ball|p2a: Carracosta
|-damage|p2a: Carracosta|0 fnt
|faint|p2a: Carracosta
|
|upkeep
|choice||switch 6
|
|switch|p2a: Shiftry|Shiftry, M|321\/321
|turn|9
|choice|move substitute|move knockoff
|
|move|p1a: Mismagius|Substitute|p1a: Mismagius
|-start|p1a: Mismagius|Substitute
|-damage|p1a: Mismagius|1\/261
|move|p2a: Shiftry|Knock Off|p1a: Mismagius
|-supereffective|p1a: Mismagius
|-end|p1a: Mismagius|Substitute
|-damage|p2a: Shiftry|289\/321|[from] item: Life Orb
|
|upkeep
|turn|10
|choice|move dazzlinggleam|move suckerpunch
|
|move|p2a: Shiftry|Sucker Punch|p1a: Mismagius
|-supereffective|p1a: Mismagius
|-damage|p1a: Mismagius|0 fnt
|-damage|p2a: Shiftry|257\/321|[from] item: Life Orb
|faint|p1a: Mismagius
|
|upkeep
|choice|switch 2|
|
|switch|p1a: Malamar|Malamar, F|282\/375
|turn|11
|choice|move knockoff|switch 4
|
|switch|p2a: Rotom|Rotom|241\/241
|move|p1a: Malamar|Knock Off|p2a: Rotom
|-supereffective|p2a: Rotom
|-damage|p2a: Rotom|0 fnt
|-enditem|p2a: Rotom|Leftovers|[from] move: Knock Off|[of] p1a: Malamar
|faint|p2a: Rotom
|
|upkeep
|choice||switch 5
|
|switch|p2a: Throh|Throh, M|254\/444 brn
|turn|12
|choice|move knockoff|move bulkup
|
|move|p1a: Malamar|Knock Off|p2a: Throh
|-resisted|p2a: Throh
|-crit|p2a: Throh
|-damage|p2a: Throh|167\/444 brn
|-enditem|p2a: Throh|Leftovers|[from] move: Knock Off|[of] p1a: Malamar
|move|p2a: Throh|Bulk Up|p2a: Throh
|-boost|p2a: Throh|atk|1
|-boost|p2a: Throh|def|1
|
|-damage|p2a: Throh|112\/444 brn|[from] brn
|upkeep
|turn|13
|c|☆Imparfait|e
|c|☆Imparfait|le crit
|choice|switch 4|move rest
|
|switch|p1a: Gastrodon|Gastrodon, M|426\/426
|move|p2a: Throh|Rest|p2a: Throh
|-status|p2a: Throh|slp
|-heal|p2a: Throh|444\/444 slp|[silent]
|-status|p2a: Throh|slp|[from] move: Rest
|
|upkeep
|turn|14
|choice|switch 4|move sleeptalk
|
|switch|p1a: Malamar|Malamar, F|282\/375
|cant|p2a: Throh|slp
|move|p2a: Throh|Sleep Talk|p2a: Throh
|move|p2a: Throh|Bulk Up|p2a: Throh|[from]Sleep Talk
|-boost|p2a: Throh|atk|1
|-boost|p2a: Throh|def|1
|
|upkeep
|turn|15
|choice|move superpower|move sleeptalk
|
|move|p1a: Malamar|Superpower|p2a: Throh
|-damage|p2a: Throh|394\/444 slp
|-boost|p1a: Malamar|atk|1
|-boost|p1a: Malamar|def|1
|cant|p2a: Throh|slp
|move|p2a: Throh|Sleep Talk|p2a: Throh
|move|p2a: Throh|Rest|p2a: Throh|[from]Sleep Talk
|-fail|p2a: Throh
|
|upkeep
|turn|16
|choice|move superpower|move stormthrow
|
|move|p1a: Malamar|Superpower|p2a: Throh
|-damage|p2a: Throh|323\/444 slp
|-boost|p1a: Malamar|atk|1
|-boost|p1a: Malamar|def|1
|-curestatus|p2a: Throh|slp|[msg]
|move|p2a: Throh|Storm Throw|p1a: Malamar
|-crit|p1a: Malamar
|-damage|p1a: Malamar|54\/375
|
|upkeep
|turn|17
|choice|move superpower|move stormthrow
|
|move|p1a: Malamar|Superpower|p2a: Throh
|-damage|p2a: Throh|230\/444
|-boost|p1a: Malamar|atk|1
|-boost|p1a: Malamar|def|1
|move|p2a: Throh|Storm Throw|p1a: Malamar
|-crit|p1a: Malamar
|-damage|p1a: Malamar|0 fnt
|faint|p1a: Malamar
|
|upkeep
|choice|switch 4|
|
|switch|p1a: Gastrodon|Gastrodon, M|426\/426
|turn|18
|choice|move scald|move bulkup
|
|move|p2a: Throh|Bulk Up|p2a: Throh
|-boost|p2a: Throh|atk|1
|-boost|p2a: Throh|def|1
|move|p1a: Gastrodon|Scald|p2a: Throh
|-damage|p2a: Throh|158\/444
|
|upkeep
|turn|19
|choice|move earthpower|move bulkup
|
|move|p2a: Throh|Bulk Up|p2a: Throh
|-boost|p2a: Throh|atk|1
|-boost|p2a: Throh|def|1
|move|p1a: Gastrodon|Earth Power|p2a: Throh
|-damage|p2a: Throh|77\/444
|
|upkeep
|turn|20
|choice|move earthpower|move rest
|
|move|p2a: Throh|Rest|p2a: Throh
|-status|p2a: Throh|slp
|-heal|p2a: Throh|444\/444 slp|[silent]
|-status|p2a: Throh|slp|[from] move: Rest
|move|p1a: Gastrodon|Earth Power|p2a: Throh
|-damage|p2a: Throh|363\/444 slp
|
|upkeep
|turn|21
|choice|switch 6|move sleeptalk
|
|switch|p1a: Miltank|Miltank, F|394\/394
|cant|p2a: Throh|slp
|move|p2a: Throh|Sleep Talk|p2a: Throh
|move|p2a: Throh|Bulk Up|p2a: Throh|[from]Sleep Talk
|-boost|p2a: Throh|atk|1
|-boost|p2a: Throh|def|1
|
|upkeep
|turn|22
|choice|move bodyslam|move sleeptalk
|
|move|p1a: Miltank|Body Slam|p2a: Throh
|-damage|p2a: Throh|335\/444 slp
|cant|p2a: Throh|slp
|move|p2a: Throh|Sleep Talk|p2a: Throh
|move|p2a: Throh|Rest|p2a: Throh|[from]Sleep Talk
|-fail|p2a: Throh
|
|upkeep
|turn|23
|choice|move bodyslam|move stormthrow
|
|move|p1a: Miltank|Body Slam|p2a: Throh
|-damage|p2a: Throh|308\/444 slp
|-curestatus|p2a: Throh|slp|[msg]
|move|p2a: Throh|Storm Throw|p1a: Miltank
|-supereffective|p1a: Miltank
|-crit|p1a: Miltank
|-damage|p1a: Miltank|0 fnt
|faint|p1a: Miltank
|
|upkeep
|choice|switch 6|
|
|switch|p1a: Gastrodon|Gastrodon, M|426\/426
|turn|24
|choice|move earthpower|move stormthrow
|
|move|p2a: Throh|Storm Throw|p1a: Gastrodon
|-crit|p1a: Gastrodon
|-damage|p1a: Gastrodon|0 fnt
|faint|p1a: Gastrodon
|
|upkeep
|c|☆Imparfait|gg
|c|☆Greenheroes|c'est drôle mais quand j'ai eu envie de jouer throh je me suis fait crier dessus qu'il y avait bien mieux mais la je vois que je ne le touche pas mais alors pas du tout
|choice|switch 5|
|
|switch|p1a: Aggron|Aggron, M|281\/281
|turn|25
|c|☆Imparfait|ah lol
|c|☆Imparfait|moi j'ai Ladd avec cette équipe
|c|☆Imparfait|mais de pas possible
|c|☆Imparfait|aprés
|c|☆Imparfait|!dt throh
|c|~|\/data-pokemon Throh
|raw|<font size="1"><font color="#686868">Dex#:<\/font> 538&nbsp;|&ThickSpace;<font color="#686868">Gen:<\/font> 5&nbsp;|&ThickSpace;<font color="#686868">Height:<\/font> 1.3 m&nbsp;|&ThickSpace;<font color="#686868">Weight:<\/font> 55.5 kg <em>(80 BP)<\/em>&nbsp;|&ThickSpace;<font color="#686868">Dex Colour:<\/font> Red&nbsp;|&ThickSpace;<font color="#686868">Egg Group(s):<\/font> Human-Like&nbsp;|&ThickSpace;<font color="#686868">Does Not Evolve<\/font><\/font>
|choice|move headsmash|move stormthrow
|
|move|p1a: Aggron|Head Smash|p2a: Throh
|-resisted|p2a: Throh
|-damage|p2a: Throh|248\/444
|move|p2a: Throh|Storm Throw|p1a: Aggron
|-supereffective|p1a: Aggron
|-crit|p1a: Aggron
|-damage|p1a: Aggron|0 fnt
|faint|p1a: Aggron
|
|win|Imparfait
|c|☆Imparfait|gg
|c|☆Greenheroes|gg</script>
</div>
<div class="battle-log battle-log-inline"><div class="inner"><div class="battle-options"></div><div class="inner"><div class="chat"><small>Greenheroes joined.</small></div><div class="chat"><small>Imparfait joined.</small></div><div class=""><small>Format:</small> <br><strong>NU</strong></div><div class=""><small><em>Sleep Clause Mod:</em> Limit one foe put to sleep</small></div><div class=""><small><em>Species Clause:</em> Limit one of each Pokémon</small></div><div class=""><small><em>OHKO Clause:</em> OHKO moves are banned</small></div><div class=""><small><em>Moody Clause:</em> Moody is banned</small></div><div class=""><small><em>Evasion Moves Clause:</em> Evasion moves are banned</small></div><div class=""><small><em>Endless Battle Clause:</em> Forcing endless battles is banned</small></div><div class=""><small><em>HP Percentage Mod:</em> HP is shown in percentages</small></div><div class=""><small><em>Swagger Clause:</em> Swagger is banned</small></div><div class=""><small><em>Baton Pass Clause:</em> Limit one Baton Passer, can't pass Spe and other stats simultaneously</small></div><div class="chat battle-history"><strong>Greenheroes's team:</strong> <em style="color:#445566;display:block;">Malamar / Magmortar / Mismagius / Gastrodon / Aggron / Miltank</em></div><div class="chat battle-history"><strong>Imparfait's team:</strong> <em style="color:#445566;display:block;">Carracosta / Xatu / Weezing / Throh / Rotom / Shiftry</em></div><div class="chat chatmessage-imparfait"><strong style="color:hsl(210,44%,45%)"><small>☆</small><span class="username" data-name="Imparfait">Imparfait</span>:</strong> <em>gl hf :)))</em></div><div class="chat chatmessage-greenheroes"><strong style="color:hsl(265,74%,56.967384459884016%)"><small>☆</small><span class="username" data-name="Greenheroes">Greenheroes</span>:</strong> <em>bonne chance</em></div><div class="spacer battle-history"><br></div><div class="battle-history">Battle started between Greenheroes and Imparfait!<br></div><div class="spacer battle-history"><br></div><div class="battle-history">Go! <strong>Malamar</strong>!<br></div><div class="spacer battle-history"><br></div><div class="battle-history">Imparfait sent out <strong>Rotom</strong>!<br></div><div class="spacer battle-history"><br></div><h2 class="battle-history">Turn 1</h2><div class="spacer battle-history"><br></div><div class="battle-history">The opposing Rotom used <strong>Trick</strong>!<br></div><div class="battle-history"><small>The opposing Rotom switched items with its target!</small><br></div><div class="battle-history"><small>Malamar obtained one Choice Scarf.</small><br></div><div class="battle-history"><small>The opposing Rotom obtained one Leftovers.</small><br></div><div class="spacer battle-history"><br></div><div class="battle-history">Malamar used <strong>Substitute</strong>!<br></div><div class="battle-history"><small>Malamar put in a substitute!</small><br></div><div class="battle-history"><small>(Malamar lost <abbr title="−93/375">24.8%</abbr> of its health!)</small><br></div><div class="spacer battle-history"><br></div><h2 class="battle-history">Turn 2</h2><div class="spacer battle-history"><br></div><div class="battle-history">Malamar, come back!<br></div><div class="battle-history">Go! <strong>Magmortar</strong>!<br></div><div class="spacer battle-history"><br></div><div class="battle-history">Imparfait withdrew Rotom!<br></div><div class="battle-history">Imparfait sent out <strong>Throh</strong>!<br></div><div class="spacer battle-history"><br></div><h2 class="battle-history">Turn 3</h2><div class="spacer battle-history"><br></div><div class="battle-history">Magmortar used <strong>Fire Blast</strong>!<br></div><div class="battle-history"><small>The opposing Throh avoided the attack!</small><br></div><div class="spacer battle-history"><br></div><div class="battle-history">The opposing Throh used <strong>Storm Throw</strong>!<br></div><div class="battle-history"><small>A critical hit!</small><br></div><div class="battle-history"><small>(Magmortar lost <abbr title="−136/291">46.7%</abbr> of its health!)</small><br></div><div class="spacer battle-history"><br></div><h2 class="battle-history">Turn 4</h2><div class="chat chatmessage-greenheroes"><strong style="color:hsl(265,74%,56.967384459884016%)"><small>☆</small><span class="username" data-name="Greenheroes">Greenheroes</span>:</strong> <em>!dt Throh</em></div><div class="chat message-error">[outdated code no longer supported]</div><div class="chat"><font size="1"><font color="#686868">Dex#:</font> 538&nbsp;|  <font color="#686868">Gen:</font> 5&nbsp;|  <font color="#686868">Height:</font> 1.3 m&nbsp;|  <font color="#686868">Weight:</font> 55.5 kg <em>(80 BP)</em>&nbsp;|  <font color="#686868">Dex Colour:</font> Red&nbsp;|  <font color="#686868">Egg Group(s):</font> Human-Like&nbsp;|  <font color="#686868">Does Not Evolve</font></font></div><div class="spacer battle-history"><br></div><div class="battle-history">Magmortar used <strong>Fire Blast</strong>!<br></div><div class="battle-history"><small>(The opposing Throh lost <abbr title="−162/444">36.5%</abbr> of its health!)</small><br></div><div class="spacer battle-history"><br></div><div class="battle-history">The opposing Throh used <strong>Storm Throw</strong>!<br></div><div class="battle-history"><small>A critical hit!</small><br></div><div class="battle-history"><small>(Magmortar lost <abbr title="−155/291">53.3%</abbr> of its health!)</small><br></div><div class="battle-history"><small>[Magmortar's Flame Body]</small><br><small>The opposing Throh was burned!</small><br></div><div class="spacer battle-history"><br></div><div class="battle-history">Magmortar fainted!<br></div><div class="spacer battle-history"><br></div><div class="battle-history"><small>The opposing Throh restored a little HP using its Leftovers!</small><br></div><div class="battle-history"><small>The opposing Throh was hurt by its burn!</small><br></div><div class="chat chatmessage-imparfait"><strong style="color:hsl(210,44%,45%)"><small>☆</small><span class="username" data-name="Imparfait">Imparfait</span>:</strong> <em>oh</em></div><div class="chat chatmessage-imparfait"><strong style="color:hsl(210,44%,45%)"><small>☆</small><span class="username" data-name="Imparfait">Imparfait</span>:</strong> <em>merci</em></div><div class="chat chatmessage-imparfait"><strong style="color:hsl(210,44%,45%)"><small>☆</small><span class="username" data-name="Imparfait">Imparfait</span>:</strong> <em>!dt guts</em></div><div class="chat message-error">[outdated code no longer supported]</div><div class="chat"><font size="1"></font></div><div class="spacer battle-history"><br></div><div class="battle-history">Go! <strong>Mismagius</strong>!<br></div><div class="spacer battle-history"><br></div><h2 class="battle-history">Turn 5</h2><div class="spacer battle-history"><br></div><div class="battle-history">Imparfait withdrew Throh!<br></div><div class="battle-history">Imparfait sent out <strong>Carracosta</strong>!<br></div><div class="spacer battle-history"><br></div><div class="battle-history">Mismagius used <strong>Substitute</strong>!<br></div><div class="battle-history"><small>Mismagius put in a substitute!</small><br></div><div class="battle-history"><small>(Mismagius lost <abbr title="−65/261">24.9%</abbr> of its health!)</small><br></div><div class="spacer battle-history"><br></div><h2 class="battle-history">Turn 6</h2><div class="spacer battle-history"><br></div><div class="battle-history">Mismagius used <strong>Nasty Plot</strong>!<br></div><div class="battle-history"><small>Mismagius's Special Attack rose sharply!</small><br></div><div class="spacer battle-history"><br></div><div class="battle-history">The opposing Carracosta used <strong>Knock Off</strong>!<br></div><div class="battle-history"><small>It's super effective!</small><br></div><div class="battle-history"><small>A critical hit!</small><br></div><div class="battle-history"><small>Mismagius's substitute faded!</small><br></div><div class="spacer battle-history"><br></div><h2 class="battle-history">Turn 7</h2><div class="spacer battle-history"><br></div><div class="battle-history">Mismagius used <strong>Shadow Ball</strong>!<br></div><div class="battle-history"><small>(The opposing Carracosta lost <abbr title="−234/352">66.5%</abbr> of its health!)</small><br></div><div class="spacer battle-history"><br></div><div class="battle-history">The opposing Carracosta used <strong>Knock Off</strong>!<br></div><div class="battle-history"><small>It's super effective!</small><br></div><div class="battle-history"><small>Mismagius ate its Colbur Berry!</small><br></div><div class="battle-history"><small>The Colbur Berry weakened the damage to Mismagius!</small><br></div><div class="battle-history"><small>(Mismagius lost <abbr title="−130/261">49.8%</abbr> of its health!)</small><br></div><div class="spacer battle-history"><br></div><div class="battle-history"><small>The opposing Carracosta restored a little HP using its Leftovers!</small><br></div><div class="spacer battle-history"><br></div><h2 class="battle-history">Turn 8</h2><div class="spacer battle-history"><br></div><div class="battle-history">Mismagius used <strong>Shadow Ball</strong>!<br></div><div class="battle-history"><small>(The opposing Carracosta lost <abbr title="−140/352">39.8%</abbr> of its health!)</small><br></div><div class="spacer battle-history"><br></div><div class="battle-history">The opposing Carracosta fainted!<br></div><div class="spacer battle-history"><br></div><div class="battle-history">Imparfait sent out <strong>Shiftry</strong>!<br></div><div class="spacer battle-history"><br></div><h2 class="battle-history">Turn 9</h2><div class="spacer battle-history"><br></div><div class="battle-history">Mismagius used <strong>Substitute</strong>!<br></div><div class="battle-history"><small>Mismagius put in a substitute!</small><br></div><div class="battle-history"><small>(Mismagius lost <abbr title="−65/261">24.9%</abbr> of its health!)</small><br></div><div class="spacer battle-history"><br></div><div class="battle-history">The opposing Shiftry used <strong>Knock Off</strong>!<br></div><div class="battle-history"><small>It's super effective!</small><br></div><div class="battle-history"><small>Mismagius's substitute faded!</small><br></div><div class="battle-history"><small>The opposing Shiftry lost some of its HP!</small><br></div><div class="spacer battle-history"><br></div><h2 class="battle-history">Turn 10</h2><div class="spacer battle-history"><br></div><div class="battle-history">The opposing Shiftry used <strong>Sucker Punch</strong>!<br></div><div class="battle-history"><small>It's super effective!</small><br></div><div class="battle-history"><small>(Mismagius lost <abbr title="−1/261">0.4%</abbr> of its health!)</small><br></div><div class="battle-history"><small>The opposing Shiftry lost some of its HP!</small><br></div><div class="spacer battle-history"><br></div><div class="battle-history">Mismagius fainted!<br></div><div class="spacer battle-history"><br></div><div class="battle-history">Go! <strong>Malamar</strong>!<br></div><div class="spacer battle-history"><br></div><h2 class="battle-history">Turn 11</h2><div class="spacer battle-history"><br></div><div class="battle-history">Imparfait withdrew Shiftry!<br></div><div class="battle-history">Imparfait sent out <strong>Rotom</strong>!<br></div><div class="spacer battle-history"><br></div><div class="battle-history">Malamar used <strong>Knock Off</strong>!<br></div><div class="battle-history"><small>It's super effective!</small><br></div><div class="battle-history"><small>(The opposing Rotom lost <abbr title="−241/241">100%</abbr> of its health!)</small><br></div><div class="battle-history"><small>Malamar knocked off the opposing Rotom's Leftovers!</small><br></div><div class="spacer battle-history"><br></div><div class="battle-history">The opposing Rotom fainted!<br></div><div class="spacer battle-history"><br></div><div class="battle-history">Imparfait sent out <strong>Throh</strong>!<br></div><div class="spacer battle-history"><br></div><h2 class="battle-history">Turn 12</h2><div class="spacer battle-history"><br></div><div class="battle-history">Malamar used <strong>Knock Off</strong>!<br></div><div class="battle-history"><small>It's not very effective...</small><br></div><div class="battle-history"><small>A critical hit!</small><br></div><div class="battle-history"><small>(The opposing Throh lost <abbr title="−87/444">19.6%</abbr> of its health!)</small><br></div><div class="battle-history"><small>Malamar knocked off the opposing Throh's Leftovers!</small><br></div><div class="spacer battle-history"><br></div><div class="battle-history">The opposing Throh used <strong>Bulk Up</strong>!<br></div><div class="battle-history"><small>The opposing Throh's Attack rose!</small><br></div><div class="battle-history"><small>The opposing Throh's Defense rose!</small><br></div><div class="spacer battle-history"><br></div><div class="battle-history"><small>The opposing Throh was hurt by its burn!</small><br></div><div class="spacer battle-history"><br></div><h2 class="battle-history">Turn 13</h2><div class="chat chatmessage-imparfait"><strong style="color:hsl(210,44%,45%)"><small>☆</small><span class="username" data-name="Imparfait">Imparfait</span>:</strong> <em>e</em></div><div class="chat chatmessage-imparfait"><strong style="color:hsl(210,44%,45%)"><small>☆</small><span class="username" data-name="Imparfait">Imparfait</span>:</strong> <em>le crit</em></div><div class="spacer battle-history"><br></div><div class="battle-history">Malamar, come back!<br></div><div class="battle-history">Go! <strong>Gastrodon</strong>!<br></div><div class="spacer battle-history"><br></div><div class="battle-history">The opposing Throh used <strong>Rest</strong>!<br></div><div class="battle-history"><small>The opposing Throh fell asleep!</small><br></div><div class="battle-history"><small>The opposing Throh slept and became healthy!</small><br></div><div class="spacer battle-history"><br></div><h2 class="battle-history">Turn 14</h2><div class="spacer battle-history"><br></div><div class="battle-history">Gastrodon, come back!<br></div><div class="battle-history">Go! <strong>Malamar</strong>!<br></div><div class="spacer battle-history"><br></div><div class="battle-history">The opposing Throh is fast asleep.<br></div><div class="spacer battle-history"><br></div><div class="battle-history">The opposing Throh used <strong>Sleep Talk</strong>!<br></div><div class="spacer battle-history"><br></div><div class="battle-history">The opposing Throh used <strong>Bulk Up</strong>!<br></div><div class="battle-history"><small>The opposing Throh's Attack rose!</small><br></div><div class="battle-history"><small>The opposing Throh's Defense rose!</small><br></div><div class="spacer battle-history"><br></div><h2 class="battle-history">Turn 15</h2><div class="spacer battle-history"><br></div><div class="battle-history">Malamar used <strong>Superpower</strong>!<br></div><div class="battle-history"><small>(The opposing Throh lost <abbr title="−50/444">11.3%</abbr> of its health!)</small><br></div><div class="battle-history"><small>Malamar's Attack rose!</small><br></div><div class="battle-history"><small>Malamar's Defense rose!</small><br></div><div class="spacer battle-history"><br></div><div class="battle-history">The opposing Throh is fast asleep.<br></div><div class="spacer battle-history"><br></div><div class="battle-history">The opposing Throh used <strong>Sleep Talk</strong>!<br></div><div class="spacer battle-history"><br></div><div class="battle-history">The opposing Throh used <strong>Rest</strong>!<br></div><div class="battle-history"><small>But it failed!</small><br></div><div class="spacer battle-history"><br></div><h2 class="battle-history">Turn 16</h2><div class="spacer battle-history"><br></div><div class="battle-history">Malamar used <strong>Superpower</strong>!<br></div><div class="battle-history"><small>(The opposing Throh lost <abbr title="−71/444">16.0%</abbr> of its health!)</small><br></div><div class="battle-history"><small>Malamar's Attack rose!</small><br></div><div class="battle-history"><small>Malamar's Defense rose!</small><br></div><div class="battle-history"><small>The opposing Throh woke up!</small><br></div><div class="spacer battle-history"><br></div><div class="battle-history">The opposing Throh used <strong>Storm Throw</strong>!<br></div><div class="battle-history"><small>A critical hit!</small><br></div><div class="battle-history"><small>(Malamar lost <abbr title="−228/375">60.8%</abbr> of its health!)</small><br></div><div class="spacer battle-history"><br></div><h2 class="battle-history">Turn 17</h2><div class="spacer battle-history"><br></div><div class="battle-history">Malamar used <strong>Superpower</strong>!<br></div><div class="battle-history"><small>(The opposing Throh lost <abbr title="−93/444">20.9%</abbr> of its health!)</small><br></div><div class="battle-history"><small>Malamar's Attack rose!</small><br></div><div class="battle-history"><small>Malamar's Defense rose!</small><br></div><div class="spacer battle-history"><br></div><div class="battle-history">The opposing Throh used <strong>Storm Throw</strong>!<br></div><div class="battle-history"><small>A critical hit!</small><br></div><div class="battle-history"><small>(Malamar lost <abbr title="−54/375">14.4%</abbr> of its health!)</small><br></div><div class="spacer battle-history"><br></div><div class="battle-history">Malamar fainted!<br></div><div class="spacer battle-history"><br></div><div class="battle-history">Go! <strong>Gastrodon</strong>!<br></div><div class="spacer battle-history"><br></div><h2 class="battle-history">Turn 18</h2><div class="spacer battle-history"><br></div><div class="battle-history">The opposing Throh used <strong>Bulk Up</strong>!<br></div><div class="battle-history"><small>The opposing Throh's Attack rose!</small><br></div><div class="battle-history"><small>The opposing Throh's Defense rose!</small><br></div><div class="spacer battle-history"><br></div><div class="battle-history">Gastrodon used <strong>Scald</strong>!<br></div><div class="battle-history"><small>(The opposing Throh lost <abbr title="−72/444">16.2%</abbr> of its health!)</small><br></div><div class="spacer battle-history"><br></div><h2 class="battle-history">Turn 19</h2><div class="spacer battle-history"><br></div><div class="battle-history">The opposing Throh used <strong>Bulk Up</strong>!<br></div><div class="battle-history"><small>The opposing Throh's Attack rose!</small><br></div><div class="battle-history"><small>The opposing Throh's Defense rose!</small><br></div><div class="spacer battle-history"><br></div><div class="battle-history">Gastrodon used <strong>Earth Power</strong>!<br></div><div class="battle-history"><small>(The opposing Throh lost <abbr title="−81/444">18.2%</abbr> of its health!)</small><br></div><div class="spacer battle-history"><br></div><h2 class="battle-history">Turn 20</h2><div class="spacer battle-history"><br></div><div class="battle-history">The opposing Throh used <strong>Rest</strong>!<br></div><div class="battle-history"><small>The opposing Throh fell asleep!</small><br></div><div class="battle-history"><small>The opposing Throh slept and became healthy!</small><br></div><div class="spacer battle-history"><br></div><div class="battle-history">Gastrodon used <strong>Earth Power</strong>!<br></div><div class="battle-history"><small>(The opposing Throh lost <abbr title="−81/444">18.2%</abbr> of its health!)</small><br></div><div class="spacer battle-history"><br></div><h2 class="battle-history">Turn 21</h2><div class="spacer battle-history"><br></div><div class="battle-history">Gastrodon, come back!<br></div><div class="battle-history">Go! <strong>Miltank</strong>!<br></div><div class="spacer battle-history"><br></div><div class="battle-history">The opposing Throh is fast asleep.<br></div><div class="spacer battle-history"><br></div><div class="battle-history">The opposing Throh used <strong>Sleep Talk</strong>!<br></div><div class="spacer battle-history"><br></div><div class="battle-history">The opposing Throh used <strong>Bulk Up</strong>!<br></div><div class="battle-history"><small>The opposing Throh's Attack rose!</small><br></div><div class="battle-history"><small>The opposing Throh's Defense rose!</small><br></div><div class="spacer battle-history"><br></div><h2 class="battle-history">Turn 22</h2><div class="spacer battle-history"><br></div><div class="battle-history">Miltank used <strong>Body Slam</strong>!<br></div><div class="battle-history"><small>(The opposing Throh lost <abbr title="−28/444">6.3%</abbr> of its health!)</small><br></div><div class="spacer battle-history"><br></div><div class="battle-history">The opposing Throh is fast asleep.<br></div><div class="spacer battle-history"><br></div><div class="battle-history">The opposing Throh used <strong>Sleep Talk</strong>!<br></div><div class="spacer battle-history"><br></div><div class="battle-history">The opposing Throh used <strong>Rest</strong>!<br></div><div class="battle-history"><small>But it failed!</small><br></div><div class="spacer battle-history"><br></div><h2 class="battle-history">Turn 23</h2><div class="spacer battle-history"><br></div><div class="battle-history">Miltank used <strong>Body Slam</strong>!<br></div><div class="battle-history"><small>(The opposing Throh lost <abbr title="−27/444">6.1%</abbr> of its health!)</small><br></div><div class="battle-history"><small>The opposing Throh woke up!</small><br></div><div class="spacer battle-history"><br></div><div class="battle-history">The opposing Throh used <strong>Storm Throw</strong>!<br></div><div class="battle-history"><small>It's super effective!</small><br></div><div class="battle-history"><small>A critical hit!</small><br></div><div class="battle-history"><small>(Miltank lost <abbr title="−394/394">100%</abbr> of its health!)</small><br></div><div class="spacer battle-history"><br></div><div class="battle-history">Miltank fainted!<br></div><div class="spacer battle-history"><br></div><div class="battle-history">Go! <strong>Gastrodon</strong>!<br></div><div class="spacer battle-history"><br></div><h2 class="battle-history">Turn 24</h2><div class="spacer battle-history"><br></div><div class="battle-history">The opposing Throh used <strong>Storm Throw</strong>!<br></div><div class="battle-history"><small>A critical hit!</small><br></div><div class="battle-history"><small>(Gastrodon lost <abbr title="−426/426">100%</abbr> of its health!)</small><br></div><div class="spacer battle-history"><br></div><div class="battle-history">Gastrodon fainted!<br></div><div class="chat chatmessage-imparfait"><strong style="color:hsl(210,44%,45%)"><small>☆</small><span class="username" data-name="Imparfait">Imparfait</span>:</strong> <em>gg</em></div><div class="chat chatmessage-greenheroes"><strong style="color:hsl(265,74%,56.967384459884016%)"><small>☆</small><span class="username" data-name="Greenheroes">Greenheroes</span>:</strong> <em>c'est drôle mais quand j'ai eu envie de jouer throh je me suis fait crier dessus qu'il y avait bien mieux mais la je vois que je ne le touche pas mais alors pas du tout</em></div><div class="spacer battle-history"><br></div><div class="battle-history">Go! <strong>Aggron</strong>!<br></div><div class="spacer battle-history"><br></div><h2 class="battle-history">Turn 25</h2><div class="chat chatmessage-imparfait"><strong style="color:hsl(210,44%,45%)"><small>☆</small><span class="username" data-name="Imparfait">Imparfait</span>:</strong> <em>ah lol</em></div><div class="chat chatmessage-imparfait"><strong style="color:hsl(210,44%,45%)"><small>☆</small><span class="username" data-name="Imparfait">Imparfait</span>:</strong> <em>moi j'ai Ladd avec cette équipe</em></div><div class="chat chatmessage-imparfait"><strong style="color:hsl(210,44%,45%)"><small>☆</small><span class="username" data-name="Imparfait">Imparfait</span>:</strong> <em>mais de pas possible</em></div><div class="chat chatmessage-imparfait"><strong style="color:hsl(210,44%,45%)"><small>☆</small><span class="username" data-name="Imparfait">Imparfait</span>:</strong> <em>aprés</em></div><div class="chat chatmessage-imparfait"><strong style="color:hsl(210,44%,45%)"><small>☆</small><span class="username" data-name="Imparfait">Imparfait</span>:</strong> <em>!dt throh</em></div><div class="chat message-error">[outdated code no longer supported]</div><div class="chat"><font size="1"><font color="#686868">Dex#:</font> 538&nbsp;|  <font color="#686868">Gen:</font> 5&nbsp;|  <font color="#686868">Height:</font> 1.3 m&nbsp;|  <font color="#686868">Weight:</font> 55.5 kg <em>(80 BP)</em>&nbsp;|  <font color="#686868">Dex Colour:</font> Red&nbsp;|  <font color="#686868">Egg Group(s):</font> Human-Like&nbsp;|  <font color="#686868">Does Not Evolve</font></font></div><div class="spacer battle-history"><br></div><div class="battle-history">Aggron used <strong>Head Smash</strong>!<br></div><div class="battle-history"><small>It's not very effective...</small><br></div><div class="battle-history"><small>(The opposing Throh lost <abbr title="−60/444">13.5%</abbr> of its health!)</small><br></div><div class="spacer battle-history"><br></div><div class="battle-history">The opposing Throh used <strong>Storm Throw</strong>!<br></div><div class="battle-history"><small>It's super effective!</small><br></div><div class="battle-history"><small>A critical hit!</small><br></div><div class="battle-history"><small>(Aggron lost <abbr title="−281/281">100%</abbr> of its health!)</small><br></div><div class="spacer battle-history"><br></div><div class="battle-history">Aggron fainted!<br></div><div class="spacer battle-history"><br></div><div class="battle-history"><strong>Imparfait</strong> won the battle!<br></div><div class="chat chatmessage-imparfait"><strong style="color:hsl(210,44%,45%)"><small>☆</small><span class="username" data-name="Imparfait">Imparfait</span>:</strong> <em>gg</em></div><div class="chat chatmessage-greenheroes"><strong style="color:hsl(265,74%,56.967384459884016%)"><small>☆</small><span class="username" data-name="Greenheroes">Greenheroes</span>:</strong> <em>gg</em></div></div><div class="inner-preempt"></div></div></div>
</div>
<script>
let daily = Math.floor(Date.now()/1000/60/60/24);document.write('<script src="https://play.pokemonshowdown.com/js/replay-embed.js?version'+daily+'"></'+'script>');
</script>
