<!DOCTYPE html>
<meta charset="utf-8" />
<!-- version 1 -->
<title>NU replay: Removis vs. ParnStar</title>
<style>
html,body {font-family:Verdana, sans-serif;font-size:10pt;margin:0;padding:0;}body{padding:12px 0;} .battle-log {font-family:Verdana, sans-serif;font-size:10pt;} .battle-log-inline {border:1px solid #AAAAAA;background:#EEF2F5;color:black;max-width:640px;margin:0 auto 80px;padding-bottom:5px;} .battle-log .inner {padding:4px 8px 0px 8px;} .battle-log .inner-preempt {padding:0 8px 4px 8px;} .battle-log .inner-after {margin-top:0.5em;} .battle-log h2 {margin:0.5em -8px;padding:4px 8px;border:1px solid #AAAAAA;background:#E0E7EA;border-left:0;border-right:0;font-family:Verdana, sans-serif;font-size:13pt;} .battle-log .chat {vertical-align:middle;padding:3px 0 3px 0;font-size:8pt;} .battle-log .chat strong {color:#40576A;} .battle-log .chat em {padding:1px 4px 1px 3px;color:#000000;font-style:normal;} .chat.mine {background:rgba(0,0,0,0.05);margin-left:-8px;margin-right:-8px;padding-left:8px;padding-right:8px;} .spoiler {color:#BBBBBB;background:#BBBBBB;padding:0px 3px;} .spoiler:hover, .spoiler:active, .spoiler-shown {color:#000000;background:#E2E2E2;padding:0px 3px;} .spoiler a {color:#BBBBBB;} .spoiler:hover a, .spoiler:active a, .spoiler-shown a {color:#2288CC;} .chat code, .chat .spoiler:hover code, .chat .spoiler:active code, .chat .spoiler-shown code {border:1px solid #C0C0C0;background:#EEEEEE;color:black;padding:0 2px;} .chat .spoiler code {border:1px solid #CCCCCC;background:#CCCCCC;color:#CCCCCC;} .battle-log .rated {padding:3px 4px;} .battle-log .rated strong {color:white;background:#89A;padding:1px 4px;border-radius:4px;} .spacer {margin-top:0.5em;} .message-announce {background:#6688AA;color:white;padding:1px 4px 2px;} .message-announce a, .broadcast-green a, .broadcast-blue a, .broadcast-red a {color:#DDEEFF;} .broadcast-green {background-color:#559955;color:white;padding:2px 4px;} .broadcast-blue {background-color:#6688AA;color:white;padding:2px 4px;} .infobox {border:1px solid #6688AA;padding:2px 4px;} .infobox-limited {max-height:200px;overflow:auto;overflow-x:hidden;} .broadcast-red {background-color:#AA5544;color:white;padding:2px 4px;} .message-learn-canlearn {font-weight:bold;color:#228822;text-decoration:underline;} .message-learn-cannotlearn {font-weight:bold;color:#CC2222;text-decoration:underline;} .message-effect-weak {font-weight:bold;color:#CC2222;} .message-effect-resist {font-weight:bold;color:#6688AA;} .message-effect-immune {font-weight:bold;color:#666666;} .message-learn-list {margin-top:0;margin-bottom:0;} .message-throttle-notice, .message-error {color:#992222;} .message-overflow, .chat small.message-overflow {font-size:0pt;} .message-overflow::before {font-size:9pt;content:'...';} .subtle {color:#3A4A66;}
</style>
<div class="wrapper replay-wrapper" style="max-width:1180px;margin:0 auto">
<input type="hidden" name="replayid" value="nu-524060033" />
<div class="battle"></div><div class="battle-log"></div><div class="replay-controls"></div><div class="replay-controls-2"></div>
<h1 style="font-weight:normal;text-align:center"><strong>NU</strong><br /><a href="http://pokemonshowdown.com/users/removis" class="subtle" target="_blank">Removis</a> vs. <a href="http://pokemonshowdown.com/users/parnstar" class="subtle" target="_blank">ParnStar</a></h1>
<script type="text/plain" class="battle-log-data">|j|Removis
|j|ParnStar
|player|p1|Removis|100
|player|p2|ParnStar|21
|gametype|singles
|gen|6
|tier|NU
|rated
|seed|44186,54168,53195,65406
|rule|Sleep Clause Mod: Limit one foe put to sleep
|rule|Species Clause: Limit one of each Pokémon
|rule|OHKO Clause: OHKO moves are banned
|rule|Moody Clause: Moody is banned
|rule|Evasion Moves Clause: Evasion moves are banned
|rule|Endless Battle Clause: Forcing endless battles is banned
|rule|HP Percentage Mod: HP is shown in percentages
|clearpoke
|poke|p1|Steelix, M|item
|poke|p1|Audino, F|item
|poke|p1|Liepard, F|item
|poke|p1|Hariyama, F|item
|poke|p1|Vileplume, M|item
|poke|p1|Xatu, F|item
|poke|p2|Audino, M|item
|poke|p2|Pyroar, M|item
|poke|p2|Liepard, M|item
|poke|p2|Pelipper, M|item
|poke|p2|Scyther, M|item
|poke|p2|Trevenant, F|item
|rule|Swagger Clause: Swagger is banned
|rule|Baton Pass Clause: Limit one Baton Passer, can't pass Spe and other stats simultaneously
|teampreview
|choice|team 3, team 2, team 1, team 4, team 5, team 6|team 2, team 1, team 3, team 4, team 5, team 6
|
|start
|switch|p1a: Mittens|Liepard, F|269\/269
|switch|p2a: Pyroar|Pyroar, M|313\/313
|turn|1
|choice|switch 4|move fireblast
|
|switch|p1a: High Five|Hariyama, F|429\/429
|move|p2a: Pyroar|Fire Blast|p1a: High Five
|-damage|p1a: High Five|360\/429
|
|upkeep
|turn|2
|choice|move knockoff|switch 4
|
|switch|p2a: Pelipper|Pelipper, M|302\/302
|move|p1a: High Five|Knock Off|p2a: Pelipper
|-damage|p2a: Pelipper|218\/302
|-enditem|p2a: Pelipper|Leftovers|[from] move: Knock Off|[of] p1a: High Five
|
|upkeep
|turn|3
|choice|switch 6|move scald
|
|switch|p1a: InB4Rocks|Xatu, F|334\/334
|move|p2a: Pelipper|Scald|p1a: InB4Rocks
|-damage|p1a: InB4Rocks|204\/334
|
|upkeep
|turn|4
|choice|switch 5|move icebeam
|
|switch|p1a: Shrooms|Vileplume, M|354\/354
|move|p2a: Pelipper|Ice Beam|p1a: Shrooms
|-supereffective|p1a: Shrooms
|-damage|p1a: Shrooms|208\/354
|-status|p1a: Shrooms|frz
|
|-heal|p1a: Shrooms|230\/354 frz|[from] item: Black Sludge
|upkeep
|turn|5
|choice|switch 6|move icebeam
|
|switch|p1a: High Five|Hariyama, F|360\/429
|move|p2a: Pelipper|Ice Beam|p1a: High Five
|-damage|p1a: High Five|332\/429
|
|upkeep
|turn|6
|choice|move fakeout|move scald
|
|move|p1a: High Five|Fake Out|p2a: Pelipper
|-damage|p2a: Pelipper|179\/302
|cant|p2a: Pelipper|flinch
|
|upkeep
|turn|7
|choice|move closecombat|move scald
|
|move|p2a: Pelipper|Scald|p1a: High Five
|-damage|p1a: High Five|256\/429
|-status|p1a: High Five|brn
|move|p1a: High Five|Close Combat|p2a: Pelipper
|-resisted|p2a: Pelipper
|-damage|p2a: Pelipper|136\/302
|-unboost|p1a: High Five|def|1
|-unboost|p1a: High Five|spd|1
|
|-damage|p1a: High Five|203\/429 brn|[from] brn
|upkeep
|turn|8
|choice|switch 2|move roost
|
|switch|p1a: Jennifer|Audino, F|410\/410
|move|p2a: Pelipper|Roost|p2a: Pelipper
|-heal|p2a: Pelipper|287\/302
|
|upkeep
|turn|9
|choice|move wish|switch 2
|
|switch|p2a: Audino|Audino, M|400\/400
|move|p1a: Jennifer|Wish|p1a: Jennifer
|
|upkeep
|turn|10
|choice|switch 6|move calmmind
|
|switch|p1a: Shrooms|Vileplume, M|230\/354 frz
|move|p2a: Audino|Calm Mind|p2a: Audino
|-boost|p2a: Audino|spa|1
|-boost|p2a: Audino|spd|1
|
|-heal|p1a: Shrooms|354\/354 frz|[from] move: Wish|[wisher] Jennifer
|upkeep
|turn|11
|choice|move aromatherapy|move calmmind
|
|cant|p1a: Shrooms|frz
|move|p2a: Audino|Calm Mind|p2a: Audino
|-boost|p2a: Audino|spa|1
|-boost|p2a: Audino|spd|1
|
|upkeep
|turn|12
|choice|move aromatherapy|move fireblast
|
|cant|p1a: Shrooms|frz
|move|p2a: Audino|Fire Blast|p1a: Shrooms
|-supereffective|p1a: Shrooms
|-crit|p1a: Shrooms
|-damage|p1a: Shrooms|0 fnt
|faint|p1a: Shrooms
|
|upkeep
|-message|Removis forfeited.
|
|win|ParnStar
|player|p1
|player|p2
|l|Removis
|raw|Removis's rating: 1240 &rarr; <strong>1210<\/strong><br \/>(-30 for losing)
|raw|ParnStar's rating: 1163 &rarr; <strong>1193<\/strong><br \/>(+30 for winning)
|c|★ParnStar|Ggm</script>
</div>
<div class="battle-log battle-log-inline"><div class="inner"><div class="battle-options"></div><div class="inner"><div class="chat"><small>Removis joined.</small></div><div class="chat"><small>ParnStar joined.</small></div><div class=""><small>Format:</small> <br><strong>NU</strong></div><div class="rated"><strong>Rated battle</strong></div><div class=""><small><em>Sleep Clause Mod:</em> Limit one foe put to sleep</small></div><div class=""><small><em>Species Clause:</em> Limit one of each Pokémon</small></div><div class=""><small><em>OHKO Clause:</em> OHKO moves are banned</small></div><div class=""><small><em>Moody Clause:</em> Moody is banned</small></div><div class=""><small><em>Evasion Moves Clause:</em> Evasion moves are banned</small></div><div class=""><small><em>Endless Battle Clause:</em> Forcing endless battles is banned</small></div><div class=""><small><em>HP Percentage Mod:</em> HP is shown in percentages</small></div><div class=""><small><em>Swagger Clause:</em> Swagger is banned</small></div><div class=""><small><em>Baton Pass Clause:</em> Limit one Baton Passer, can't pass Spe and other stats simultaneously</small></div><div class="chat battle-history"><strong>Removis's team:</strong> <em style="color:#445566;display:block;">Steelix / Audino / Liepard / Hariyama / Vileplume / Xatu</em></div><div class="chat battle-history"><strong>ParnStar's team:</strong> <em style="color:#445566;display:block;">Audino / Pyroar / Liepard / Pelipper / Scyther / Trevenant</em></div><div class="spacer battle-history"><br></div><div class="battle-history">Battle started between Removis and ParnStar!<br></div><div class="spacer battle-history"><br></div><div class="battle-history">Go! Mittens (<strong>Liepard</strong>)!<br></div><div class="spacer battle-history"><br></div><div class="battle-history">ParnStar sent out <strong>Pyroar</strong>!<br></div><div class="spacer battle-history"><br></div><h2 class="battle-history">Turn 1</h2><div class="spacer battle-history"><br></div><div class="battle-history">Mittens, come back!<br></div><div class="battle-history">Go! High Five (<strong>Hariyama</strong>)!<br></div><div class="spacer battle-history"><br></div><div class="battle-history">The opposing Pyroar used <strong>Fire Blast</strong>!<br></div><div class="battle-history"><small>(High Five lost <abbr title="−69/429">16.1%</abbr> of its health!)</small><br></div><div class="spacer battle-history"><br></div><h2 class="battle-history">Turn 2</h2><div class="spacer battle-history"><br></div><div class="battle-history">ParnStar withdrew Pyroar!<br></div><div class="battle-history">ParnStar sent out <strong>Pelipper</strong>!<br></div><div class="spacer battle-history"><br></div><div class="battle-history">High Five used <strong>Knock Off</strong>!<br></div><div class="battle-history"><small>(The opposing Pelipper lost <abbr title="−84/302">27.8%</abbr> of its health!)</small><br></div><div class="battle-history"><small>High Five knocked off the opposing Pelipper's Leftovers!</small><br></div><div class="spacer battle-history"><br></div><h2 class="battle-history">Turn 3</h2><div class="spacer battle-history"><br></div><div class="battle-history">High Five, come back!<br></div><div class="battle-history">Go! InB4Rocks (<strong>Xatu</strong>)!<br></div><div class="spacer battle-history"><br></div><div class="battle-history">The opposing Pelipper used <strong>Scald</strong>!<br></div><div class="battle-history"><small>(InB4Rocks lost <abbr title="−130/334">38.9%</abbr> of its health!)</small><br></div><div class="spacer battle-history"><br></div><h2 class="battle-history">Turn 4</h2><div class="spacer battle-history"><br></div><div class="battle-history">InB4Rocks, come back!<br></div><div class="battle-history">Go! Shrooms (<strong>Vileplume</strong>)!<br></div><div class="spacer battle-history"><br></div><div class="battle-history">The opposing Pelipper used <strong>Ice Beam</strong>!<br></div><div class="battle-history"><small>It's super effective!</small><br></div><div class="battle-history"><small>(Shrooms lost <abbr title="−146/354">41.2%</abbr> of its health!)</small><br></div><div class="battle-history"><small>Shrooms was frozen solid!</small><br></div><div class="spacer battle-history"><br></div><div class="battle-history"><small>Shrooms restored a little HP using its Black Sludge!</small><br></div><div class="spacer battle-history"><br></div><h2 class="battle-history">Turn 5</h2><div class="spacer battle-history"><br></div><div class="battle-history">Shrooms, come back!<br></div><div class="battle-history">Go! High Five (<strong>Hariyama</strong>)!<br></div><div class="spacer battle-history"><br></div><div class="battle-history">The opposing Pelipper used <strong>Ice Beam</strong>!<br></div><div class="battle-history"><small>(High Five lost <abbr title="−28/429">6.5%</abbr> of its health!)</small><br></div><div class="spacer battle-history"><br></div><h2 class="battle-history">Turn 6</h2><div class="spacer battle-history"><br></div><div class="battle-history">High Five used <strong>Fake Out</strong>!<br></div><div class="battle-history"><small>(The opposing Pelipper lost <abbr title="−39/302">12.9%</abbr> of its health!)</small><br></div><div class="spacer battle-history"><br></div><div class="battle-history">The opposing Pelipper flinched and couldn't move!<br></div><div class="spacer battle-history"><br></div><h2 class="battle-history">Turn 7</h2><div class="spacer battle-history"><br></div><div class="battle-history">The opposing Pelipper used <strong>Scald</strong>!<br></div><div class="battle-history"><small>(High Five lost <abbr title="−76/429">17.7%</abbr> of its health!)</small><br></div><div class="battle-history"><small>High Five was burned!</small><br></div><div class="spacer battle-history"><br></div><div class="battle-history">High Five used <strong>Close Combat</strong>!<br></div><div class="battle-history"><small>It's not very effective...</small><br></div><div class="battle-history"><small>(The opposing Pelipper lost <abbr title="−43/302">14.2%</abbr> of its health!)</small><br></div><div class="battle-history"><small>High Five's Defense fell!</small><br></div><div class="battle-history"><small>High Five's Special Defense fell!</small><br></div><div class="spacer battle-history"><br></div><div class="battle-history"><small>High Five was hurt by its burn!</small><br></div><div class="spacer battle-history"><br></div><h2 class="battle-history">Turn 8</h2><div class="spacer battle-history"><br></div><div class="battle-history">High Five, come back!<br></div><div class="battle-history">Go! Jennifer (<strong>Audino</strong>)!<br></div><div class="spacer battle-history"><br></div><div class="battle-history">The opposing Pelipper used <strong>Roost</strong>!<br></div><div class="battle-history"><small>The opposing Pelipper restored its HP.</small><br></div><div class="spacer battle-history"><br></div><h2 class="battle-history">Turn 9</h2><div class="spacer battle-history"><br></div><div class="battle-history">ParnStar withdrew Pelipper!<br></div><div class="battle-history">ParnStar sent out <strong>Audino</strong>!<br></div><div class="spacer battle-history"><br></div><div class="battle-history">Jennifer used <strong>Wish</strong>!<br></div><div class="spacer battle-history"><br></div><h2 class="battle-history">Turn 10</h2><div class="spacer battle-history"><br></div><div class="battle-history">Jennifer, come back!<br></div><div class="battle-history">Go! Shrooms (<strong>Vileplume</strong>)!<br></div><div class="spacer battle-history"><br></div><div class="battle-history">The opposing Audino used <strong>Calm Mind</strong>!<br></div><div class="battle-history"><small>The opposing Audino's Special Attack rose!</small><br></div><div class="battle-history"><small>The opposing Audino's Special Defense rose!</small><br></div><div class="spacer battle-history"><br></div><div class="battle-history"><small>Jennifer's wish came true!</small><br></div><div class="spacer battle-history"><br></div><h2 class="battle-history">Turn 11</h2><div class="spacer battle-history"><br></div><div class="battle-history">Shrooms is frozen solid!<br></div><div class="spacer battle-history"><br></div><div class="battle-history">The opposing Audino used <strong>Calm Mind</strong>!<br></div><div class="battle-history"><small>The opposing Audino's Special Attack rose!</small><br></div><div class="battle-history"><small>The opposing Audino's Special Defense rose!</small><br></div><div class="spacer battle-history"><br></div><h2 class="battle-history">Turn 12</h2><div class="spacer battle-history"><br></div><div class="battle-history">Shrooms is frozen solid!<br></div><div class="spacer battle-history"><br></div><div class="battle-history">The opposing Audino used <strong>Fire Blast</strong>!<br></div><div class="battle-history"><small>It's super effective!</small><br></div><div class="battle-history"><small>A critical hit!</small><br></div><div class="battle-history"><small>(Shrooms lost <abbr title="−354/354">100%</abbr> of its health!)</small><br></div><div class="spacer battle-history"><br></div><div class="battle-history">Shrooms fainted!<br></div><div class="spacer battle-history"><br></div><div class="battle-history"><small>Removis forfeited.</small><br></div><div class="spacer battle-history"><br></div><div class="battle-history"><strong>ParnStar</strong> won the battle!<br></div><div class="chat"><small>Removis left.</small></div><div class="chat">Removis's rating: 1240 → <strong>1210</strong><br>(-30 for losing)</div><div class="chat">ParnStar's rating: 1163 → <strong>1193</strong><br>(+30 for winning)</div><div class="chat chatmessage-parnstar"><strong style="color:hsl(41,84%,41.163999978976825%)"><small>★</small><span class="username" data-name="ParnStar">ParnStar</span>:</strong> <em>Ggm</em></div></div><div class="inner-preempt"></div></div></div>
</div>
<script>
let daily = Math.floor(Date.now()/1000/60/60/24);document.write('<script src="https://play.pokemonshowdown.com/js/replay-embed.js?version'+daily+'"></'+'script>');
</script>
