<!DOCTYPE html>
<meta charset="utf-8" />
<!-- version 1 -->
<title>NU replay: Nu deity vs. Gemsnake</title>
<style>
html,body {font-family:Verdana, sans-serif;font-size:10pt;margin:0;padding:0;}body{padding:12px 0;} .battle-log {font-family:Verdana, sans-serif;font-size:10pt;} .battle-log-inline {border:1px solid #AAAAAA;background:#EEF2F5;color:black;max-width:640px;margin:0 auto 80px;padding-bottom:5px;} .battle-log .inner {padding:4px 8px 0px 8px;} .battle-log .inner-preempt {padding:0 8px 4px 8px;} .battle-log .inner-after {margin-top:0.5em;} .battle-log h2 {margin:0.5em -8px;padding:4px 8px;border:1px solid #AAAAAA;background:#E0E7EA;border-left:0;border-right:0;font-family:Verdana, sans-serif;font-size:13pt;} .battle-log .chat {vertical-align:middle;padding:3px 0 3px 0;font-size:8pt;} .battle-log .chat strong {color:#40576A;} .battle-log .chat em {padding:1px 4px 1px 3px;color:#000000;font-style:normal;} .chat.mine {background:rgba(0,0,0,0.05);margin-left:-8px;margin-right:-8px;padding-left:8px;padding-right:8px;} .spoiler {color:#BBBBBB;background:#BBBBBB;padding:0px 3px;} .spoiler:hover, .spoiler:active, .spoiler-shown {color:#000000;background:#E2E2E2;padding:0px 3px;} .spoiler a {color:#BBBBBB;} .spoiler:hover a, .spoiler:active a, .spoiler-shown a {color:#2288CC;} .chat code, .chat .spoiler:hover code, .chat .spoiler:active code, .chat .spoiler-shown code {border:1px solid #C0C0C0;background:#EEEEEE;color:black;padding:0 2px;} .chat .spoiler code {border:1px solid #CCCCCC;background:#CCCCCC;color:#CCCCCC;} .battle-log .rated {padding:3px 4px;} .battle-log .rated strong {color:white;background:#89A;padding:1px 4px;border-radius:4px;} .spacer {margin-top:0.5em;} .message-announce {background:#6688AA;color:white;padding:1px 4px 2px;} .message-announce a, .broadcast-green a, .broadcast-blue a, .broadcast-red a {color:#DDEEFF;} .broadcast-green {background-color:#559955;color:white;padding:2px 4px;} .broadcast-blue {background-color:#6688AA;color:white;padding:2px 4px;} .infobox {border:1px solid #6688AA;padding:2px 4px;} .infobox-limited {max-height:200px;overflow:auto;overflow-x:hidden;} .broadcast-red {background-color:#AA5544;color:white;padding:2px 4px;} .message-learn-canlearn {font-weight:bold;color:#228822;text-decoration:underline;} .message-learn-cannotlearn {font-weight:bold;color:#CC2222;text-decoration:underline;} .message-effect-weak {font-weight:bold;color:#CC2222;} .message-effect-resist {font-weight:bold;color:#6688AA;} .message-effect-immune {font-weight:bold;color:#666666;} .message-learn-list {margin-top:0;margin-bottom:0;} .message-throttle-notice, .message-error {color:#992222;} .message-overflow, .chat small.message-overflow {font-size:0pt;} .message-overflow::before {font-size:9pt;content:'...';} .subtle {color:#3A4A66;}
</style>
<div class="wrapper replay-wrapper" style="max-width:1180px;margin:0 auto">
<input type="hidden" name="replayid" value="nu-531604773" />
<div class="battle"></div><div class="battle-log"></div><div class="replay-controls"></div><div class="replay-controls-2"></div>
<h1 style="font-weight:normal;text-align:center"><strong>NU</strong><br /><a href="http://pokemonshowdown.com/users/nudeity" class="subtle" target="_blank">Nu deity</a> vs. <a href="http://pokemonshowdown.com/users/gemsnake" class="subtle" target="_blank">Gemsnake</a></h1>
<script type="text/plain" class="battle-log-data">|j|Nu deity
|j|Gemsnake
|player|p1|Nu deity|20
|player|p2|Gemsnake|256
|gametype|singles
|gen|6
|tier|NU
|rated
|seed|55839,56813,7930,26588
|rule|Sleep Clause Mod: Limit one foe put to sleep
|rule|Species Clause: Limit one of each Pokémon
|rule|OHKO Clause: OHKO moves are banned
|rule|Moody Clause: Moody is banned
|rule|Evasion Moves Clause: Evasion moves are banned
|rule|Endless Battle Clause: Forcing endless battles is banned
|rule|HP Percentage Mod: HP is shown in percentages
|clearpoke
|poke|p1|Kecleon, M, shiny|item
|poke|p1|Shiftry, M|item
|poke|p1|Garbodor, M, shiny|item
|poke|p1|Poliwrath, M|item
|poke|p1|Piloswine, F|item
|poke|p1|Solrock, shiny|item
|poke|p2|Smeargle, M, shiny|item
|poke|p2|Weezing, F|item
|poke|p2|Huntail, M, shiny|item
|poke|p2|Hariyama, M|item
|poke|p2|Golurk, shiny|item
|poke|p2|Mesprit|item
|rule|Swagger Clause: Swagger is banned
|rule|Baton Pass Clause: Limit one Baton Passer, can't pass Spe and other stats simultaneously
|teampreview
|choice|team 2, team 1, team 3, team 4, team 5, team 6|team 6, team 2, team 3, team 4, team 5, team 1
|
|start
|switch|p1a: Shiftry|Shiftry, M|321\/321
|switch|p2a: Mesprit|Mesprit|301\/301
|turn|1
|choice|switch 6|move stealthrock
|
|switch|p1a: Solrock|Solrock, shiny|344\/344
|move|p2a: Mesprit|Stealth Rock|p1a: Solrock
|-sidestart|p1: Nu deity|move: Stealth Rock
|
|upkeep
|turn|2
|choice|move willowisp|move shadowball
|
|move|p2a: Mesprit|Shadow Ball|p1a: Solrock
|-supereffective|p1a: Solrock
|-damage|p1a: Solrock|164\/344
|move|p1a: Solrock|Will-O-Wisp|p2a: Mesprit
|-status|p2a: Mesprit|brn
|
|-heal|p1a: Solrock|185\/344|[from] item: Leftovers
|-damage|p2a: Mesprit|264\/301 brn|[from] brn
|upkeep
|turn|3
|choice|move morningsun|move shadowball
|
|move|p2a: Mesprit|Shadow Ball|p1a: Solrock
|-supereffective|p1a: Solrock
|-damage|p1a: Solrock|27\/344
|move|p1a: Solrock|Morning Sun|p1a: Solrock
|-heal|p1a: Solrock|199\/344
|
|-heal|p2a: Mesprit|282\/301 brn|[from] item: Leftovers
|-heal|p1a: Solrock|220\/344|[from] item: Leftovers
|-damage|p2a: Mesprit|245\/301 brn|[from] brn
|upkeep
|turn|4
|choice|move morningsun|move futuresight
|
|move|p2a: Mesprit|Future Sight|p1a: Solrock
|-start|p2a: Mesprit|move: Future Sight
|move|p1a: Solrock|Morning Sun|p1a: Solrock
|-heal|p1a: Solrock|344\/344
|
|-heal|p2a: Mesprit|263\/301 brn|[from] item: Leftovers
|-damage|p2a: Mesprit|226\/301 brn|[from] brn
|upkeep
|turn|5
|choice|move morningsun|move shadowball
|
|move|p2a: Mesprit|Shadow Ball|p1a: Solrock
|-supereffective|p1a: Solrock
|-damage|p1a: Solrock|182\/344
|move|p1a: Solrock|Morning Sun|p1a: Solrock
|-heal|p1a: Solrock|344\/344
|
|-heal|p2a: Mesprit|244\/301 brn|[from] item: Leftovers
|-damage|p2a: Mesprit|207\/301 brn|[from] brn
|upkeep
|turn|6
|choice|move morningsun|move shadowball
|
|move|p2a: Mesprit|Shadow Ball|p1a: Solrock
|-supereffective|p1a: Solrock
|-damage|p1a: Solrock|186\/344
|move|p1a: Solrock|Morning Sun|p1a: Solrock
|-heal|p1a: Solrock|344\/344
|
|-end|p1a: Solrock|move: Future Sight
|-resisted|p1a: Solrock
|-damage|p1a: Solrock|248\/344
|-heal|p2a: Mesprit|225\/301 brn|[from] item: Leftovers
|-heal|p1a: Solrock|269\/344|[from] item: Leftovers
|-damage|p2a: Mesprit|188\/301 brn|[from] brn
|upkeep
|turn|7
|choice|move morningsun|move shadowball
|
|move|p2a: Mesprit|Shadow Ball|p1a: Solrock
|-supereffective|p1a: Solrock
|-damage|p1a: Solrock|113\/344
|move|p1a: Solrock|Morning Sun|p1a: Solrock
|-heal|p1a: Solrock|285\/344
|
|-heal|p2a: Mesprit|206\/301 brn|[from] item: Leftovers
|-heal|p1a: Solrock|306\/344|[from] item: Leftovers
|-damage|p2a: Mesprit|169\/301 brn|[from] brn
|upkeep
|turn|8
|choice|switch 6|switch 4
|
|switch|p2a: Hariyama|Hariyama, M|492\/492
|switch|p1a: Shiftry|Shiftry, M|321\/321
|-damage|p1a: Shiftry|281\/321|[from] Stealth Rock
|
|-status|p2a: Hariyama|brn|[from] item: Flame Orb
|upkeep
|turn|9
|choice|switch 3|move fakeout
|
|switch|p1a: Garbodor|Garbodor, M, shiny|363\/363
|-damage|p1a: Garbodor|318\/363|[from] Stealth Rock
|move|p2a: Hariyama|Fake Out|p1a: Garbodor
|-damage|p1a: Garbodor|258\/363
|-damage|p2a: Hariyama|410\/492 brn|[from] item: Rocky Helmet|[of] p1a: Garbodor
|
|-damage|p2a: Hariyama|349\/492 brn|[from] brn
|upkeep
|turn|10
|choice|move toxicspikes|move facade
|
|move|p1a: Garbodor|Toxic Spikes|p2a: Hariyama
|-sidestart|p2: Gemsnake|move: Toxic Spikes
|move|p2a: Hariyama|Facade|p1a: Garbodor
|-damage|p1a: Garbodor|64\/363
|-damage|p2a: Hariyama|267\/492 brn|[from] item: Rocky Helmet|[of] p1a: Garbodor
|
|-damage|p2a: Hariyama|206\/492 brn|[from] brn
|upkeep
|turn|11
|choice|move spikes|move bulletpunch
|
|move|p2a: Hariyama|Bullet Punch|p1a: Garbodor
|-damage|p1a: Garbodor|10\/363
|-damage|p2a: Hariyama|124\/492 brn|[from] item: Rocky Helmet|[of] p1a: Garbodor
|move|p1a: Garbodor|Spikes|p2a: Hariyama
|-sidestart|p2: Gemsnake|Spikes
|
|-damage|p2a: Hariyama|63\/492 brn|[from] brn
|upkeep
|turn|12
|j|ULT BlowTryhards
|choice|move gunkshot|move bulletpunch
|
|move|p2a: Hariyama|Bullet Punch|p1a: Garbodor
|-damage|p1a: Garbodor|0 fnt
|-damage|p2a: Hariyama|0 fnt|[from] ability: Aftermath|[of] p1a: Garbodor
|faint|p2a: Hariyama
|faint|p1a: Garbodor
|
|upkeep
|choice|switch 3|switch 2
|
|switch|p1a: Shiftry|Shiftry, M|281\/321
|switch|p2a: Weezing|Weezing, F|272\/272
|-damage|p1a: Shiftry|241\/321|[from] Stealth Rock
|turn|13
|choice|move darkpulse|move toxic
|
|move|p1a: Shiftry|Dark Pulse|p2a: Weezing
|-damage|p2a: Weezing|136\/272
|-damage|p1a: Shiftry|209\/321|[from] item: Life Orb
|move|p2a: Weezing|Toxic|p1a: Shiftry
|-status|p1a: Shiftry|tox
|
|-heal|p2a: Weezing|153\/272|[from] item: Black Sludge
|-damage|p1a: Shiftry|189\/321 tox|[from] psn
|upkeep
|turn|14
|choice|move darkpulse|move painsplit
|
|move|p1a: Shiftry|Dark Pulse|p2a: Weezing
|-damage|p2a: Weezing|13\/272
|-damage|p1a: Shiftry|157\/321 tox|[from] item: Life Orb
|move|p2a: Weezing|Pain Split|p1a: Shiftry
|-sethp|p1a: Shiftry|85\/321 tox|p2a: Weezing|85\/272|[from] move: Pain Split
|
|-heal|p2a: Weezing|102\/272|[from] item: Black Sludge
|-damage|p1a: Shiftry|45\/321 tox|[from] psn
|upkeep
|turn|15
|choice|move darkpulse|move sludgewave
|
|move|p1a: Shiftry|Dark Pulse|p2a: Weezing
|-crit|p2a: Weezing
|-damage|p2a: Weezing|0 fnt
|-damage|p1a: Shiftry|13\/321 tox|[from] item: Life Orb
|faint|p2a: Weezing
|
|-damage|p1a: Shiftry|0 fnt|[from] psn
|upkeep
|faint|p1a: Shiftry
|choice|switch 2|switch 4
|
|switch|p2a: Mesprit|Mesprit|169\/301 brn
|switch|p1a: Kecleon|Kecleon, M, shiny|291\/291
|-damage|p1a: Kecleon|255\/291|[from] Stealth Rock
|turn|16
|choice|move shadowsneak|move futuresight
|
|move|p1a: Kecleon|Shadow Sneak|p2a: Mesprit
|-start|p1a: Kecleon|typechange|Ghost|[from] Protean
|-supereffective|p2a: Mesprit
|-damage|p2a: Mesprit|0 fnt
|faint|p2a: Mesprit
|
|upkeep
|choice||switch 6
|
|switch|p2a: Smeargle|Smeargle, M, shiny|251\/251
|-damage|p2a: Smeargle|220\/251|[from] Spikes
|-status|p2a: Smeargle|psn
|turn|17
|-message|Gemsnake forfeited.
|
|win|Nu deity
|player|p1
|player|p2
|l|Gemsnake
|raw|Nu deity's rating: 1295 &rarr; <strong>1305<\/strong><br \/>(+10 for winning)
|raw|Gemsnake's rating: 1056 &rarr; <strong>1048<\/strong><br \/>(-8 for losing)</script>
</div>
<div class="battle-log battle-log-inline"><div class="inner"><div class="battle-options"></div><div class="inner"><div class="chat"><small>Nu deity joined.</small></div><div class="chat"><small>Gemsnake joined.</small></div><div class=""><small>Format:</small> <br><strong>NU</strong></div><div class="rated"><strong>Rated battle</strong></div><div class=""><small><em>Sleep Clause Mod:</em> Limit one foe put to sleep</small></div><div class=""><small><em>Species Clause:</em> Limit one of each Pokémon</small></div><div class=""><small><em>OHKO Clause:</em> OHKO moves are banned</small></div><div class=""><small><em>Moody Clause:</em> Moody is banned</small></div><div class=""><small><em>Evasion Moves Clause:</em> Evasion moves are banned</small></div><div class=""><small><em>Endless Battle Clause:</em> Forcing endless battles is banned</small></div><div class=""><small><em>HP Percentage Mod:</em> HP is shown in percentages</small></div><div class=""><small><em>Swagger Clause:</em> Swagger is banned</small></div><div class=""><small><em>Baton Pass Clause:</em> Limit one Baton Passer, can't pass Spe and other stats simultaneously</small></div><div class="chat battle-history"><strong>Nu deity's team:</strong> <em style="color:#445566;display:block;">Kecleon / Shiftry / Garbodor / Poliwrath / Piloswine / Solrock</em></div><div class="chat battle-history"><strong>Gemsnake's team:</strong> <em style="color:#445566;display:block;">Smeargle / Weezing / Huntail / Hariyama / Golurk / Mesprit</em></div><div class="spacer battle-history"><br></div><div class="battle-history">Battle started between Nu deity and Gemsnake!<br></div><div class="spacer battle-history"><br></div><div class="battle-history">Go! <strong>Shiftry</strong>!<br></div><div class="spacer battle-history"><br></div><div class="battle-history">Gemsnake sent out <strong>Mesprit</strong>!<br></div><div class="spacer battle-history"><br></div><h2 class="battle-history">Turn 1</h2><div class="spacer battle-history"><br></div><div class="battle-history">Shiftry, come back!<br></div><div class="battle-history">Go! <strong>Solrock</strong>!<br></div><div class="spacer battle-history"><br></div><div class="battle-history">The opposing Mesprit used <strong>Stealth Rock</strong>!<br></div><div class="battle-history"><small>Pointed stones float in the air around your team!</small><br></div><div class="spacer battle-history"><br></div><h2 class="battle-history">Turn 2</h2><div class="spacer battle-history"><br></div><div class="battle-history">The opposing Mesprit used <strong>Shadow Ball</strong>!<br></div><div class="battle-history"><small>It's super effective!</small><br></div><div class="battle-history"><small>(Solrock lost <abbr title="−180/344">52.3%</abbr> of its health!)</small><br></div><div class="spacer battle-history"><br></div><div class="battle-history">Solrock used <strong>Will-O-Wisp</strong>!<br></div><div class="battle-history"><small>The opposing Mesprit was burned!</small><br></div><div class="spacer battle-history"><br></div><div class="battle-history"><small>Solrock restored a little HP using its Leftovers!</small><br></div><div class="battle-history"><small>The opposing Mesprit was hurt by its burn!</small><br></div><div class="spacer battle-history"><br></div><h2 class="battle-history">Turn 3</h2><div class="spacer battle-history"><br></div><div class="battle-history">The opposing Mesprit used <strong>Shadow Ball</strong>!<br></div><div class="battle-history"><small>It's super effective!</small><br></div><div class="battle-history"><small>(Solrock lost <abbr title="−158/344">45.9%</abbr> of its health!)</small><br></div><div class="spacer battle-history"><br></div><div class="battle-history">Solrock used <strong>Morning Sun</strong>!<br></div><div class="battle-history"><small>Solrock restored its HP.</small><br></div><div class="spacer battle-history"><br></div><div class="battle-history"><small>The opposing Mesprit restored a little HP using its Leftovers!</small><br></div><div class="battle-history"><small>Solrock restored a little HP using its Leftovers!</small><br></div><div class="battle-history"><small>The opposing Mesprit was hurt by its burn!</small><br></div><div class="spacer battle-history"><br></div><h2 class="battle-history">Turn 4</h2><div class="spacer battle-history"><br></div><div class="battle-history">The opposing Mesprit used <strong>Future Sight</strong>!<br></div><div class="battle-history"><small>The opposing Mesprit foresaw an attack!</small><br></div><div class="spacer battle-history"><br></div><div class="battle-history">Solrock used <strong>Morning Sun</strong>!<br></div><div class="battle-history"><small>Solrock restored its HP.</small><br></div><div class="spacer battle-history"><br></div><div class="battle-history"><small>The opposing Mesprit restored a little HP using its Leftovers!</small><br></div><div class="battle-history"><small>The opposing Mesprit was hurt by its burn!</small><br></div><div class="spacer battle-history"><br></div><h2 class="battle-history">Turn 5</h2><div class="spacer battle-history"><br></div><div class="battle-history">The opposing Mesprit used <strong>Shadow Ball</strong>!<br></div><div class="battle-history"><small>It's super effective!</small><br></div><div class="battle-history"><small>(Solrock lost <abbr title="−162/344">47.1%</abbr> of its health!)</small><br></div><div class="spacer battle-history"><br></div><div class="battle-history">Solrock used <strong>Morning Sun</strong>!<br></div><div class="battle-history"><small>Solrock restored its HP.</small><br></div><div class="spacer battle-history"><br></div><div class="battle-history"><small>The opposing Mesprit restored a little HP using its Leftovers!</small><br></div><div class="battle-history"><small>The opposing Mesprit was hurt by its burn!</small><br></div><div class="spacer battle-history"><br></div><h2 class="battle-history">Turn 6</h2><div class="spacer battle-history"><br></div><div class="battle-history">The opposing Mesprit used <strong>Shadow Ball</strong>!<br></div><div class="battle-history"><small>It's super effective!</small><br></div><div class="battle-history"><small>(Solrock lost <abbr title="−158/344">45.9%</abbr> of its health!)</small><br></div><div class="spacer battle-history"><br></div><div class="battle-history">Solrock used <strong>Morning Sun</strong>!<br></div><div class="battle-history"><small>Solrock restored its HP.</small><br></div><div class="spacer battle-history"><br></div><div class="battle-history"><small>Solrock took the Future Sight attack!</small><br></div><div class="battle-history"><small>It's not very effective...</small><br></div><div class="battle-history"><small>(Solrock lost <abbr title="−96/344">27.9%</abbr> of its health!)</small><br></div><div class="battle-history"><small>The opposing Mesprit restored a little HP using its Leftovers!</small><br></div><div class="battle-history"><small>Solrock restored a little HP using its Leftovers!</small><br></div><div class="battle-history"><small>The opposing Mesprit was hurt by its burn!</small><br></div><div class="spacer battle-history"><br></div><h2 class="battle-history">Turn 7</h2><div class="spacer battle-history"><br></div><div class="battle-history">The opposing Mesprit used <strong>Shadow Ball</strong>!<br></div><div class="battle-history"><small>It's super effective!</small><br></div><div class="battle-history"><small>(Solrock lost <abbr title="−156/344">45.3%</abbr> of its health!)</small><br></div><div class="spacer battle-history"><br></div><div class="battle-history">Solrock used <strong>Morning Sun</strong>!<br></div><div class="battle-history"><small>Solrock restored its HP.</small><br></div><div class="spacer battle-history"><br></div><div class="battle-history"><small>The opposing Mesprit restored a little HP using its Leftovers!</small><br></div><div class="battle-history"><small>Solrock restored a little HP using its Leftovers!</small><br></div><div class="battle-history"><small>The opposing Mesprit was hurt by its burn!</small><br></div><div class="spacer battle-history"><br></div><h2 class="battle-history">Turn 8</h2><div class="spacer battle-history"><br></div><div class="battle-history">Gemsnake withdrew Mesprit!<br></div><div class="battle-history">Gemsnake sent out <strong>Hariyama</strong>!<br></div><div class="spacer battle-history"><br></div><div class="battle-history">Solrock, come back!<br></div><div class="battle-history">Go! <strong>Shiftry</strong>!<br></div><div class="battle-history"><small>Pointed stones dug into Shiftry!</small><br></div><div class="spacer battle-history"><br></div><div class="battle-history"><small>The opposing Hariyama was burned!</small><br></div><div class="spacer battle-history"><br></div><h2 class="battle-history">Turn 9</h2><div class="spacer battle-history"><br></div><div class="battle-history">Shiftry, come back!<br></div><div class="battle-history">Go! <strong>Garbodor</strong>!<br></div><div class="battle-history"><small>Pointed stones dug into Garbodor!</small><br></div><div class="spacer battle-history"><br></div><div class="battle-history">The opposing Hariyama used <strong>Fake Out</strong>!<br></div><div class="battle-history"><small>(Garbodor lost <abbr title="−60/363">16.5%</abbr> of its health!)</small><br></div><div class="battle-history"><small>The opposing Hariyama was hurt by the Rocky Helmet!</small><br></div><div class="spacer battle-history"><br></div><div class="battle-history"><small>The opposing Hariyama was hurt by its burn!</small><br></div><div class="spacer battle-history"><br></div><h2 class="battle-history">Turn 10</h2><div class="spacer battle-history"><br></div><div class="battle-history">Garbodor used <strong>Toxic Spikes</strong>!<br></div><div class="battle-history"><small>Poison spikes were scattered on the ground all around the opposing team!</small><br></div><div class="spacer battle-history"><br></div><div class="battle-history">The opposing Hariyama used <strong>Facade</strong>!<br></div><div class="battle-history"><small>(Garbodor lost <abbr title="−194/363">53.4%</abbr> of its health!)</small><br></div><div class="battle-history"><small>The opposing Hariyama was hurt by the Rocky Helmet!</small><br></div><div class="spacer battle-history"><br></div><div class="battle-history"><small>The opposing Hariyama was hurt by its burn!</small><br></div><div class="spacer battle-history"><br></div><h2 class="battle-history">Turn 11</h2><div class="spacer battle-history"><br></div><div class="battle-history">The opposing Hariyama used <strong>Bullet Punch</strong>!<br></div><div class="battle-history"><small>(Garbodor lost <abbr title="−54/363">14.9%</abbr> of its health!)</small><br></div><div class="battle-history"><small>The opposing Hariyama was hurt by the Rocky Helmet!</small><br></div><div class="spacer battle-history"><br></div><div class="battle-history">Garbodor used <strong>Spikes</strong>!<br></div><div class="battle-history"><small>Spikes were scattered on the ground all around the opposing team!</small><br></div><div class="spacer battle-history"><br></div><div class="battle-history"><small>The opposing Hariyama was hurt by its burn!</small><br></div><div class="spacer battle-history"><br></div><h2 class="battle-history">Turn 12</h2><div class="chat"><small>ULT BlowTryhards joined.</small></div><div class="spacer battle-history"><br></div><div class="battle-history">The opposing Hariyama used <strong>Bullet Punch</strong>!<br></div><div class="battle-history"><small>(Garbodor lost <abbr title="−10/363">2.8%</abbr> of its health!)</small><br></div><div class="battle-history"><small>[Garbodor's Aftermath]</small><br><small>The opposing Hariyama is hurt!</small><br></div><div class="spacer battle-history"><br></div><div class="battle-history">The opposing Hariyama fainted!<br></div><div class="battle-history">Garbodor fainted!<br></div><div class="spacer battle-history"><br></div><div class="battle-history">Go! <strong>Shiftry</strong>!<br></div><div class="spacer battle-history"><br></div><div class="battle-history">Gemsnake sent out <strong>Weezing</strong>!<br></div><div class="battle-history"><small>Pointed stones dug into Shiftry!</small><br></div><div class="spacer battle-history"><br></div><h2 class="battle-history">Turn 13</h2><div class="spacer battle-history"><br></div><div class="battle-history">Shiftry used <strong>Dark Pulse</strong>!<br></div><div class="battle-history"><small>(The opposing Weezing lost <abbr title="−136/272">50%</abbr> of its health!)</small><br></div><div class="battle-history"><small>Shiftry lost some of its HP!</small><br></div><div class="spacer battle-history"><br></div><div class="battle-history">The opposing Weezing used <strong>Toxic</strong>!<br></div><div class="battle-history"><small>Shiftry was badly poisoned!</small><br></div><div class="spacer battle-history"><br></div><div class="battle-history"><small>The opposing Weezing restored a little HP using its Black Sludge!</small><br></div><div class="battle-history"><small>Shiftry was hurt by poison!</small><br></div><div class="spacer battle-history"><br></div><h2 class="battle-history">Turn 14</h2><div class="spacer battle-history"><br></div><div class="battle-history">Shiftry used <strong>Dark Pulse</strong>!<br></div><div class="battle-history"><small>(The opposing Weezing lost <abbr title="−140/272">51.5%</abbr> of its health!)</small><br></div><div class="battle-history"><small>Shiftry lost some of its HP!</small><br></div><div class="spacer battle-history"><br></div><div class="battle-history">The opposing Weezing used <strong>Pain Split</strong>!<br></div><div class="battle-history"><small>The battlers shared their pain!</small><br></div><div class="spacer battle-history"><br></div><div class="battle-history"><small>The opposing Weezing restored a little HP using its Black Sludge!</small><br></div><div class="battle-history"><small>Shiftry was hurt by poison!</small><br></div><div class="spacer battle-history"><br></div><h2 class="battle-history">Turn 15</h2><div class="spacer battle-history"><br></div><div class="battle-history">Shiftry used <strong>Dark Pulse</strong>!<br></div><div class="battle-history"><small>A critical hit!</small><br></div><div class="battle-history"><small>(The opposing Weezing lost <abbr title="−102/272">37.5%</abbr> of its health!)</small><br></div><div class="battle-history"><small>Shiftry lost some of its HP!</small><br></div><div class="spacer battle-history"><br></div><div class="battle-history">The opposing Weezing fainted!<br></div><div class="spacer battle-history"><br></div><div class="battle-history"><small>Shiftry was hurt by poison!</small><br></div><div class="spacer battle-history"><br></div><div class="battle-history">Shiftry fainted!<br></div><div class="spacer battle-history"><br></div><div class="battle-history">Gemsnake sent out <strong>Mesprit</strong>!<br></div><div class="spacer battle-history"><br></div><div class="battle-history">Go! <strong>Kecleon</strong>!<br></div><div class="battle-history"><small>Pointed stones dug into Kecleon!</small><br></div><div class="spacer battle-history"><br></div><h2 class="battle-history">Turn 16</h2><div class="spacer battle-history"><br></div><div class="battle-history">Kecleon used <strong>Shadow Sneak</strong>!<br></div><div class="spacer battle-history"><br></div><div class="battle-history"><small>[Kecleon's Protean]</small><br><small>Kecleon transformed into the Ghost type!</small><br></div><div class="battle-history"><small>It's super effective!</small><br></div><div class="battle-history"><small>(The opposing Mesprit lost <abbr title="−169/301">56.1%</abbr> of its health!)</small><br></div><div class="spacer battle-history"><br></div><div class="battle-history">The opposing Mesprit fainted!<br></div><div class="spacer battle-history"><br></div><div class="battle-history">Gemsnake sent out <strong>Smeargle</strong>!<br></div><div class="battle-history"><small>The opposing Smeargle is hurt by the spikes!</small><br></div><div class="battle-history"><small>The opposing Smeargle was poisoned!</small><br></div><div class="spacer battle-history"><br></div><h2 class="battle-history">Turn 17</h2><div class="spacer battle-history"><br></div><div class="battle-history"><small>Gemsnake forfeited.</small><br></div><div class="spacer battle-history"><br></div><div class="battle-history"><strong>Nu deity</strong> won the battle!<br></div><div class="chat"><small>Gemsnake left.</small></div><div class="chat">Nu deity's rating: 1295 → <strong>1305</strong><br>(+10 for winning)</div><div class="chat">Gemsnake's rating: 1056 → <strong>1048</strong><br>(-8 for losing)</div></div><div class="inner-preempt"></div></div></div>
</div>
<script>
let daily = Math.floor(Date.now()/1000/60/60/24);document.write('<script src="https://play.pokemonshowdown.com/js/replay-embed.js?version'+daily+'"></'+'script>');
</script>
