<!DOCTYPE html>
<meta charset="utf-8" />
<!-- version 1 -->
<title>NU replay: Arnik vs. SD HeraKross</title>
<style>
html,body {font-family:Verdana, sans-serif;font-size:10pt;margin:0;padding:0;}body{padding:12px 0;} .battle-log {font-family:Verdana, sans-serif;font-size:10pt;} .battle-log-inline {border:1px solid #AAAAAA;background:#EEF2F5;color:black;max-width:640px;margin:0 auto 80px;padding-bottom:5px;} .battle-log .inner {padding:4px 8px 0px 8px;} .battle-log .inner-preempt {padding:0 8px 4px 8px;} .battle-log .inner-after {margin-top:0.5em;} .battle-log h2 {margin:0.5em -8px;padding:4px 8px;border:1px solid #AAAAAA;background:#E0E7EA;border-left:0;border-right:0;font-family:Verdana, sans-serif;font-size:13pt;} .battle-log .chat {vertical-align:middle;padding:3px 0 3px 0;font-size:8pt;} .battle-log .chat strong {color:#40576A;} .battle-log .chat em {padding:1px 4px 1px 3px;color:#000000;font-style:normal;} .chat.mine {background:rgba(0,0,0,0.05);margin-left:-8px;margin-right:-8px;padding-left:8px;padding-right:8px;} .spoiler {color:#BBBBBB;background:#BBBBBB;padding:0px 3px;} .spoiler:hover, .spoiler:active, .spoiler-shown {color:#000000;background:#E2E2E2;padding:0px 3px;} .spoiler a {color:#BBBBBB;} .spoiler:hover a, .spoiler:active a, .spoiler-shown a {color:#2288CC;} .chat code, .chat .spoiler:hover code, .chat .spoiler:active code, .chat .spoiler-shown code {border:1px solid #C0C0C0;background:#EEEEEE;color:black;padding:0 2px;} .chat .spoiler code {border:1px solid #CCCCCC;background:#CCCCCC;color:#CCCCCC;} .battle-log .rated {padding:3px 4px;} .battle-log .rated strong {color:white;background:#89A;padding:1px 4px;border-radius:4px;} .spacer {margin-top:0.5em;} .message-announce {background:#6688AA;color:white;padding:1px 4px 2px;} .message-announce a, .broadcast-green a, .broadcast-blue a, .broadcast-red a {color:#DDEEFF;} .broadcast-green {background-color:#559955;color:white;padding:2px 4px;} .broadcast-blue {background-color:#6688AA;color:white;padding:2px 4px;} .infobox {border:1px solid #6688AA;padding:2px 4px;} .infobox-limited {max-height:200px;overflow:auto;overflow-x:hidden;} .broadcast-red {background-color:#AA5544;color:white;padding:2px 4px;} .message-learn-canlearn {font-weight:bold;color:#228822;text-decoration:underline;} .message-learn-cannotlearn {font-weight:bold;color:#CC2222;text-decoration:underline;} .message-effect-weak {font-weight:bold;color:#CC2222;} .message-effect-resist {font-weight:bold;color:#6688AA;} .message-effect-immune {font-weight:bold;color:#666666;} .message-learn-list {margin-top:0;margin-bottom:0;} .message-throttle-notice, .message-error {color:#992222;} .message-overflow, .chat small.message-overflow {font-size:0pt;} .message-overflow::before {font-size:9pt;content:'...';} .subtle {color:#3A4A66;}
</style>
<div class="wrapper replay-wrapper" style="max-width:1180px;margin:0 auto">
<input type="hidden" name="replayid" value="nu-508904823" />
<div class="battle"></div><div class="battle-log"></div><div class="replay-controls"></div><div class="replay-controls-2"></div>
<h1 style="font-weight:normal;text-align:center"><strong>NU</strong><br /><a href="http://pokemonshowdown.com/users/arnik" class="subtle" target="_blank">Arnik</a> vs. <a href="http://pokemonshowdown.com/users/sdherakross" class="subtle" target="_blank">SD HeraKross</a></h1>
<script type="text/plain" class="battle-log-data">|j|Arnik
|j|SD HeraKross
|player|p1|Arnik|186
|player|p2|SD HeraKross|222
|gametype|singles
|gen|6
|tier|NU
|rated
|seed|27501,4428,64433,43187
|rule|Sleep Clause Mod: Limit one foe put to sleep
|rule|Species Clause: Limit one of each Pokémon
|rule|OHKO Clause: OHKO moves are banned
|rule|Moody Clause: Moody is banned
|rule|Evasion Moves Clause: Evasion moves are banned
|rule|Endless Battle Clause: Forcing endless battles is banned
|rule|HP Percentage Mod: HP is shown in percentages
|clearpoke
|poke|p1|Archeops, M|
|poke|p1|Pyroar, M|item
|poke|p1|Audino, F|item
|poke|p1|Leafeon, M, shiny|item
|poke|p1|Skuntank, M|item
|poke|p1|Gastrodon-East, M|item
|poke|p2|Lilligant, F|item
|poke|p2|Zangoose, M, shiny|item
|poke|p2|Barbaracle, M|item
|poke|p2|Lanturn, M|item
|poke|p2|Steelix, F|item
|poke|p2|Vileplume, F|item
|rule|Swagger Clause: Swagger is banned
|rule|Baton Pass Clause: Limit one Baton Passer, can't pass Spe and other stats simultaneously
|teampreview
|choice|team 2, team 1, team 3, team 4, team 5, team 6|team 4, team 2, team 3, team 1, team 5, team 6
|
|start
|switch|p1a: Pyroar|Pyroar, M|313\/313
|switch|p2a: Lanturn|Lanturn, M|401\/401
|-ability|p1a: Pyroar|Unnerve|p2: SD HeraKross
|turn|1
|choice|switch 3|move toxic
|
|switch|p1a: Audino|Audino, F|381\/381
|move|p2a: Lanturn|Toxic|p1a: Audino
|-status|p1a: Audino|tox
|
|-damage|p1a: Audino|358\/381 tox|[from] psn
|upkeep
|turn|2
|choice|switch 6|move voltswitch
|
|switch|p1a: Gastrodon|Gastrodon-East, M|413\/413
|move|p2a: Lanturn|Volt Switch|p1a: Gastrodon
|-immune|p1a: Gastrodon|[msg]
|
|upkeep
|turn|3
|j|Skallexx
|choice|move toxic|switch 4
|
|switch|p2a: Lilligant|Lilligant, F|282\/282
|move|p1a: Gastrodon|Toxic|p2a: Lilligant
|-status|p2a: Lilligant|tox
|
|-damage|p2a: Lilligant|265\/282 tox|[from] psn
|upkeep
|turn|4
|choice|switch 6|move sleeppowder
|
|switch|p1a: Audino|Audino, F|381\/381 tox
|move|p2a: Lilligant|Sleep Powder|p1a: Audino|[miss]
|-miss|p2a: Lilligant|p1a: Audino
|
|-damage|p2a: Lilligant|231\/282 tox|[from] psn
|-damage|p1a: Audino|358\/381 tox|[from] psn
|upkeep
|turn|5
|choice|move encore|switch 5
|
|switch|p2a: Steelix|Steelix, F|352\/352
|move|p1a: Audino|Encore|p2a: Steelix
|-fail|p2a: Steelix
|
|-damage|p1a: Audino|312\/381 tox|[from] psn
|upkeep
|turn|6
|choice|switch 3|move stealthrock
|
|switch|p1a: Pyroar|Pyroar, M|313\/313
|-ability|p1a: Pyroar|Unnerve|p2: SD HeraKross
|move|p2a: Steelix|Stealth Rock|p1a: Pyroar
|-sidestart|p1: Arnik|move: Stealth Rock
|
|upkeep
|turn|7
|choice|move willowisp|switch 4
|
|switch|p2a: Lanturn|Lanturn, M|401\/401
|move|p1a: Pyroar|Will-O-Wisp|p2a: Lanturn
|-status|p2a: Lanturn|brn
|
|-damage|p2a: Lanturn|351\/401 brn|[from] brn
|upkeep
|turn|8
|choice|move hypervoice|move healbell
|
|move|p1a: Pyroar|Hyper Voice|p2a: Lanturn
|-damage|p2a: Lanturn|224\/401 brn
|move|p2a: Lanturn|Heal Bell|p2a: Lanturn
|-activate|p2a: Lanturn|move: Heal Bell
|-curestatus|p2a: Lanturn|brn|[msg]
|-curestatus|p2: Lilligant|tox|[msg]
|
|-heal|p2a: Lanturn|249\/401|[from] item: Leftovers
|upkeep
|turn|9
|l|Skallexx
|choice|move hypervoice|move scald
|
|move|p1a: Pyroar|Hyper Voice|p2a: Lanturn
|-damage|p2a: Lanturn|105\/401
|move|p2a: Lanturn|Scald|p1a: Pyroar
|-supereffective|p1a: Pyroar
|-damage|p1a: Pyroar|97\/313
|
|-heal|p2a: Lanturn|130\/401|[from] item: Leftovers
|upkeep
|turn|10
|choice|move hypervoice|move scald
|
|move|p1a: Pyroar|Hyper Voice|p2a: Lanturn
|-damage|p2a: Lanturn|0 fnt
|faint|p2a: Lanturn
|
|upkeep
|choice||switch 5
|
|switch|p2a: Lilligant|Lilligant, F|231\/282
|turn|11
|choice|move hypervoice|move leafstorm
|
|move|p2a: Lilligant|Leaf Storm|p1a: Pyroar
|-resisted|p1a: Pyroar
|-damage|p1a: Pyroar|0 fnt
|-unboost|p2a: Lilligant|spa|2
|faint|p1a: Pyroar
|
|upkeep
|choice|switch 5|
|
|switch|p1a: Skuntank|Skuntank, M|347\/347
|-damage|p1a: Skuntank|304\/347|[from] Stealth Rock
|turn|12
|choice|move defog|switch 4
|
|switch|p2a: Steelix|Steelix, F|352\/352
|move|p1a: Skuntank|Defog|p2a: Steelix
|-unboost|p2a: Steelix|evasion|1
|-sideend|p1: Arnik|Stealth Rock|[from] move: Defog|[of] p1a: Skuntank
|
|-heal|p1a: Skuntank|325\/347|[from] item: Black Sludge
|upkeep
|turn|13
|choice|move fireblast|move stealthrock
|
|move|p1a: Skuntank|Fire Blast|p2a: Steelix
|-supereffective|p2a: Steelix
|-damage|p2a: Steelix|130\/352
|move|p2a: Steelix|Stealth Rock|p1a: Skuntank
|-sidestart|p1: Arnik|move: Stealth Rock
|
|-heal|p1a: Skuntank|346\/347|[from] item: Black Sludge
|-heal|p2a: Steelix|152\/352|[from] item: Leftovers
|upkeep
|turn|14
|choice|move defog|move earthquake
|
|move|p1a: Skuntank|Defog|p2a: Steelix
|-unboost|p2a: Steelix|evasion|1
|-sideend|p1: Arnik|Stealth Rock|[from] move: Defog|[of] p1a: Skuntank
|move|p2a: Steelix|Earthquake|p1a: Skuntank
|-supereffective|p1a: Skuntank
|-damage|p1a: Skuntank|0 fnt
|faint|p1a: Skuntank
|
|-heal|p2a: Steelix|174\/352|[from] item: Leftovers
|upkeep
|choice|switch 6|
|
|switch|p1a: Gastrodon|Gastrodon-East, M|413\/413
|turn|15
|choice|move scald|switch 6
|
|switch|p2a: Vileplume|Vileplume, F|354\/354
|move|p1a: Gastrodon|Scald|p2a: Vileplume
|-resisted|p2a: Vileplume
|-damage|p2a: Vileplume|307\/354
|-status|p2a: Vileplume|brn
|
|-heal|p2a: Vileplume|329\/354 brn|[from] item: Black Sludge
|-damage|p2a: Vileplume|285\/354 brn|[from] brn
|upkeep
|turn|16
|choice|switch 3|move sludgebomb
|
|switch|p1a: Audino|Audino, F|381\/381 tox
|move|p2a: Vileplume|Sludge Bomb|p1a: Audino
|-damage|p1a: Audino|269\/381 tox
|
|-heal|p2a: Vileplume|307\/354 brn|[from] item: Black Sludge
|-damage|p1a: Audino|246\/381 tox|[from] psn
|-damage|p2a: Vileplume|263\/354 brn|[from] brn
|upkeep
|turn|17
|choice|switch 3|switch 6
|
|switch|p1a: Gastrodon|Gastrodon-East, M|413\/413
|switch|p2a: Steelix|Steelix, F|174\/352
|
|-heal|p2a: Steelix|196\/352|[from] item: Leftovers
|upkeep
|turn|18
|choice|switch 2|switch 6
|
|switch|p1a: Archeops|Archeops, M|291\/291
|switch|p2a: Vileplume|Vileplume, F|263\/354 brn
|
|-heal|p2a: Vileplume|285\/354 brn|[from] item: Black Sludge
|-damage|p2a: Vileplume|241\/354 brn|[from] brn
|upkeep
|turn|19
|choice|move knockoff|switch 6
|
|switch|p2a: Steelix|Steelix, F|196\/352
|move|p1a: Archeops|Knock Off|p2a: Steelix
|-damage|p2a: Steelix|133\/352
|-enditem|p2a: Steelix|Leftovers|[from] move: Knock Off|[of] p1a: Archeops
|
|upkeep
|turn|20
|choice|move uturn|move heavyslam
|
|move|p1a: Archeops|U-turn|p2a: Steelix
|-resisted|p2a: Steelix
|-crit|p2a: Steelix
|-damage|p2a: Steelix|96\/352
|choice|switch 2|
|
|switch|p1a: Gastrodon|Gastrodon-East, M|413\/413
|move|p2a: Steelix|Heavy Slam|p1a: Gastrodon
|-resisted|p1a: Gastrodon
|-damage|p1a: Gastrodon|345\/413
|
|-heal|p1a: Gastrodon|370\/413|[from] item: Leftovers
|upkeep
|turn|21
|choice|move scald|move stealthrock
|
|move|p1a: Gastrodon|Scald|p2a: Steelix
|-supereffective|p2a: Steelix
|-damage|p2a: Steelix|0 fnt
|faint|p2a: Steelix
|
|-heal|p1a: Gastrodon|395\/413|[from] item: Leftovers
|upkeep
|choice||switch 6
|
|switch|p2a: Vileplume|Vileplume, F|241\/354 brn
|turn|22
|choice|switch 3|move gigadrain
|
|switch|p1a: Audino|Audino, F|373\/381 tox
|move|p2a: Vileplume|Giga Drain|p1a: Audino
|-damage|p1a: Audino|286\/381 tox
|-heal|p2a: Vileplume|285\/354 brn|[from] drain|[of] p1a: Audino
|
|-heal|p2a: Vileplume|307\/354 brn|[from] item: Black Sludge
|-damage|p1a: Audino|263\/381 tox|[from] psn
|-damage|p2a: Vileplume|263\/354 brn|[from] brn
|upkeep
|turn|23
|choice|move healbell|switch 3
|
|switch|p2a: Barbaracle|Barbaracle, M|285\/285
|move|p1a: Audino|Heal Bell|p1a: Audino
|-activate|p1a: Audino|move: Heal Bell
|-curestatus|p1a: Audino|tox|[msg]
|
|upkeep
|turn|24
|choice|move encore|move shellsmash
|
|move|p2a: Barbaracle|Shell Smash|p2a: Barbaracle
|-unboost|p2a: Barbaracle|def|1
|-unboost|p2a: Barbaracle|spd|1
|-boost|p2a: Barbaracle|atk|2
|-boost|p2a: Barbaracle|spa|2
|-boost|p2a: Barbaracle|spe|2
|move|p1a: Audino|Encore|p2a: Barbaracle
|-start|p2a: Barbaracle|Encore
|
|upkeep
|turn|25
|choice|switch 2|switch 4
|
|switch|p2a: Lilligant|Lilligant, F|231\/282
|switch|p1a: Archeops|Archeops, M|291\/291
|
|upkeep
|turn|26
|choice|switch 4|move leafstorm
|
|switch|p1a: Leafeon|Leafeon, M, shiny|271\/271
|move|p2a: Lilligant|Leaf Storm|p1a: Leafeon
|-resisted|p1a: Leafeon
|-damage|p1a: Leafeon|115\/271
|-unboost|p2a: Lilligant|spa|2
|
|upkeep
|turn|27
|choice|move xscissor|switch 3
|
|switch|p2a: Vileplume|Vileplume, F|263\/354 brn
|move|p1a: Leafeon|X-Scissor|p2a: Vileplume
|-damage|p2a: Vileplume|192\/354 brn
|
|-heal|p2a: Vileplume|214\/354 brn|[from] item: Black Sludge
|-damage|p2a: Vileplume|170\/354 brn|[from] brn
|upkeep
|turn|28
|choice|switch 4|move moonlight
|
|switch|p1a: Archeops|Archeops, M|291\/291
|move|p2a: Vileplume|Moonlight|p2a: Vileplume
|-heal|p2a: Vileplume|347\/354 brn
|
|-heal|p2a: Vileplume|354\/354 brn|[from] item: Black Sludge
|-damage|p2a: Vileplume|310\/354 brn|[from] brn
|upkeep
|turn|29
|choice|move acrobatics|move gigadrain
|
|move|p1a: Archeops|Acrobatics|p2a: Vileplume
|-supereffective|p2a: Vileplume
|-damage|p2a: Vileplume|0 fnt
|faint|p2a: Vileplume
|
|upkeep
|choice||switch 4
|
|switch|p2a: Barbaracle|Barbaracle, M|285\/285
|turn|30
|choice|move uturn|move shellsmash
|
|move|p1a: Archeops|U-turn|p2a: Barbaracle
|-damage|p2a: Barbaracle|209\/285
|choice|switch 3|
|
|switch|p1a: Gastrodon|Gastrodon-East, M|395\/413
|move|p2a: Barbaracle|Shell Smash|p2a: Barbaracle
|-unboost|p2a: Barbaracle|def|1
|-unboost|p2a: Barbaracle|spd|1
|-boost|p2a: Barbaracle|atk|2
|-boost|p2a: Barbaracle|spa|2
|-boost|p2a: Barbaracle|spe|2
|
|-heal|p1a: Gastrodon|413\/413|[from] item: Leftovers
|upkeep
|turn|31
|choice|move scald|move return
|
|move|p2a: Barbaracle|Return|p1a: Gastrodon
|-damage|p1a: Gastrodon|150\/413
|move|p1a: Gastrodon|Scald|p2a: Barbaracle
|-damage|p2a: Barbaracle|46\/285
|-status|p2a: Barbaracle|brn
|
|-heal|p1a: Gastrodon|175\/413|[from] item: Leftovers
|-damage|p2a: Barbaracle|11\/285 brn|[from] brn
|upkeep
|turn|32
|choice|move scald|move return
|
|move|p2a: Barbaracle|Return|p1a: Gastrodon
|-damage|p1a: Gastrodon|38\/413
|move|p1a: Gastrodon|Scald|p2a: Barbaracle
|-damage|p2a: Barbaracle|0 fnt
|faint|p2a: Barbaracle
|
|-heal|p1a: Gastrodon|63\/413|[from] item: Leftovers
|upkeep
|choice||switch 2
|
|switch|p2a: Zangoose|Zangoose, M, shiny|287\/287
|turn|33
|choice|move recover|move facade
|
|move|p2a: Zangoose|Facade|p1a: Gastrodon
|-damage|p1a: Gastrodon|0 fnt
|faint|p1a: Gastrodon
|
|-status|p2a: Zangoose|tox|[from] item: Toxic Orb
|upkeep
|choice|switch 3|
|
|switch|p1a: Archeops|Archeops, M|291\/291
|turn|34
|choice|move acrobatics|move closecombat
|
|move|p1a: Archeops|Acrobatics|p2a: Zangoose
|-damage|p2a: Zangoose|0 fnt
|faint|p2a: Zangoose
|
|upkeep
|choice||switch 3
|
|switch|p2a: Lilligant|Lilligant, F|231\/282
|turn|35
|-message|SD HeraKross forfeited.
|
|win|Arnik
|player|p1
|player|p2
|l|SD HeraKross
|raw|Arnik's rating: 1426 &rarr; <strong>1441<\/strong><br \/>(+15 for winning)
|raw|SD HeraKross's rating: 1345 &rarr; <strong>1329<\/strong><br \/>(-16 for losing)</script>
</div>
<div class="battle-log battle-log-inline"><div class="inner"><div class="battle-options"></div><div class="inner"><div class="chat"><small>Arnik joined.</small></div><div class="chat"><small>SD HeraKross joined.</small></div><div class=""><small>Format:</small> <br><strong>NU</strong></div><div class="rated"><strong>Rated battle</strong></div><div class=""><small><em>Sleep Clause Mod:</em> Limit one foe put to sleep</small></div><div class=""><small><em>Species Clause:</em> Limit one of each Pokémon</small></div><div class=""><small><em>OHKO Clause:</em> OHKO moves are banned</small></div><div class=""><small><em>Moody Clause:</em> Moody is banned</small></div><div class=""><small><em>Evasion Moves Clause:</em> Evasion moves are banned</small></div><div class=""><small><em>Endless Battle Clause:</em> Forcing endless battles is banned</small></div><div class=""><small><em>HP Percentage Mod:</em> HP is shown in percentages</small></div><div class=""><small><em>Swagger Clause:</em> Swagger is banned</small></div><div class=""><small><em>Baton Pass Clause:</em> Limit one Baton Passer, can't pass Spe and other stats simultaneously</small></div><div class="chat battle-history"><strong>Arnik's team:</strong> <em style="color:#445566;display:block;">Archeops / Pyroar / Audino / Leafeon / Skuntank / Gastrodon-East</em></div><div class="chat battle-history"><strong>SD HeraKross's team:</strong> <em style="color:#445566;display:block;">Lilligant / Zangoose / Barbaracle / Lanturn / Steelix / Vileplume</em></div><div class="spacer battle-history"><br></div><div class="battle-history">Battle started between Arnik and SD HeraKross!<br></div><div class="spacer battle-history"><br></div><div class="battle-history">Go! <strong>Pyroar</strong>!<br></div><div class="spacer battle-history"><br></div><div class="battle-history">SD HeraKross sent out <strong>Lanturn</strong>!<br></div><div class="battle-history"><small>[Pyroar's Unnerve]</small><br><small>The opposing team is too nervous to eat Berries!</small><br></div><div class="spacer battle-history"><br></div><h2 class="battle-history">Turn 1</h2><div class="spacer battle-history"><br></div><div class="battle-history">Pyroar, come back!<br></div><div class="battle-history">Go! <strong>Audino</strong>!<br></div><div class="spacer battle-history"><br></div><div class="battle-history">The opposing Lanturn used <strong>Toxic</strong>!<br></div><div class="battle-history"><small>Audino was badly poisoned!</small><br></div><div class="spacer battle-history"><br></div><div class="battle-history"><small>Audino was hurt by poison!</small><br></div><div class="spacer battle-history"><br></div><h2 class="battle-history">Turn 2</h2><div class="spacer battle-history"><br></div><div class="battle-history">Audino, come back!<br></div><div class="battle-history">Go! Gastrodon (<strong>Gastrodon-East</strong>)!<br></div><div class="spacer battle-history"><br></div><div class="battle-history">The opposing Lanturn used <strong>Volt Switch</strong>!<br></div><div class="battle-history"><small>It doesn't affect Gastrodon...</small><br></div><div class="spacer battle-history"><br></div><h2 class="battle-history">Turn 3</h2><div class="chat"><small>Skallexx joined.</small></div><div class="spacer battle-history"><br></div><div class="battle-history">The opposing Lanturn went back to SD HeraKross!<br></div><div class="battle-history">SD HeraKross sent out <strong>Lilligant</strong>!<br></div><div class="spacer battle-history"><br></div><div class="battle-history">Gastrodon used <strong>Toxic</strong>!<br></div><div class="battle-history"><small>The opposing Lilligant was badly poisoned!</small><br></div><div class="spacer battle-history"><br></div><div class="battle-history"><small>The opposing Lilligant was hurt by poison!</small><br></div><div class="spacer battle-history"><br></div><h2 class="battle-history">Turn 4</h2><div class="spacer battle-history"><br></div><div class="battle-history">Gastrodon, come back!<br></div><div class="battle-history">Go! <strong>Audino</strong>!<br></div><div class="spacer battle-history"><br></div><div class="battle-history">The opposing Lilligant used <strong>Sleep Powder</strong>!<br></div><div class="battle-history"><small>Audino avoided the attack!</small><br></div><div class="spacer battle-history"><br></div><div class="battle-history"><small>The opposing Lilligant was hurt by poison!</small><br></div><div class="battle-history"><small>Audino was hurt by poison!</small><br></div><div class="spacer battle-history"><br></div><h2 class="battle-history">Turn 5</h2><div class="spacer battle-history"><br></div><div class="battle-history">SD HeraKross withdrew Lilligant!<br></div><div class="battle-history">SD HeraKross sent out <strong>Steelix</strong>!<br></div><div class="spacer battle-history"><br></div><div class="battle-history">Audino used <strong>Encore</strong>!<br></div><div class="battle-history"><small>But it failed!</small><br></div><div class="spacer battle-history"><br></div><div class="battle-history"><small>Audino was hurt by poison!</small><br></div><div class="spacer battle-history"><br></div><h2 class="battle-history">Turn 6</h2><div class="spacer battle-history"><br></div><div class="battle-history">Audino, come back!<br></div><div class="battle-history">Go! <strong>Pyroar</strong>!<br></div><div class="battle-history"><small>[Pyroar's Unnerve]</small><br><small>The opposing team is too nervous to eat Berries!</small><br></div><div class="spacer battle-history"><br></div><div class="battle-history">The opposing Steelix used <strong>Stealth Rock</strong>!<br></div><div class="battle-history"><small>Pointed stones float in the air around your team!</small><br></div><div class="spacer battle-history"><br></div><h2 class="battle-history">Turn 7</h2><div class="spacer battle-history"><br></div><div class="battle-history">SD HeraKross withdrew Steelix!<br></div><div class="battle-history">SD HeraKross sent out <strong>Lanturn</strong>!<br></div><div class="spacer battle-history"><br></div><div class="battle-history">Pyroar used <strong>Will-O-Wisp</strong>!<br></div><div class="battle-history"><small>The opposing Lanturn was burned!</small><br></div><div class="spacer battle-history"><br></div><div class="battle-history"><small>The opposing Lanturn was hurt by its burn!</small><br></div><div class="spacer battle-history"><br></div><h2 class="battle-history">Turn 8</h2><div class="spacer battle-history"><br></div><div class="battle-history">Pyroar used <strong>Hyper Voice</strong>!<br></div><div class="battle-history"><small>(The opposing Lanturn lost <abbr title="−127/401">31.7%</abbr> of its health!)</small><br></div><div class="spacer battle-history"><br></div><div class="battle-history">The opposing Lanturn used <strong>Heal Bell</strong>!<br></div><div class="battle-history"><small>A bell chimed!</small><br></div><div class="battle-history"><small>The opposing Lanturn's burn was healed.</small><br></div><div class="battle-history"><small>The opposing Lilligant was cured of its poisoning.</small><br></div><div class="spacer battle-history"><br></div><div class="battle-history"><small>The opposing Lanturn restored a little HP using its Leftovers!</small><br></div><div class="spacer battle-history"><br></div><h2 class="battle-history">Turn 9</h2><div class="chat"><small>Skallexx left.</small></div><div class="spacer battle-history"><br></div><div class="battle-history">Pyroar used <strong>Hyper Voice</strong>!<br></div><div class="battle-history"><small>(The opposing Lanturn lost <abbr title="−144/401">35.9%</abbr> of its health!)</small><br></div><div class="spacer battle-history"><br></div><div class="battle-history">The opposing Lanturn used <strong>Scald</strong>!<br></div><div class="battle-history"><small>It's super effective!</small><br></div><div class="battle-history"><small>(Pyroar lost <abbr title="−216/313">69.0%</abbr> of its health!)</small><br></div><div class="spacer battle-history"><br></div><div class="battle-history"><small>The opposing Lanturn restored a little HP using its Leftovers!</small><br></div><div class="spacer battle-history"><br></div><h2 class="battle-history">Turn 10</h2><div class="spacer battle-history"><br></div><div class="battle-history">Pyroar used <strong>Hyper Voice</strong>!<br></div><div class="battle-history"><small>(The opposing Lanturn lost <abbr title="−130/401">32.4%</abbr> of its health!)</small><br></div><div class="spacer battle-history"><br></div><div class="battle-history">The opposing Lanturn fainted!<br></div><div class="spacer battle-history"><br></div><div class="battle-history">SD HeraKross sent out <strong>Lilligant</strong>!<br></div><div class="spacer battle-history"><br></div><h2 class="battle-history">Turn 11</h2><div class="spacer battle-history"><br></div><div class="battle-history">The opposing Lilligant used <strong>Leaf Storm</strong>!<br></div><div class="battle-history"><small>It's not very effective...</small><br></div><div class="battle-history"><small>(Pyroar lost <abbr title="−97/313">31.0%</abbr> of its health!)</small><br></div><div class="battle-history"><small>The opposing Lilligant's Special Attack fell harshly!</small><br></div><div class="spacer battle-history"><br></div><div class="battle-history">Pyroar fainted!<br></div><div class="spacer battle-history"><br></div><div class="battle-history">Go! <strong>Skuntank</strong>!<br></div><div class="battle-history"><small>Pointed stones dug into Skuntank!</small><br></div><div class="spacer battle-history"><br></div><h2 class="battle-history">Turn 12</h2><div class="spacer battle-history"><br></div><div class="battle-history">SD HeraKross withdrew Lilligant!<br></div><div class="battle-history">SD HeraKross sent out <strong>Steelix</strong>!<br></div><div class="spacer battle-history"><br></div><div class="battle-history">Skuntank used <strong>Defog</strong>!<br></div><div class="battle-history"><small>The opposing Steelix's evasiveness fell!</small><br></div><div class="battle-history"><small>The pointed stones disappeared from around your team!</small><br></div><div class="spacer battle-history"><br></div><div class="battle-history"><small>Skuntank restored a little HP using its Black Sludge!</small><br></div><div class="spacer battle-history"><br></div><h2 class="battle-history">Turn 13</h2><div class="spacer battle-history"><br></div><div class="battle-history">Skuntank used <strong>Fire Blast</strong>!<br></div><div class="battle-history"><small>It's super effective!</small><br></div><div class="battle-history"><small>(The opposing Steelix lost <abbr title="−222/352">63.1%</abbr> of its health!)</small><br></div><div class="spacer battle-history"><br></div><div class="battle-history">The opposing Steelix used <strong>Stealth Rock</strong>!<br></div><div class="battle-history"><small>Pointed stones float in the air around your team!</small><br></div><div class="spacer battle-history"><br></div><div class="battle-history"><small>Skuntank restored a little HP using its Black Sludge!</small><br></div><div class="battle-history"><small>The opposing Steelix restored a little HP using its Leftovers!</small><br></div><div class="spacer battle-history"><br></div><h2 class="battle-history">Turn 14</h2><div class="spacer battle-history"><br></div><div class="battle-history">Skuntank used <strong>Defog</strong>!<br></div><div class="battle-history"><small>The opposing Steelix's evasiveness fell!</small><br></div><div class="battle-history"><small>The pointed stones disappeared from around your team!</small><br></div><div class="spacer battle-history"><br></div><div class="battle-history">The opposing Steelix used <strong>Earthquake</strong>!<br></div><div class="battle-history"><small>It's super effective!</small><br></div><div class="battle-history"><small>(Skuntank lost <abbr title="−346/347">99.7%</abbr> of its health!)</small><br></div><div class="spacer battle-history"><br></div><div class="battle-history">Skuntank fainted!<br></div><div class="spacer battle-history"><br></div><div class="battle-history"><small>The opposing Steelix restored a little HP using its Leftovers!</small><br></div><div class="spacer battle-history"><br></div><div class="battle-history">Go! Gastrodon (<strong>Gastrodon-East</strong>)!<br></div><div class="spacer battle-history"><br></div><h2 class="battle-history">Turn 15</h2><div class="spacer battle-history"><br></div><div class="battle-history">SD HeraKross withdrew Steelix!<br></div><div class="battle-history">SD HeraKross sent out <strong>Vileplume</strong>!<br></div><div class="spacer battle-history"><br></div><div class="battle-history">Gastrodon used <strong>Scald</strong>!<br></div><div class="battle-history"><small>It's not very effective...</small><br></div><div class="battle-history"><small>(The opposing Vileplume lost <abbr title="−47/354">13.3%</abbr> of its health!)</small><br></div><div class="battle-history"><small>The opposing Vileplume was burned!</small><br></div><div class="spacer battle-history"><br></div><div class="battle-history"><small>The opposing Vileplume restored a little HP using its Black Sludge!</small><br></div><div class="battle-history"><small>The opposing Vileplume was hurt by its burn!</small><br></div><div class="spacer battle-history"><br></div><h2 class="battle-history">Turn 16</h2><div class="spacer battle-history"><br></div><div class="battle-history">Gastrodon, come back!<br></div><div class="battle-history">Go! <strong>Audino</strong>!<br></div><div class="spacer battle-history"><br></div><div class="battle-history">The opposing Vileplume used <strong>Sludge Bomb</strong>!<br></div><div class="battle-history"><small>(Audino lost <abbr title="−112/381">29.4%</abbr> of its health!)</small><br></div><div class="spacer battle-history"><br></div><div class="battle-history"><small>The opposing Vileplume restored a little HP using its Black Sludge!</small><br></div><div class="battle-history"><small>Audino was hurt by poison!</small><br></div><div class="battle-history"><small>The opposing Vileplume was hurt by its burn!</small><br></div><div class="spacer battle-history"><br></div><h2 class="battle-history">Turn 17</h2><div class="spacer battle-history"><br></div><div class="battle-history">Audino, come back!<br></div><div class="battle-history">Go! Gastrodon (<strong>Gastrodon-East</strong>)!<br></div><div class="spacer battle-history"><br></div><div class="battle-history">SD HeraKross withdrew Vileplume!<br></div><div class="battle-history">SD HeraKross sent out <strong>Steelix</strong>!<br></div><div class="spacer battle-history"><br></div><div class="battle-history"><small>The opposing Steelix restored a little HP using its Leftovers!</small><br></div><div class="spacer battle-history"><br></div><h2 class="battle-history">Turn 18</h2><div class="spacer battle-history"><br></div><div class="battle-history">Gastrodon, come back!<br></div><div class="battle-history">Go! <strong>Archeops</strong>!<br></div><div class="spacer battle-history"><br></div><div class="battle-history">SD HeraKross withdrew Steelix!<br></div><div class="battle-history">SD HeraKross sent out <strong>Vileplume</strong>!<br></div><div class="spacer battle-history"><br></div><div class="battle-history"><small>The opposing Vileplume restored a little HP using its Black Sludge!</small><br></div><div class="battle-history"><small>The opposing Vileplume was hurt by its burn!</small><br></div><div class="spacer battle-history"><br></div><h2 class="battle-history">Turn 19</h2><div class="spacer battle-history"><br></div><div class="battle-history">SD HeraKross withdrew Vileplume!<br></div><div class="battle-history">SD HeraKross sent out <strong>Steelix</strong>!<br></div><div class="spacer battle-history"><br></div><div class="battle-history">Archeops used <strong>Knock Off</strong>!<br></div><div class="battle-history"><small>(The opposing Steelix lost <abbr title="−63/352">17.9%</abbr> of its health!)</small><br></div><div class="battle-history"><small>Archeops knocked off the opposing Steelix's Leftovers!</small><br></div><div class="spacer battle-history"><br></div><h2 class="battle-history">Turn 20</h2><div class="spacer battle-history"><br></div><div class="battle-history">Archeops used <strong>U-turn</strong>!<br></div><div class="battle-history"><small>It's not very effective...</small><br></div><div class="battle-history"><small>A critical hit!</small><br></div><div class="battle-history"><small>(The opposing Steelix lost <abbr title="−37/352">10.5%</abbr> of its health!)</small><br></div><div class="spacer battle-history"><br></div><div class="battle-history">Archeops went back to Arnik!<br></div><div class="battle-history">Go! Gastrodon (<strong>Gastrodon-East</strong>)!<br></div><div class="spacer battle-history"><br></div><div class="battle-history">The opposing Steelix used <strong>Heavy Slam</strong>!<br></div><div class="battle-history"><small>It's not very effective...</small><br></div><div class="battle-history"><small>(Gastrodon lost <abbr title="−68/413">16.5%</abbr> of its health!)</small><br></div><div class="spacer battle-history"><br></div><div class="battle-history"><small>Gastrodon restored a little HP using its Leftovers!</small><br></div><div class="spacer battle-history"><br></div><h2 class="battle-history">Turn 21</h2><div class="spacer battle-history"><br></div><div class="battle-history">Gastrodon used <strong>Scald</strong>!<br></div><div class="battle-history"><small>It's super effective!</small><br></div><div class="battle-history"><small>(The opposing Steelix lost <abbr title="−96/352">27.3%</abbr> of its health!)</small><br></div><div class="spacer battle-history"><br></div><div class="battle-history">The opposing Steelix fainted!<br></div><div class="spacer battle-history"><br></div><div class="battle-history"><small>Gastrodon restored a little HP using its Leftovers!</small><br></div><div class="spacer battle-history"><br></div><div class="battle-history">SD HeraKross sent out <strong>Vileplume</strong>!<br></div><div class="spacer battle-history"><br></div><h2 class="battle-history">Turn 22</h2><div class="spacer battle-history"><br></div><div class="battle-history">Gastrodon, come back!<br></div><div class="battle-history">Go! <strong>Audino</strong>!<br></div><div class="spacer battle-history"><br></div><div class="battle-history">The opposing Vileplume used <strong>Giga Drain</strong>!<br></div><div class="battle-history"><small>(Audino lost <abbr title="−87/381">22.8%</abbr> of its health!)</small><br></div><div class="battle-history"><small>Audino had its energy drained!</small><br></div><div class="spacer battle-history"><br></div><div class="battle-history"><small>The opposing Vileplume restored a little HP using its Black Sludge!</small><br></div><div class="battle-history"><small>Audino was hurt by poison!</small><br></div><div class="battle-history"><small>The opposing Vileplume was hurt by its burn!</small><br></div><div class="spacer battle-history"><br></div><h2 class="battle-history">Turn 23</h2><div class="spacer battle-history"><br></div><div class="battle-history">SD HeraKross withdrew Vileplume!<br></div><div class="battle-history">SD HeraKross sent out <strong>Barbaracle</strong>!<br></div><div class="spacer battle-history"><br></div><div class="battle-history">Audino used <strong>Heal Bell</strong>!<br></div><div class="battle-history"><small>A bell chimed!</small><br></div><div class="battle-history"><small>Audino was cured of its poisoning.</small><br></div><div class="spacer battle-history"><br></div><h2 class="battle-history">Turn 24</h2><div class="spacer battle-history"><br></div><div class="battle-history">The opposing Barbaracle used <strong>Shell Smash</strong>!<br></div><div class="battle-history"><small>The opposing Barbaracle's Defense fell!</small><br></div><div class="battle-history"><small>The opposing Barbaracle's Special Defense fell!</small><br></div><div class="battle-history"><small>The opposing Barbaracle's Attack rose sharply!</small><br></div><div class="battle-history"><small>The opposing Barbaracle's Special Attack rose sharply!</small><br></div><div class="battle-history"><small>The opposing Barbaracle's Speed rose sharply!</small><br></div><div class="spacer battle-history"><br></div><div class="battle-history">Audino used <strong>Encore</strong>!<br></div><div class="battle-history"><small>The opposing Barbaracle received an encore!</small><br></div><div class="spacer battle-history"><br></div><h2 class="battle-history">Turn 25</h2><div class="spacer battle-history"><br></div><div class="battle-history">SD HeraKross withdrew Barbaracle!<br></div><div class="battle-history">SD HeraKross sent out <strong>Lilligant</strong>!<br></div><div class="spacer battle-history"><br></div><div class="battle-history">Audino, come back!<br></div><div class="battle-history">Go! <strong>Archeops</strong>!<br></div><div class="spacer battle-history"><br></div><h2 class="battle-history">Turn 26</h2><div class="spacer battle-history"><br></div><div class="battle-history">Archeops, come back!<br></div><div class="battle-history">Go! <strong>Leafeon</strong>!<br></div><div class="spacer battle-history"><br></div><div class="battle-history">The opposing Lilligant used <strong>Leaf Storm</strong>!<br></div><div class="battle-history"><small>It's not very effective...</small><br></div><div class="battle-history"><small>(Leafeon lost <abbr title="−156/271">57.6%</abbr> of its health!)</small><br></div><div class="battle-history"><small>The opposing Lilligant's Special Attack fell harshly!</small><br></div><div class="spacer battle-history"><br></div><h2 class="battle-history">Turn 27</h2><div class="spacer battle-history"><br></div><div class="battle-history">SD HeraKross withdrew Lilligant!<br></div><div class="battle-history">SD HeraKross sent out <strong>Vileplume</strong>!<br></div><div class="spacer battle-history"><br></div><div class="battle-history">Leafeon used <strong>X-Scissor</strong>!<br></div><div class="battle-history"><small>(The opposing Vileplume lost <abbr title="−71/354">20.1%</abbr> of its health!)</small><br></div><div class="spacer battle-history"><br></div><div class="battle-history"><small>The opposing Vileplume restored a little HP using its Black Sludge!</small><br></div><div class="battle-history"><small>The opposing Vileplume was hurt by its burn!</small><br></div><div class="spacer battle-history"><br></div><h2 class="battle-history">Turn 28</h2><div class="spacer battle-history"><br></div><div class="battle-history">Leafeon, come back!<br></div><div class="battle-history">Go! <strong>Archeops</strong>!<br></div><div class="spacer battle-history"><br></div><div class="battle-history">The opposing Vileplume used <strong>Moonlight</strong>!<br></div><div class="battle-history"><small>The opposing Vileplume restored its HP.</small><br></div><div class="spacer battle-history"><br></div><div class="battle-history"><small>The opposing Vileplume restored a little HP using its Black Sludge!</small><br></div><div class="battle-history"><small>The opposing Vileplume was hurt by its burn!</small><br></div><div class="spacer battle-history"><br></div><h2 class="battle-history">Turn 29</h2><div class="spacer battle-history"><br></div><div class="battle-history">Archeops used <strong>Acrobatics</strong>!<br></div><div class="battle-history"><small>It's super effective!</small><br></div><div class="battle-history"><small>(The opposing Vileplume lost <abbr title="−310/354">87.6%</abbr> of its health!)</small><br></div><div class="spacer battle-history"><br></div><div class="battle-history">The opposing Vileplume fainted!<br></div><div class="spacer battle-history"><br></div><div class="battle-history">SD HeraKross sent out <strong>Barbaracle</strong>!<br></div><div class="spacer battle-history"><br></div><h2 class="battle-history">Turn 30</h2><div class="spacer battle-history"><br></div><div class="battle-history">Archeops used <strong>U-turn</strong>!<br></div><div class="battle-history"><small>(The opposing Barbaracle lost <abbr title="−76/285">26.7%</abbr> of its health!)</small><br></div><div class="spacer battle-history"><br></div><div class="battle-history">Archeops went back to Arnik!<br></div><div class="battle-history">Go! Gastrodon (<strong>Gastrodon-East</strong>)!<br></div><div class="spacer battle-history"><br></div><div class="battle-history">The opposing Barbaracle used <strong>Shell Smash</strong>!<br></div><div class="battle-history"><small>The opposing Barbaracle's Defense fell!</small><br></div><div class="battle-history"><small>The opposing Barbaracle's Special Defense fell!</small><br></div><div class="battle-history"><small>The opposing Barbaracle's Attack rose sharply!</small><br></div><div class="battle-history"><small>The opposing Barbaracle's Special Attack rose sharply!</small><br></div><div class="battle-history"><small>The opposing Barbaracle's Speed rose sharply!</small><br></div><div class="spacer battle-history"><br></div><div class="battle-history"><small>Gastrodon restored a little HP using its Leftovers!</small><br></div><div class="spacer battle-history"><br></div><h2 class="battle-history">Turn 31</h2><div class="spacer battle-history"><br></div><div class="battle-history">The opposing Barbaracle used <strong>Return</strong>!<br></div><div class="battle-history"><small>(Gastrodon lost <abbr title="−263/413">63.7%</abbr> of its health!)</small><br></div><div class="spacer battle-history"><br></div><div class="battle-history">Gastrodon used <strong>Scald</strong>!<br></div><div class="battle-history"><small>(The opposing Barbaracle lost <abbr title="−163/285">57.2%</abbr> of its health!)</small><br></div><div class="battle-history"><small>The opposing Barbaracle was burned!</small><br></div><div class="spacer battle-history"><br></div><div class="battle-history"><small>Gastrodon restored a little HP using its Leftovers!</small><br></div><div class="battle-history"><small>The opposing Barbaracle was hurt by its burn!</small><br></div><div class="spacer battle-history"><br></div><h2 class="battle-history">Turn 32</h2><div class="spacer battle-history"><br></div><div class="battle-history">The opposing Barbaracle used <strong>Return</strong>!<br></div><div class="battle-history"><small>(Gastrodon lost <abbr title="−137/413">33.2%</abbr> of its health!)</small><br></div><div class="spacer battle-history"><br></div><div class="battle-history">Gastrodon used <strong>Scald</strong>!<br></div><div class="battle-history"><small>(The opposing Barbaracle lost <abbr title="−11/285">3.9%</abbr> of its health!)</small><br></div><div class="spacer battle-history"><br></div><div class="battle-history">The opposing Barbaracle fainted!<br></div><div class="spacer battle-history"><br></div><div class="battle-history"><small>Gastrodon restored a little HP using its Leftovers!</small><br></div><div class="spacer battle-history"><br></div><div class="battle-history">SD HeraKross sent out <strong>Zangoose</strong>!<br></div><div class="spacer battle-history"><br></div><h2 class="battle-history">Turn 33</h2><div class="spacer battle-history"><br></div><div class="battle-history">The opposing Zangoose used <strong>Facade</strong>!<br></div><div class="battle-history"><small>(Gastrodon lost <abbr title="−63/413">15.3%</abbr> of its health!)</small><br></div><div class="spacer battle-history"><br></div><div class="battle-history">Gastrodon fainted!<br></div><div class="spacer battle-history"><br></div><div class="battle-history"><small>The opposing Zangoose was badly poisoned!</small><br></div><div class="spacer battle-history"><br></div><div class="battle-history">Go! <strong>Archeops</strong>!<br></div><div class="spacer battle-history"><br></div><h2 class="battle-history">Turn 34</h2><div class="spacer battle-history"><br></div><div class="battle-history">Archeops used <strong>Acrobatics</strong>!<br></div><div class="battle-history"><small>(The opposing Zangoose lost <abbr title="−287/287">100%</abbr> of its health!)</small><br></div><div class="spacer battle-history"><br></div><div class="battle-history">The opposing Zangoose fainted!<br></div><div class="spacer battle-history"><br></div><div class="battle-history">SD HeraKross sent out <strong>Lilligant</strong>!<br></div><div class="spacer battle-history"><br></div><h2 class="battle-history">Turn 35</h2><div class="spacer battle-history"><br></div><div class="battle-history"><small>SD HeraKross forfeited.</small><br></div><div class="spacer battle-history"><br></div><div class="battle-history"><strong>Arnik</strong> won the battle!<br></div><div class="chat"><small>SD HeraKross left.</small></div><div class="chat">Arnik's rating: 1426 → <strong>1441</strong><br>(+15 for winning)</div><div class="chat">SD HeraKross's rating: 1345 → <strong>1329</strong><br>(-16 for losing)</div></div><div class="inner-preempt"></div></div></div>
</div>
<script>
let daily = Math.floor(Date.now()/1000/60/60/24);document.write('<script src="https://play.pokemonshowdown.com/js/replay-embed.js?version'+daily+'"></'+'script>');
</script>
