<!DOCTYPE html>
<meta charset="utf-8" />
<!-- version 1 -->
<title>NU replay: Zaniu Schiaaa vs. bobby20xx</title>
<style>
html,body {font-family:Verdana, sans-serif;font-size:10pt;margin:0;padding:0;}body{padding:12px 0;} .battle-log {font-family:Verdana, sans-serif;font-size:10pt;} .battle-log-inline {border:1px solid #AAAAAA;background:#EEF2F5;color:black;max-width:640px;margin:0 auto 80px;padding-bottom:5px;} .battle-log .inner {padding:4px 8px 0px 8px;} .battle-log .inner-preempt {padding:0 8px 4px 8px;} .battle-log .inner-after {margin-top:0.5em;} .battle-log h2 {margin:0.5em -8px;padding:4px 8px;border:1px solid #AAAAAA;background:#E0E7EA;border-left:0;border-right:0;font-family:Verdana, sans-serif;font-size:13pt;} .battle-log .chat {vertical-align:middle;padding:3px 0 3px 0;font-size:8pt;} .battle-log .chat strong {color:#40576A;} .battle-log .chat em {padding:1px 4px 1px 3px;color:#000000;font-style:normal;} .chat.mine {background:rgba(0,0,0,0.05);margin-left:-8px;margin-right:-8px;padding-left:8px;padding-right:8px;} .spoiler {color:#BBBBBB;background:#BBBBBB;padding:0px 3px;} .spoiler:hover, .spoiler:active, .spoiler-shown {color:#000000;background:#E2E2E2;padding:0px 3px;} .spoiler a {color:#BBBBBB;} .spoiler:hover a, .spoiler:active a, .spoiler-shown a {color:#2288CC;} .chat code, .chat .spoiler:hover code, .chat .spoiler:active code, .chat .spoiler-shown code {border:1px solid #C0C0C0;background:#EEEEEE;color:black;padding:0 2px;} .chat .spoiler code {border:1px solid #CCCCCC;background:#CCCCCC;color:#CCCCCC;} .battle-log .rated {padding:3px 4px;} .battle-log .rated strong {color:white;background:#89A;padding:1px 4px;border-radius:4px;} .spacer {margin-top:0.5em;} .message-announce {background:#6688AA;color:white;padding:1px 4px 2px;} .message-announce a, .broadcast-green a, .broadcast-blue a, .broadcast-red a {color:#DDEEFF;} .broadcast-green {background-color:#559955;color:white;padding:2px 4px;} .broadcast-blue {background-color:#6688AA;color:white;padding:2px 4px;} .infobox {border:1px solid #6688AA;padding:2px 4px;} .infobox-limited {max-height:200px;overflow:auto;overflow-x:hidden;} .broadcast-red {background-color:#AA5544;color:white;padding:2px 4px;} .message-learn-canlearn {font-weight:bold;color:#228822;text-decoration:underline;} .message-learn-cannotlearn {font-weight:bold;color:#CC2222;text-decoration:underline;} .message-effect-weak {font-weight:bold;color:#CC2222;} .message-effect-resist {font-weight:bold;color:#6688AA;} .message-effect-immune {font-weight:bold;color:#666666;} .message-learn-list {margin-top:0;margin-bottom:0;} .message-throttle-notice, .message-error {color:#992222;} .message-overflow, .chat small.message-overflow {font-size:0pt;} .message-overflow::before {font-size:9pt;content:'...';} .subtle {color:#3A4A66;}
</style>
<div class="wrapper replay-wrapper" style="max-width:1180px;margin:0 auto">
<input type="hidden" name="replayid" value="nu-504373808" />
<div class="battle"></div><div class="battle-log"></div><div class="replay-controls"></div><div class="replay-controls-2"></div>
<h1 style="font-weight:normal;text-align:center"><strong>NU</strong><br /><a href="http://pokemonshowdown.com/users/zaniuschiaaa" class="subtle" target="_blank">Zaniu Schiaaa</a> vs. <a href="http://pokemonshowdown.com/users/bobby20xx" class="subtle" target="_blank">bobby20xx</a></h1>
<script type="text/plain" class="battle-log-data">|j|Zaniu Schiaaa
|j|bobby20xx
|player|p1|Zaniu Schiaaa|68
|player|p2|bobby20xx|191
|gametype|singles
|gen|6
|tier|NU
|rated
|seed|10915,53583,48782,52166
|rule|Baton Pass Speed Clause: Limit one Baton Passer, can't pass Speed
|rule|Sleep Clause Mod: Limit one foe put to sleep
|rule|Species Clause: Limit one of each Pokémon
|rule|OHKO Clause: OHKO moves are banned
|rule|Moody Clause: Moody is banned
|rule|Evasion Moves Clause: Evasion moves are banned
|rule|Endless Battle Clause: Forcing endless battles is banned
|rule|HP Percentage Mod: HP is shown in percentages
|clearpoke
|poke|p1|Steelix, F|item
|poke|p1|Lanturn, M|item
|poke|p1|Weezing, F|item
|poke|p1|Haunter, F|item
|poke|p1|Swellow, F|item
|poke|p1|Xatu, M|item
|poke|p2|Scyther, M|item
|poke|p2|Samurott, M|item
|poke|p2|Gastrodon, F|item
|poke|p2|Vileplume, F|item
|poke|p2|Mesprit|item
|poke|p2|Skuntank, M|item
|rule|Swagger Clause: Swagger is banned
|rule|Baton Pass Clause: Limit one Baton Passer, can't pass Spe and other stats simultaneously
|teampreview
|c|★bobby20xx|glhf
|c|★Zaniu Schiaaa|good luck m8 :)
|c|★bobby20xx|thxx
|choice|team 5, team 2, team 3, team 4, team 1, team 6|team 1, team 2, team 3, team 4, team 5, team 6
|
|start
|switch|p1a: Swellow|Swellow, F|261\/261
|switch|p2a: Scyther|Scyther, M|282\/282
|turn|1
|choice|move protect|switch 5
|
|switch|p2a: Mesprit|Mesprit|364\/364
|move|p1a: Swellow|Protect|p1a: Swellow
|-fail|p1a: Swellow
|
|-status|p1a: Swellow|brn|[from] item: Flame Orb
|upkeep
|turn|2
|choice|move uturn|move thunderwave
|
|move|p1a: Swellow|U-turn|p2a: Mesprit
|-supereffective|p2a: Mesprit
|-damage|p2a: Mesprit|242\/364
|j|raiser101
|choice|switch 6|
|
|switch|p1a: Xatu|Xatu, M|334\/334
|move|p2a: Mesprit|Thunder Wave|p1a: Xatu
|move|p1a: Xatu|Thunder Wave|p2a: Mesprit|[from]Magic Bounce
|-status|p2a: Mesprit|par
|
|-heal|p2a: Mesprit|264\/364 par|[from] item: Leftovers
|upkeep
|turn|3
|choice|move wish|move stealthrock
|
|move|p1a: Xatu|Wish|p1a: Xatu
|move|p2a: Mesprit|Stealth Rock|p1a: Xatu
|move|p1a: Xatu|Stealth Rock|p2a: Mesprit|[from]Magic Bounce
|-sidestart|p2: bobby20xx|move: Stealth Rock
|
|-heal|p2a: Mesprit|286\/364 par|[from] item: Leftovers
|upkeep
|turn|4
|c|★bobby20xx|uh oh
|l|raiser101
|choice|move psychic|switch 6
|
|switch|p2a: Skuntank|Skuntank, M|347\/347
|-damage|p2a: Skuntank|304\/347|[from] Stealth Rock
|move|p1a: Xatu|Psychic|p2a: Skuntank
|-immune|p2a: Skuntank|[msg]
|
|upkeep
|turn|5
|choice|move protect|move pursuit
|
|move|p1a: Xatu|Protect|p1a: Xatu
|-singleturn|p1a: Xatu|Protect
|move|p2a: Skuntank|Pursuit|p1a: Xatu
|-activate|p1a: Xatu|move: Protect
|
|upkeep
|turn|6
|choice|switch 5|move defog
|
|switch|p1a: Steelix|Steelix, F|354\/354
|move|p2a: Skuntank|Defog|p1a: Steelix
|-unboost|p1a: Steelix|evasion|1
|-sideend|p2: bobby20xx|Stealth Rock|[from] move: Defog|[of] p2a: Skuntank
|
|upkeep
|turn|7
|choice|move dragontail|switch 2
|
|switch|p2a: Samurott|Samurott, M|331\/331
|move|p1a: Steelix|Dragon Tail|p2a: Samurott
|-damage|p2a: Samurott|279\/331
|drag|p2a: Scyther|Scyther, M|282\/282
|
|upkeep
|turn|8
|choice|move dragontail|move uturn
|
|move|p2a: Scyther|U-turn|p1a: Steelix
|-resisted|p1a: Steelix
|-damage|p1a: Steelix|317\/354
|-damage|p2a: Scyther|235\/282|[from] item: Rocky Helmet|[of] p1a: Steelix
|choice||switch 5
|
|switch|p2a: Samurott|Samurott, M|279\/331
|move|p1a: Steelix|Dragon Tail|p2a: Samurott
|-damage|p2a: Samurott|232\/331
|drag|p2a: Scyther|Scyther, M|235\/282
|
|upkeep
|turn|9
|choice|move dragontail|move brickbreak
|
|move|p2a: Scyther|Brick Break|p1a: Steelix
|-supereffective|p1a: Steelix
|-damage|p1a: Steelix|211\/354
|-damage|p2a: Scyther|188\/282|[from] item: Rocky Helmet|[of] p1a: Steelix
|move|p1a: Steelix|Dragon Tail|p2a: Scyther|[miss]
|-miss|p1a: Steelix|p2a: Scyther
|
|upkeep
|turn|10
|choice|move dragontail|switch 5
|
|switch|p2a: Samurott|Samurott, M|232\/331
|move|p1a: Steelix|Dragon Tail|p2a: Samurott
|-damage|p2a: Samurott|184\/331
|drag|p2a: Vileplume|Vileplume, F|354\/354
|
|upkeep
|turn|11
|choice|switch 5|move sleeppowder
|
|switch|p1a: Xatu|Xatu, M|334\/334
|move|p2a: Vileplume|Sleep Powder|p1a: Xatu
|move|p1a: Xatu|Sleep Powder|p2a: Vileplume|[from]Magic Bounce
|-immune|p2a: Vileplume|[msg]
|
|upkeep
|turn|12
|choice|move uturn|switch 2
|
|switch|p2a: Skuntank|Skuntank, M|304\/347
|move|p1a: Xatu|U-turn|p2a: Skuntank
|-damage|p2a: Skuntank|246\/347
|choice|switch 5|
|
|switch|p1a: Steelix|Steelix, F|211\/354
|
|upkeep
|turn|13
|choice|move earthquake|move suckerpunch
|
|move|p2a: Skuntank|Sucker Punch|p1a: Steelix
|-damage|p1a: Steelix|160\/354
|-damage|p2a: Skuntank|189\/347|[from] item: Rocky Helmet|[of] p1a: Steelix
|move|p1a: Steelix|Earthquake|p2a: Skuntank
|-supereffective|p2a: Skuntank
|-crit|p2a: Skuntank
|-damage|p2a: Skuntank|0 fnt
|faint|p2a: Skuntank
|
|upkeep
|choice||switch 4
|
|switch|p2a: Samurott|Samurott, M|184\/331
|turn|14
|choice|switch 2|move hydropump
|
|switch|p1a: Lanturn|Lanturn, M|454\/454
|move|p2a: Samurott|Hydro Pump|p1a: Lanturn
|-immune|p1a: Lanturn|[msg]|[from] ability: Water Absorb
|
|upkeep
|turn|15
|choice|move voltswitch|move grassknot
|
|move|p2a: Samurott|Grass Knot|p1a: Lanturn
|-supereffective|p1a: Lanturn
|-damage|p1a: Lanturn|350\/454
|-damage|p2a: Samurott|151\/331|[from] item: Life Orb
|move|p1a: Lanturn|Volt Switch|p2a: Samurott
|-supereffective|p2a: Samurott
|-damage|p2a: Samurott|0 fnt
|faint|p2a: Samurott
|choice|switch 6|
|
|switch|p1a: Swellow|Swellow, F|261\/261 brn
|
|-damage|p1a: Swellow|229\/261 brn|[from] brn
|upkeep
|choice||switch 3
|
|switch|p2a: Gastrodon|Gastrodon, F|426\/426
|turn|16
|choice|move uturn|move scald
|
|move|p1a: Swellow|U-turn|p2a: Gastrodon
|-damage|p2a: Gastrodon|305\/426
|choice|switch 4|
|
|switch|p1a: Haunter|Haunter, F|231\/231
|move|p2a: Gastrodon|Scald|p1a: Haunter
|-damage|p1a: Haunter|99\/231
|-status|p1a: Haunter|brn
|
|-heal|p2a: Gastrodon|331\/426|[from] item: Leftovers
|-damage|p1a: Haunter|71\/231 brn|[from] brn
|upkeep
|turn|17
|choice|move energyball|move scald
|
|move|p1a: Haunter|Energy Ball|p2a: Gastrodon
|-supereffective|p2a: Gastrodon
|-damage|p2a: Gastrodon|0 fnt
|faint|p2a: Gastrodon
|
|-damage|p1a: Haunter|43\/231 brn|[from] brn
|upkeep
|choice||switch 5
|
|switch|p2a: Scyther|Scyther, M|188\/282
|turn|18
|choice|switch 3|move uturn
|
|switch|p1a: Weezing|Weezing, F|334\/334
|move|p2a: Scyther|U-turn|p1a: Weezing
|-resisted|p1a: Weezing
|-damage|p1a: Weezing|262\/334
|choice||switch 6
|
|switch|p2a: Mesprit|Mesprit|286\/364 par
|
|-heal|p1a: Weezing|282\/334|[from] item: Black Sludge
|-heal|p2a: Mesprit|308\/364 par|[from] item: Leftovers
|upkeep
|turn|19
|choice|switch 5|move psychic
|
|switch|p1a: Xatu|Xatu, M|334\/334
|move|p2a: Mesprit|Psychic|p1a: Xatu
|-resisted|p1a: Xatu
|-damage|p1a: Xatu|286\/334
|
|-heal|p2a: Mesprit|330\/364 par|[from] item: Leftovers
|upkeep
|turn|20
|choice|move uturn|move uturn
|
|move|p1a: Xatu|U-turn|p2a: Mesprit
|-supereffective|p2a: Mesprit
|-damage|p2a: Mesprit|264\/364 par
|choice|switch 6|
|
|switch|p1a: Lanturn|Lanturn, M|350\/454
|move|p2a: Mesprit|U-turn|p1a: Lanturn
|-damage|p1a: Lanturn|268\/454
|choice||switch 2
|
|switch|p2a: Vileplume|Vileplume, F|354\/354
|
|-heal|p1a: Lanturn|296\/454|[from] item: Leftovers
|upkeep
|turn|21
|choice|switch 6|move sleeppowder
|
|switch|p1a: Xatu|Xatu, M|286\/334
|move|p2a: Vileplume|Sleep Powder|p1a: Xatu
|move|p1a: Xatu|Sleep Powder|p2a: Vileplume|[from]Magic Bounce
|-immune|p2a: Vileplume|[msg]
|
|upkeep
|turn|22
|choice|move psychic|move sludgebomb
|
|move|p1a: Xatu|Psychic|p2a: Vileplume
|-supereffective|p2a: Vileplume
|-damage|p2a: Vileplume|126\/354
|move|p2a: Vileplume|Sludge Bomb|p1a: Xatu
|-damage|p1a: Xatu|192\/334
|-status|p1a: Xatu|psn
|
|-heal|p2a: Vileplume|148\/354|[from] item: Black Sludge
|-damage|p1a: Xatu|151\/334 psn|[from] psn
|upkeep
|-enditem|p1a: Xatu|Sitrus Berry|[eat]
|-heal|p1a: Xatu|234\/334 psn|[from] item: Sitrus Berry
|turn|23
|choice|move uturn|switch 2
|
|switch|p2a: Mesprit|Mesprit|264\/364 par
|move|p1a: Xatu|U-turn|p2a: Mesprit
|-supereffective|p2a: Mesprit
|-damage|p2a: Mesprit|206\/364 par
|choice|switch 4|
|
|switch|p1a: Swellow|Swellow, F|229\/261 brn
|
|-heal|p2a: Mesprit|228\/364 par|[from] item: Leftovers
|-damage|p1a: Swellow|197\/261 brn|[from] brn
|upkeep
|turn|24
|choice|move facade|move stealthrock
|
|move|p1a: Swellow|Facade|p2a: Mesprit
|-damage|p2a: Mesprit|18\/364 par
|cant|p2a: Mesprit|par
|
|-heal|p2a: Mesprit|40\/364 par|[from] item: Leftovers
|-damage|p1a: Swellow|165\/261 brn|[from] brn
|upkeep
|turn|25
|choice|move facade|move psychic
|
|move|p1a: Swellow|Facade|p2a: Mesprit
|-damage|p2a: Mesprit|0 fnt
|faint|p2a: Mesprit
|
|-damage|p1a: Swellow|133\/261 brn|[from] brn
|upkeep
|choice||switch 2
|
|switch|p2a: Vileplume|Vileplume, F|148\/354
|turn|26
|choice|move facade|move gigadrain
|
|move|p1a: Swellow|Facade|p2a: Vileplume
|-damage|p2a: Vileplume|0 fnt
|faint|p2a: Vileplume
|
|-damage|p1a: Swellow|101\/261 brn|[from] brn
|upkeep
|choice||switch 6
|
|switch|p2a: Scyther|Scyther, M|188\/282
|turn|27
|c|★Zaniu Schiaaa|gg
|c|★bobby20xx|gg
|choice|move facade|move bugbuzz
|
|move|p1a: Swellow|Facade|p2a: Scyther
|-damage|p2a: Scyther|0 fnt
|faint|p2a: Scyther
|
|win|Zaniu Schiaaa
|player|p1
|player|p2
|raw|Zaniu Schiaaa's rating: 1164 &rarr; <strong>1187<\/strong><br \/>(+23 for winning)
|raw|bobby20xx's rating: 1146 &rarr; <strong>1122<\/strong><br \/>(-24 for losing)</script>
</div>
<div class="battle-log battle-log-inline"><div class="inner"><div class="battle-options"></div><div class="inner"><div class="chat"><small>Zaniu Schiaaa joined.</small></div><div class="chat"><small>bobby20xx joined.</small></div><div class=""><small>Format:</small> <br><strong>NU</strong></div><div class="rated"><strong>Rated battle</strong></div><div class=""><small><em>Baton Pass Speed Clause:</em> Limit one Baton Passer, can't pass Speed</small></div><div class=""><small><em>Sleep Clause Mod:</em> Limit one foe put to sleep</small></div><div class=""><small><em>Species Clause:</em> Limit one of each Pokémon</small></div><div class=""><small><em>OHKO Clause:</em> OHKO moves are banned</small></div><div class=""><small><em>Moody Clause:</em> Moody is banned</small></div><div class=""><small><em>Evasion Moves Clause:</em> Evasion moves are banned</small></div><div class=""><small><em>Endless Battle Clause:</em> Forcing endless battles is banned</small></div><div class=""><small><em>HP Percentage Mod:</em> HP is shown in percentages</small></div><div class=""><small><em>Swagger Clause:</em> Swagger is banned</small></div><div class=""><small><em>Baton Pass Clause:</em> Limit one Baton Passer, can't pass Spe and other stats simultaneously</small></div><div class="chat battle-history"><strong>Zaniu Schiaaa's team:</strong> <em style="color:#445566;display:block;">Steelix / Lanturn / Weezing / Haunter / Swellow / Xatu</em></div><div class="chat battle-history"><strong>bobby20xx's team:</strong> <em style="color:#445566;display:block;">Scyther / Samurott / Gastrodon / Vileplume / Mesprit / Skuntank</em></div><div class="chat chatmessage-bobby20xx"><strong style="color:hsl(127,65%,35%)"><small>★</small><span class="username" data-name="bobby20xx">bobby20xx</span>:</strong> <em>glhf</em></div><div class="chat chatmessage-zaniuschiaaa"><strong style="color:hsl(17,75%,46%)"><small>★</small><span class="username" data-name="Zaniu Schiaaa">Zaniu Schiaaa</span>:</strong> <em>good luck m8 :)</em></div><div class="chat chatmessage-bobby20xx"><strong style="color:hsl(127,65%,35%)"><small>★</small><span class="username" data-name="bobby20xx">bobby20xx</span>:</strong> <em>thxx</em></div><div class="spacer battle-history"><br></div><div class="battle-history">Battle started between Zaniu Schiaaa and bobby20xx!<br></div><div class="spacer battle-history"><br></div><div class="battle-history">Go! <strong>Swellow</strong>!<br></div><div class="spacer battle-history"><br></div><div class="battle-history">bobby20xx sent out <strong>Scyther</strong>!<br></div><div class="spacer battle-history"><br></div><h2 class="battle-history">Turn 1</h2><div class="spacer battle-history"><br></div><div class="battle-history">bobby20xx withdrew Scyther!<br></div><div class="battle-history">bobby20xx sent out <strong>Mesprit</strong>!<br></div><div class="spacer battle-history"><br></div><div class="battle-history">Swellow used <strong>Protect</strong>!<br></div><div class="battle-history"><small>But it failed!</small><br></div><div class="spacer battle-history"><br></div><div class="battle-history"><small>Swellow was burned!</small><br></div><div class="spacer battle-history"><br></div><h2 class="battle-history">Turn 2</h2><div class="spacer battle-history"><br></div><div class="battle-history">Swellow used <strong>U-turn</strong>!<br></div><div class="battle-history"><small>It's super effective!</small><br></div><div class="battle-history"><small>(The opposing Mesprit lost <abbr title="−122/364">33.5%</abbr> of its health!)</small><br></div><div class="chat"><small>raiser101 joined.</small></div><div class="spacer battle-history"><br></div><div class="battle-history">Swellow went back to Zaniu Schiaaa!<br></div><div class="battle-history">Go! <strong>Xatu</strong>!<br></div><div class="spacer battle-history"><br></div><div class="battle-history">The opposing Mesprit used <strong>Thunder Wave</strong>!<br></div><div class="spacer battle-history"><br></div><div class="battle-history"><small>[Xatu's Magic Bounce]</small><br>Xatu bounced the Thunder Wave back!<br></div><div class="battle-history"><small>The opposing Mesprit is paralyzed! It may be unable to move!</small><br></div><div class="spacer battle-history"><br></div><div class="battle-history"><small>The opposing Mesprit restored a little HP using its Leftovers!</small><br></div><div class="spacer battle-history"><br></div><h2 class="battle-history">Turn 3</h2><div class="spacer battle-history"><br></div><div class="battle-history">Xatu used <strong>Wish</strong>!<br></div><div class="spacer battle-history"><br></div><div class="battle-history">The opposing Mesprit used <strong>Stealth Rock</strong>!<br></div><div class="spacer battle-history"><br></div><div class="battle-history"><small>[Xatu's Magic Bounce]</small><br>Xatu bounced the Stealth Rock back!<br></div><div class="battle-history"><small>Pointed stones float in the air around the opposing team!</small><br></div><div class="spacer battle-history"><br></div><div class="battle-history"><small>The opposing Mesprit restored a little HP using its Leftovers!</small><br></div><div class="spacer battle-history"><br></div><h2 class="battle-history">Turn 4</h2><div class="chat chatmessage-bobby20xx"><strong style="color:hsl(127,65%,35%)"><small>★</small><span class="username" data-name="bobby20xx">bobby20xx</span>:</strong> <em>uh oh</em></div><div class="chat"><small>raiser101 left.</small></div><div class="spacer battle-history"><br></div><div class="battle-history">bobby20xx withdrew Mesprit!<br></div><div class="battle-history">bobby20xx sent out <strong>Skuntank</strong>!<br></div><div class="battle-history"><small>Pointed stones dug into the opposing Skuntank!</small><br></div><div class="spacer battle-history"><br></div><div class="battle-history">Xatu used <strong>Psychic</strong>!<br></div><div class="battle-history"><small>It doesn't affect the opposing Skuntank...</small><br></div><div class="spacer battle-history"><br></div><h2 class="battle-history">Turn 5</h2><div class="spacer battle-history"><br></div><div class="battle-history">Xatu used <strong>Protect</strong>!<br></div><div class="battle-history"><small>Xatu protected itself!</small><br></div><div class="spacer battle-history"><br></div><div class="battle-history">The opposing Skuntank used <strong>Pursuit</strong>!<br></div><div class="battle-history"><small>Xatu protected itself!</small><br></div><div class="spacer battle-history"><br></div><h2 class="battle-history">Turn 6</h2><div class="spacer battle-history"><br></div><div class="battle-history">Xatu, come back!<br></div><div class="battle-history">Go! <strong>Steelix</strong>!<br></div><div class="spacer battle-history"><br></div><div class="battle-history">The opposing Skuntank used <strong>Defog</strong>!<br></div><div class="battle-history"><small>Steelix's evasiveness fell!</small><br></div><div class="battle-history"><small>The pointed stones disappeared from around the opposing team!</small><br></div><div class="spacer battle-history"><br></div><h2 class="battle-history">Turn 7</h2><div class="spacer battle-history"><br></div><div class="battle-history">bobby20xx withdrew Skuntank!<br></div><div class="battle-history">bobby20xx sent out <strong>Samurott</strong>!<br></div><div class="spacer battle-history"><br></div><div class="battle-history">Steelix used <strong>Dragon Tail</strong>!<br></div><div class="battle-history"><small>(The opposing Samurott lost <abbr title="−52/331">15.7%</abbr> of its health!)</small><br></div><div class="spacer battle-history"><br></div><div class="battle-history"><strong>Scyther</strong> was dragged out!<br></div><div class="spacer battle-history"><br></div><h2 class="battle-history">Turn 8</h2><div class="spacer battle-history"><br></div><div class="battle-history">The opposing Scyther used <strong>U-turn</strong>!<br></div><div class="battle-history"><small>It's not very effective...</small><br></div><div class="battle-history"><small>(Steelix lost <abbr title="−37/354">10.5%</abbr> of its health!)</small><br></div><div class="battle-history"><small>The opposing Scyther was hurt by the Rocky Helmet!</small><br></div><div class="spacer battle-history"><br></div><div class="battle-history">The opposing Scyther went back to bobby20xx!<br></div><div class="battle-history">bobby20xx sent out <strong>Samurott</strong>!<br></div><div class="spacer battle-history"><br></div><div class="battle-history">Steelix used <strong>Dragon Tail</strong>!<br></div><div class="battle-history"><small>(The opposing Samurott lost <abbr title="−47/331">14.2%</abbr> of its health!)</small><br></div><div class="spacer battle-history"><br></div><div class="battle-history"><strong>Scyther</strong> was dragged out!<br></div><div class="spacer battle-history"><br></div><h2 class="battle-history">Turn 9</h2><div class="spacer battle-history"><br></div><div class="battle-history">The opposing Scyther used <strong>Brick Break</strong>!<br></div><div class="battle-history"><small>It's super effective!</small><br></div><div class="battle-history"><small>(Steelix lost <abbr title="−106/354">29.9%</abbr> of its health!)</small><br></div><div class="battle-history"><small>The opposing Scyther was hurt by the Rocky Helmet!</small><br></div><div class="spacer battle-history"><br></div><div class="battle-history">Steelix used <strong>Dragon Tail</strong>!<br></div><div class="battle-history"><small>The opposing Scyther avoided the attack!</small><br></div><div class="spacer battle-history"><br></div><h2 class="battle-history">Turn 10</h2><div class="spacer battle-history"><br></div><div class="battle-history">bobby20xx withdrew Scyther!<br></div><div class="battle-history">bobby20xx sent out <strong>Samurott</strong>!<br></div><div class="spacer battle-history"><br></div><div class="battle-history">Steelix used <strong>Dragon Tail</strong>!<br></div><div class="battle-history"><small>(The opposing Samurott lost <abbr title="−48/331">14.5%</abbr> of its health!)</small><br></div><div class="spacer battle-history"><br></div><div class="battle-history"><strong>Vileplume</strong> was dragged out!<br></div><div class="spacer battle-history"><br></div><h2 class="battle-history">Turn 11</h2><div class="spacer battle-history"><br></div><div class="battle-history">Steelix, come back!<br></div><div class="battle-history">Go! <strong>Xatu</strong>!<br></div><div class="spacer battle-history"><br></div><div class="battle-history">The opposing Vileplume used <strong>Sleep Powder</strong>!<br></div><div class="spacer battle-history"><br></div><div class="battle-history"><small>[Xatu's Magic Bounce]</small><br>Xatu bounced the Sleep Powder back!<br></div><div class="battle-history"><small>It doesn't affect the opposing Vileplume...</small><br></div><div class="spacer battle-history"><br></div><h2 class="battle-history">Turn 12</h2><div class="spacer battle-history"><br></div><div class="battle-history">bobby20xx withdrew Vileplume!<br></div><div class="battle-history">bobby20xx sent out <strong>Skuntank</strong>!<br></div><div class="spacer battle-history"><br></div><div class="battle-history">Xatu used <strong>U-turn</strong>!<br></div><div class="battle-history"><small>(The opposing Skuntank lost <abbr title="−58/347">16.7%</abbr> of its health!)</small><br></div><div class="spacer battle-history"><br></div><div class="battle-history">Xatu went back to Zaniu Schiaaa!<br></div><div class="battle-history">Go! <strong>Steelix</strong>!<br></div><div class="spacer battle-history"><br></div><h2 class="battle-history">Turn 13</h2><div class="spacer battle-history"><br></div><div class="battle-history">The opposing Skuntank used <strong>Sucker Punch</strong>!<br></div><div class="battle-history"><small>(Steelix lost <abbr title="−51/354">14.4%</abbr> of its health!)</small><br></div><div class="battle-history"><small>The opposing Skuntank was hurt by the Rocky Helmet!</small><br></div><div class="spacer battle-history"><br></div><div class="battle-history">Steelix used <strong>Earthquake</strong>!<br></div><div class="battle-history"><small>It's super effective!</small><br></div><div class="battle-history"><small>A critical hit!</small><br></div><div class="battle-history"><small>(The opposing Skuntank lost <abbr title="−189/347">54.5%</abbr> of its health!)</small><br></div><div class="spacer battle-history"><br></div><div class="battle-history">The opposing Skuntank fainted!<br></div><div class="spacer battle-history"><br></div><div class="battle-history">bobby20xx sent out <strong>Samurott</strong>!<br></div><div class="spacer battle-history"><br></div><h2 class="battle-history">Turn 14</h2><div class="spacer battle-history"><br></div><div class="battle-history">Steelix, come back!<br></div><div class="battle-history">Go! <strong>Lanturn</strong>!<br></div><div class="spacer battle-history"><br></div><div class="battle-history">The opposing Samurott used <strong>Hydro Pump</strong>!<br></div><div class="battle-history"><small>[Lanturn's Water Absorb]</small><br><small>It doesn't affect Lanturn...</small><br></div><div class="spacer battle-history"><br></div><h2 class="battle-history">Turn 15</h2><div class="spacer battle-history"><br></div><div class="battle-history">The opposing Samurott used <strong>Grass Knot</strong>!<br></div><div class="battle-history"><small>It's super effective!</small><br></div><div class="battle-history"><small>(Lanturn lost <abbr title="−104/454">22.9%</abbr> of its health!)</small><br></div><div class="battle-history"><small>The opposing Samurott lost some of its HP!</small><br></div><div class="spacer battle-history"><br></div><div class="battle-history">Lanturn used <strong>Volt Switch</strong>!<br></div><div class="battle-history"><small>It's super effective!</small><br></div><div class="battle-history"><small>(The opposing Samurott lost <abbr title="−151/331">45.6%</abbr> of its health!)</small><br></div><div class="spacer battle-history"><br></div><div class="battle-history">The opposing Samurott fainted!<br></div><div class="spacer battle-history"><br></div><div class="battle-history">Lanturn went back to Zaniu Schiaaa!<br></div><div class="battle-history">Go! <strong>Swellow</strong>!<br></div><div class="spacer battle-history"><br></div><div class="battle-history"><small>Swellow was hurt by its burn!</small><br></div><div class="spacer battle-history"><br></div><div class="battle-history">bobby20xx sent out <strong>Gastrodon</strong>!<br></div><div class="spacer battle-history"><br></div><h2 class="battle-history">Turn 16</h2><div class="spacer battle-history"><br></div><div class="battle-history">Swellow used <strong>U-turn</strong>!<br></div><div class="battle-history"><small>(The opposing Gastrodon lost <abbr title="−121/426">28.4%</abbr> of its health!)</small><br></div><div class="spacer battle-history"><br></div><div class="battle-history">Swellow went back to Zaniu Schiaaa!<br></div><div class="battle-history">Go! <strong>Haunter</strong>!<br></div><div class="spacer battle-history"><br></div><div class="battle-history">The opposing Gastrodon used <strong>Scald</strong>!<br></div><div class="battle-history"><small>(Haunter lost <abbr title="−132/231">57.1%</abbr> of its health!)</small><br></div><div class="battle-history"><small>Haunter was burned!</small><br></div><div class="spacer battle-history"><br></div><div class="battle-history"><small>The opposing Gastrodon restored a little HP using its Leftovers!</small><br></div><div class="battle-history"><small>Haunter was hurt by its burn!</small><br></div><div class="spacer battle-history"><br></div><h2 class="battle-history">Turn 17</h2><div class="spacer battle-history"><br></div><div class="battle-history">Haunter used <strong>Energy Ball</strong>!<br></div><div class="battle-history"><small>It's super effective!</small><br></div><div class="battle-history"><small>(The opposing Gastrodon lost <abbr title="−331/426">77.7%</abbr> of its health!)</small><br></div><div class="spacer battle-history"><br></div><div class="battle-history">The opposing Gastrodon fainted!<br></div><div class="spacer battle-history"><br></div><div class="battle-history"><small>Haunter was hurt by its burn!</small><br></div><div class="spacer battle-history"><br></div><div class="battle-history">bobby20xx sent out <strong>Scyther</strong>!<br></div><div class="spacer battle-history"><br></div><h2 class="battle-history">Turn 18</h2><div class="spacer battle-history"><br></div><div class="battle-history">Haunter, come back!<br></div><div class="battle-history">Go! <strong>Weezing</strong>!<br></div><div class="spacer battle-history"><br></div><div class="battle-history">The opposing Scyther used <strong>U-turn</strong>!<br></div><div class="battle-history"><small>It's not very effective...</small><br></div><div class="battle-history"><small>(Weezing lost <abbr title="−72/334">21.6%</abbr> of its health!)</small><br></div><div class="spacer battle-history"><br></div><div class="battle-history">The opposing Scyther went back to bobby20xx!<br></div><div class="battle-history">bobby20xx sent out <strong>Mesprit</strong>!<br></div><div class="spacer battle-history"><br></div><div class="battle-history"><small>Weezing restored a little HP using its Black Sludge!</small><br></div><div class="battle-history"><small>The opposing Mesprit restored a little HP using its Leftovers!</small><br></div><div class="spacer battle-history"><br></div><h2 class="battle-history">Turn 19</h2><div class="spacer battle-history"><br></div><div class="battle-history">Weezing, come back!<br></div><div class="battle-history">Go! <strong>Xatu</strong>!<br></div><div class="spacer battle-history"><br></div><div class="battle-history">The opposing Mesprit used <strong>Psychic</strong>!<br></div><div class="battle-history"><small>It's not very effective...</small><br></div><div class="battle-history"><small>(Xatu lost <abbr title="−48/334">14.4%</abbr> of its health!)</small><br></div><div class="spacer battle-history"><br></div><div class="battle-history"><small>The opposing Mesprit restored a little HP using its Leftovers!</small><br></div><div class="spacer battle-history"><br></div><h2 class="battle-history">Turn 20</h2><div class="spacer battle-history"><br></div><div class="battle-history">Xatu used <strong>U-turn</strong>!<br></div><div class="battle-history"><small>It's super effective!</small><br></div><div class="battle-history"><small>(The opposing Mesprit lost <abbr title="−66/364">18.1%</abbr> of its health!)</small><br></div><div class="spacer battle-history"><br></div><div class="battle-history">Xatu went back to Zaniu Schiaaa!<br></div><div class="battle-history">Go! <strong>Lanturn</strong>!<br></div><div class="spacer battle-history"><br></div><div class="battle-history">The opposing Mesprit used <strong>U-turn</strong>!<br></div><div class="battle-history"><small>(Lanturn lost <abbr title="−82/454">18.1%</abbr> of its health!)</small><br></div><div class="spacer battle-history"><br></div><div class="battle-history">The opposing Mesprit went back to bobby20xx!<br></div><div class="battle-history">bobby20xx sent out <strong>Vileplume</strong>!<br></div><div class="spacer battle-history"><br></div><div class="battle-history"><small>Lanturn restored a little HP using its Leftovers!</small><br></div><div class="spacer battle-history"><br></div><h2 class="battle-history">Turn 21</h2><div class="spacer battle-history"><br></div><div class="battle-history">Lanturn, come back!<br></div><div class="battle-history">Go! <strong>Xatu</strong>!<br></div><div class="spacer battle-history"><br></div><div class="battle-history">The opposing Vileplume used <strong>Sleep Powder</strong>!<br></div><div class="spacer battle-history"><br></div><div class="battle-history"><small>[Xatu's Magic Bounce]</small><br>Xatu bounced the Sleep Powder back!<br></div><div class="battle-history"><small>It doesn't affect the opposing Vileplume...</small><br></div><div class="spacer battle-history"><br></div><h2 class="battle-history">Turn 22</h2><div class="spacer battle-history"><br></div><div class="battle-history">Xatu used <strong>Psychic</strong>!<br></div><div class="battle-history"><small>It's super effective!</small><br></div><div class="battle-history"><small>(The opposing Vileplume lost <abbr title="−228/354">64.4%</abbr> of its health!)</small><br></div><div class="spacer battle-history"><br></div><div class="battle-history">The opposing Vileplume used <strong>Sludge Bomb</strong>!<br></div><div class="battle-history"><small>(Xatu lost <abbr title="−94/334">28.1%</abbr> of its health!)</small><br></div><div class="battle-history"><small>Xatu was poisoned!</small><br></div><div class="spacer battle-history"><br></div><div class="battle-history"><small>The opposing Vileplume restored a little HP using its Black Sludge!</small><br></div><div class="battle-history"><small>Xatu was hurt by poison!</small><br></div><div class="spacer battle-history"><br></div><div class="battle-history"><small>Xatu ate its Sitrus Berry!</small><br></div><div class="battle-history"><small>Xatu restored HP using its Sitrus Berry!</small><br></div><div class="spacer battle-history"><br></div><h2 class="battle-history">Turn 23</h2><div class="spacer battle-history"><br></div><div class="battle-history">bobby20xx withdrew Vileplume!<br></div><div class="battle-history">bobby20xx sent out <strong>Mesprit</strong>!<br></div><div class="spacer battle-history"><br></div><div class="battle-history">Xatu used <strong>U-turn</strong>!<br></div><div class="battle-history"><small>It's super effective!</small><br></div><div class="battle-history"><small>(The opposing Mesprit lost <abbr title="−58/364">15.9%</abbr> of its health!)</small><br></div><div class="spacer battle-history"><br></div><div class="battle-history">Xatu went back to Zaniu Schiaaa!<br></div><div class="battle-history">Go! <strong>Swellow</strong>!<br></div><div class="spacer battle-history"><br></div><div class="battle-history"><small>The opposing Mesprit restored a little HP using its Leftovers!</small><br></div><div class="battle-history"><small>Swellow was hurt by its burn!</small><br></div><div class="spacer battle-history"><br></div><h2 class="battle-history">Turn 24</h2><div class="spacer battle-history"><br></div><div class="battle-history">Swellow used <strong>Facade</strong>!<br></div><div class="battle-history"><small>(The opposing Mesprit lost <abbr title="−210/364">57.7%</abbr> of its health!)</small><br></div><div class="spacer battle-history"><br></div><div class="battle-history">The opposing Mesprit is paralyzed! It can't move!<br></div><div class="spacer battle-history"><br></div><div class="battle-history"><small>The opposing Mesprit restored a little HP using its Leftovers!</small><br></div><div class="battle-history"><small>Swellow was hurt by its burn!</small><br></div><div class="spacer battle-history"><br></div><h2 class="battle-history">Turn 25</h2><div class="spacer battle-history"><br></div><div class="battle-history">Swellow used <strong>Facade</strong>!<br></div><div class="battle-history"><small>(The opposing Mesprit lost <abbr title="−40/364">11.0%</abbr> of its health!)</small><br></div><div class="spacer battle-history"><br></div><div class="battle-history">The opposing Mesprit fainted!<br></div><div class="spacer battle-history"><br></div><div class="battle-history"><small>Swellow was hurt by its burn!</small><br></div><div class="spacer battle-history"><br></div><div class="battle-history">bobby20xx sent out <strong>Vileplume</strong>!<br></div><div class="spacer battle-history"><br></div><h2 class="battle-history">Turn 26</h2><div class="spacer battle-history"><br></div><div class="battle-history">Swellow used <strong>Facade</strong>!<br></div><div class="battle-history"><small>(The opposing Vileplume lost <abbr title="−148/354">41.8%</abbr> of its health!)</small><br></div><div class="spacer battle-history"><br></div><div class="battle-history">The opposing Vileplume fainted!<br></div><div class="spacer battle-history"><br></div><div class="battle-history"><small>Swellow was hurt by its burn!</small><br></div><div class="spacer battle-history"><br></div><div class="battle-history">bobby20xx sent out <strong>Scyther</strong>!<br></div><div class="spacer battle-history"><br></div><h2 class="battle-history">Turn 27</h2><div class="chat chatmessage-zaniuschiaaa"><strong style="color:hsl(17,75%,46%)"><small>★</small><span class="username" data-name="Zaniu Schiaaa">Zaniu Schiaaa</span>:</strong> <em>gg</em></div><div class="chat chatmessage-bobby20xx"><strong style="color:hsl(127,65%,35%)"><small>★</small><span class="username" data-name="bobby20xx">bobby20xx</span>:</strong> <em>gg</em></div><div class="spacer battle-history"><br></div><div class="battle-history">Swellow used <strong>Facade</strong>!<br></div><div class="battle-history"><small>(The opposing Scyther lost <abbr title="−188/282">66.7%</abbr> of its health!)</small><br></div><div class="spacer battle-history"><br></div><div class="battle-history">The opposing Scyther fainted!<br></div><div class="spacer battle-history"><br></div><div class="battle-history"><strong>Zaniu Schiaaa</strong> won the battle!<br></div><div class="chat">Zaniu Schiaaa's rating: 1164 → <strong>1187</strong><br>(+23 for winning)</div><div class="chat">bobby20xx's rating: 1146 → <strong>1122</strong><br>(-24 for losing)</div></div><div class="inner-preempt"></div></div></div>
</div>
<script>
let daily = Math.floor(Date.now()/1000/60/60/24);document.write('<script src="https://play.pokemonshowdown.com/js/replay-embed.js?version'+daily+'"></'+'script>');
</script>
