<!DOCTYPE html>
<meta charset="utf-8" />
<!-- version 1 -->
<title>NU replay: jac55 vs. Arnik</title>
<style>
html,body {font-family:Verdana, sans-serif;font-size:10pt;margin:0;padding:0;}body{padding:12px 0;} .battle-log {font-family:Verdana, sans-serif;font-size:10pt;} .battle-log-inline {border:1px solid #AAAAAA;background:#EEF2F5;color:black;max-width:640px;margin:0 auto 80px;padding-bottom:5px;} .battle-log .inner {padding:4px 8px 0px 8px;} .battle-log .inner-preempt {padding:0 8px 4px 8px;} .battle-log .inner-after {margin-top:0.5em;} .battle-log h2 {margin:0.5em -8px;padding:4px 8px;border:1px solid #AAAAAA;background:#E0E7EA;border-left:0;border-right:0;font-family:Verdana, sans-serif;font-size:13pt;} .battle-log .chat {vertical-align:middle;padding:3px 0 3px 0;font-size:8pt;} .battle-log .chat strong {color:#40576A;} .battle-log .chat em {padding:1px 4px 1px 3px;color:#000000;font-style:normal;} .chat.mine {background:rgba(0,0,0,0.05);margin-left:-8px;margin-right:-8px;padding-left:8px;padding-right:8px;} .spoiler {color:#BBBBBB;background:#BBBBBB;padding:0px 3px;} .spoiler:hover, .spoiler:active, .spoiler-shown {color:#000000;background:#E2E2E2;padding:0px 3px;} .spoiler a {color:#BBBBBB;} .spoiler:hover a, .spoiler:active a, .spoiler-shown a {color:#2288CC;} .chat code, .chat .spoiler:hover code, .chat .spoiler:active code, .chat .spoiler-shown code {border:1px solid #C0C0C0;background:#EEEEEE;color:black;padding:0 2px;} .chat .spoiler code {border:1px solid #CCCCCC;background:#CCCCCC;color:#CCCCCC;} .battle-log .rated {padding:3px 4px;} .battle-log .rated strong {color:white;background:#89A;padding:1px 4px;border-radius:4px;} .spacer {margin-top:0.5em;} .message-announce {background:#6688AA;color:white;padding:1px 4px 2px;} .message-announce a, .broadcast-green a, .broadcast-blue a, .broadcast-red a {color:#DDEEFF;} .broadcast-green {background-color:#559955;color:white;padding:2px 4px;} .broadcast-blue {background-color:#6688AA;color:white;padding:2px 4px;} .infobox {border:1px solid #6688AA;padding:2px 4px;} .infobox-limited {max-height:200px;overflow:auto;overflow-x:hidden;} .broadcast-red {background-color:#AA5544;color:white;padding:2px 4px;} .message-learn-canlearn {font-weight:bold;color:#228822;text-decoration:underline;} .message-learn-cannotlearn {font-weight:bold;color:#CC2222;text-decoration:underline;} .message-effect-weak {font-weight:bold;color:#CC2222;} .message-effect-resist {font-weight:bold;color:#6688AA;} .message-effect-immune {font-weight:bold;color:#666666;} .message-learn-list {margin-top:0;margin-bottom:0;} .message-throttle-notice, .message-error {color:#992222;} .message-overflow, .chat small.message-overflow {font-size:0pt;} .message-overflow::before {font-size:9pt;content:'...';} .subtle {color:#3A4A66;}
</style>
<div class="wrapper replay-wrapper" style="max-width:1180px;margin:0 auto">
<input type="hidden" name="replayid" value="nu-521497266" />
<div class="battle"></div><div class="battle-log"></div><div class="replay-controls"></div><div class="replay-controls-2"></div>
<h1 style="font-weight:normal;text-align:center"><strong>NU</strong><br /><a href="http://pokemonshowdown.com/users/jac55" class="subtle" target="_blank">jac55</a> vs. <a href="http://pokemonshowdown.com/users/arnik" class="subtle" target="_blank">Arnik</a></h1>
<script type="text/plain" class="battle-log-data">|j|jac55
|j|Arnik
|player|p1|jac55|294
|player|p2|Arnik|186
|gametype|singles
|gen|6
|tier|NU
|rated
|seed|53012,52316,14024,56858
|rule|Sleep Clause Mod: Limit one foe put to sleep
|rule|Species Clause: Limit one of each Pokémon
|rule|OHKO Clause: OHKO moves are banned
|rule|Moody Clause: Moody is banned
|rule|Evasion Moves Clause: Evasion moves are banned
|rule|Endless Battle Clause: Forcing endless battles is banned
|rule|HP Percentage Mod: HP is shown in percentages
|clearpoke
|poke|p1|Steelix, M, shiny|item
|poke|p1|Weezing, M, shiny|item
|poke|p1|Hitmonchan, M, shiny|item
|poke|p1|Swellow, M, shiny|item
|poke|p1|Lanturn, M, shiny|item
|poke|p1|Lilligant, F, shiny|item
|poke|p2|Leafeon, M, shiny|item
|poke|p2|Skuntank, F|item
|poke|p2|Archeops, M|
|poke|p2|Gastrodon-East, F|item
|poke|p2|Pyroar, M|item
|poke|p2|Audino, F|item
|rule|Swagger Clause: Swagger is banned
|rule|Baton Pass Clause: Limit one Baton Passer, can't pass Spe and other stats simultaneously
|teampreview
|choice|team 1, team 2, team 3, team 4, team 5, team 6|team 5, team 2, team 3, team 4, team 1, team 6
|
|start
|switch|p1a: Steelix|Steelix, M, shiny|352\/352
|switch|p2a: Némélios|Pyroar, M|313\/313
|-ability|p2a: Némélios|Unnerve|p1: jac55
|turn|1
|choice|switch 5|move willowisp
|
|switch|p1a: Lanturn|Lanturn, M, shiny|401\/401
|move|p2a: Némélios|Will-O-Wisp|p1a: Lanturn
|-status|p1a: Lanturn|brn
|
|-damage|p1a: Lanturn|351\/401 brn|[from] brn
|upkeep
|turn|2
|choice|move voltswitch|switch 4
|
|switch|p2a: Tritosor|Gastrodon-East, F|413\/413
|move|p1a: Lanturn|Volt Switch|p2a: Tritosor
|-immune|p2a: Tritosor|[msg]
|
|-heal|p1a: Lanturn|376\/401 brn|[from] item: Leftovers
|-damage|p1a: Lanturn|326\/401 brn|[from] brn
|upkeep
|turn|3
|choice|switch 6|move toxic
|
|switch|p1a: Lilligant|Lilligant, F, shiny|281\/281
|move|p2a: Tritosor|Toxic|p1a: Lilligant
|-status|p1a: Lilligant|tox
|
|-damage|p1a: Lilligant|264\/281 tox|[from] psn
|upkeep
|turn|4
|choice|move sleeppowder|switch 5
|
|switch|p2a: Jade|Leafeon, M, shiny|271\/271
|move|p1a: Lilligant|Sleep Powder|p2a: Jade
|-immune|p2a: Jade|[msg]
|
|-damage|p1a: Lilligant|230\/281 tox|[from] psn
|upkeep
|turn|5
|choice|switch 2|switch 4
|
|switch|p1a: Weezing|Weezing, M, shiny|334\/334
|switch|p2a: Némélios|Pyroar, M|313\/313
|-ability|p2a: Némélios|Unnerve|p1: jac55
|
|upkeep
|turn|6
|choice|switch 6|move hypervoice
|
|switch|p1a: Lanturn|Lanturn, M, shiny|326\/401 brn
|move|p2a: Némélios|Hyper Voice|p1a: Lanturn
|-crit|p1a: Lanturn
|-damage|p1a: Lanturn|133\/401 brn
|
|-heal|p1a: Lanturn|158\/401 brn|[from] item: Leftovers
|-damage|p1a: Lanturn|108\/401 brn|[from] brn
|upkeep
|turn|7
|choice|move scald|move hypervoice
|
|move|p2a: Némélios|Hyper Voice|p1a: Lanturn
|-damage|p1a: Lanturn|0 fnt
|faint|p1a: Lanturn
|
|upkeep
|choice|switch 3|
|
|switch|p1a: Hitmonchan|Hitmonchan, M, shiny|242\/242
|turn|8
|choice|move drainpunch|move willowisp
|
|move|p2a: Némélios|Will-O-Wisp|p1a: Hitmonchan
|-status|p1a: Hitmonchan|brn
|move|p1a: Hitmonchan|Drain Punch|p2a: Némélios
|-supereffective|p2a: Némélios
|-damage|p2a: Némélios|75\/313
|
|-damage|p1a: Hitmonchan|212\/242 brn|[from] brn
|upkeep
|turn|9
|choice|move machpunch|switch 5
|
|switch|p2a: Tritosor|Gastrodon-East, F|413\/413
|move|p1a: Hitmonchan|Mach Punch|p2a: Tritosor
|-crit|p2a: Tritosor
|-damage|p2a: Tritosor|347\/413
|
|-heal|p2a: Tritosor|372\/413|[from] item: Leftovers
|-damage|p1a: Hitmonchan|182\/242 brn|[from] brn
|upkeep
|turn|10
|choice|switch 2|switch 3
|
|switch|p1a: Lilligant|Lilligant, F, shiny|230\/281 tox
|switch|p2a: Aéroptérix|Archeops, M|291\/291
|
|-damage|p1a: Lilligant|213\/281 tox|[from] psn
|upkeep
|turn|11
|choice|switch 5|move knockoff
|
|switch|p1a: Steelix|Steelix, M, shiny|352\/352
|move|p2a: Aéroptérix|Knock Off|p1a: Steelix
|-damage|p1a: Steelix|285\/352
|-enditem|p1a: Steelix|Leftovers|[from] move: Knock Off|[of] p2a: Aéroptérix
|
|upkeep
|turn|12
|choice|move stealthrock|move uturn
|
|move|p2a: Aéroptérix|U-turn|p1a: Steelix
|-resisted|p1a: Steelix
|-damage|p1a: Steelix|262\/352
|choice||switch 5
|
|switch|p2a: Némélios|Pyroar, M|75\/313
|-ability|p2a: Némélios|Unnerve|p1: jac55
|move|p1a: Steelix|Stealth Rock|p2a: Némélios
|-sidestart|p2: Arnik|move: Stealth Rock
|
|upkeep
|turn|13
|choice|switch 2|move fireblast
|
|switch|p1a: Hitmonchan|Hitmonchan, M, shiny|182\/242 brn
|move|p2a: Némélios|Fire Blast|p1a: Hitmonchan
|-damage|p1a: Hitmonchan|26\/242 brn
|
|-damage|p1a: Hitmonchan|0 fnt|[from] brn
|upkeep
|faint|p1a: Hitmonchan
|choice|switch 4|
|
|switch|p1a: Swellow|Swellow, M, shiny|261\/261
|turn|14
|choice|move boomburst|move fireblast
|
|move|p1a: Swellow|Boomburst|p2a: Némélios
|-damage|p2a: Némélios|0 fnt
|faint|p2a: Némélios
|
|upkeep
|choice||switch 6
|
|switch|p2a: Nanméouïe|Audino, F|389\/389
|-damage|p2a: Nanméouïe|341\/389|[from] Stealth Rock
|turn|15
|choice|switch 2|move calmmind mega
|
|switch|p1a: Steelix|Steelix, M, shiny|262\/352
|detailschange|p2a: Nanméouïe|Audino-Mega, F
|-mega|p2a: Nanméouïe|Audino|Audinite
|move|p2a: Nanméouïe|Calm Mind|p2a: Nanméouïe
|-boost|p2a: Nanméouïe|spa|1
|-boost|p2a: Nanméouïe|spd|1
|
|upkeep
|turn|16
|choice|move heavyslam|move drainingkiss
|
|move|p2a: Nanméouïe|Draining Kiss|p1a: Steelix
|-resisted|p1a: Steelix
|-damage|p1a: Steelix|212\/352
|-heal|p2a: Nanméouïe|379\/389|[from] drain|[of] p1a: Steelix
|move|p1a: Steelix|Heavy Slam|p2a: Nanméouïe
|-supereffective|p2a: Nanméouïe
|-damage|p2a: Nanméouïe|149\/389
|
|upkeep
|turn|17
|choice|move heavyslam|move drainingkiss
|
|move|p2a: Nanméouïe|Draining Kiss|p1a: Steelix
|-resisted|p1a: Steelix
|-damage|p1a: Steelix|164\/352
|-heal|p2a: Nanméouïe|185\/389|[from] drain|[of] p1a: Steelix
|move|p1a: Steelix|Heavy Slam|p2a: Nanméouïe
|-supereffective|p2a: Nanméouïe
|-damage|p2a: Nanméouïe|0 fnt
|faint|p2a: Nanméouïe
|
|upkeep
|choice||switch 3
|
|switch|p2a: Tritosor|Gastrodon-East, F|372\/413
|-damage|p2a: Tritosor|347\/413|[from] Stealth Rock
|turn|18
|choice|switch 5|move scald
|
|switch|p1a: Lilligant|Lilligant, F, shiny|213\/281 tox
|move|p2a: Tritosor|Scald|p1a: Lilligant
|-resisted|p1a: Lilligant
|-damage|p1a: Lilligant|159\/281 tox
|
|-heal|p2a: Tritosor|372\/413|[from] item: Leftovers
|-damage|p1a: Lilligant|142\/281 tox|[from] psn
|upkeep
|turn|19
|choice|switch 6|switch 2
|
|switch|p1a: Weezing|Weezing, M, shiny|334\/334
|switch|p2a: Moufflair|Skuntank, F|347\/347
|-damage|p2a: Moufflair|304\/347|[from] Stealth Rock
|
|-heal|p2a: Moufflair|325\/347|[from] item: Black Sludge
|upkeep
|turn|20
|choice|move willowisp|move defog
|
|move|p2a: Moufflair|Defog|p1a: Weezing
|-unboost|p1a: Weezing|evasion|1
|-sideend|p2: Arnik|Stealth Rock|[from] move: Defog|[of] p2a: Moufflair
|move|p1a: Weezing|Will-O-Wisp|p2a: Moufflair
|-status|p2a: Moufflair|brn
|
|-heal|p2a: Moufflair|346\/347 brn|[from] item: Black Sludge
|-damage|p2a: Moufflair|303\/347 brn|[from] brn
|upkeep
|turn|21
|choice|switch 5|move darkpulse
|
|switch|p1a: Steelix|Steelix, M, shiny|164\/352
|move|p2a: Moufflair|Dark Pulse|p1a: Steelix
|-damage|p1a: Steelix|40\/352
|
|-heal|p2a: Moufflair|324\/347 brn|[from] item: Black Sludge
|-damage|p2a: Moufflair|281\/347 brn|[from] brn
|upkeep
|turn|22
|choice|move stealthrock|move darkpulse
|
|move|p2a: Moufflair|Dark Pulse|p1a: Steelix
|-damage|p1a: Steelix|0 fnt
|faint|p1a: Steelix
|
|-heal|p2a: Moufflair|302\/347 brn|[from] item: Black Sludge
|-damage|p2a: Moufflair|259\/347 brn|[from] brn
|upkeep
|choice|switch 2|
|
|switch|p1a: Swellow|Swellow, M, shiny|261\/261
|turn|23
|choice|move boomburst|move darkpulse
|
|move|p1a: Swellow|Boomburst|p2a: Moufflair
|-damage|p2a: Moufflair|0 fnt
|faint|p2a: Moufflair
|
|upkeep
|choice||switch 5
|
|switch|p2a: Aéroptérix|Archeops, M|291\/291
|turn|24
|choice|switch 5|move knockoff
|
|switch|p1a: Weezing|Weezing, M, shiny|334\/334
|move|p2a: Aéroptérix|Knock Off|p1a: Weezing
|-damage|p1a: Weezing|244\/334
|-enditem|p1a: Weezing|Black Sludge|[from] move: Knock Off|[of] p2a: Aéroptérix
|
|upkeep
|turn|25
|choice|move willowisp|move acrobatics
|
|move|p2a: Aéroptérix|Acrobatics|p1a: Weezing
|-damage|p1a: Weezing|114\/334
|move|p1a: Weezing|Will-O-Wisp|p2a: Aéroptérix
|-status|p2a: Aéroptérix|brn
|
|-damage|p2a: Aéroptérix|255\/291 brn|[from] brn
|upkeep
|turn|26
|choice|move painsplit|move stealthrock
|
|move|p2a: Aéroptérix|Stealth Rock|p1a: Weezing
|-sidestart|p1: jac55|move: Stealth Rock
|move|p1a: Weezing|Pain Split|p2a: Aéroptérix
|-sethp|p2a: Aéroptérix|184\/291 brn|p1a: Weezing|184\/334|[from] move: Pain Split
|
|-damage|p2a: Aéroptérix|148\/291 brn|[from] brn
|upkeep
|turn|27
|choice|move sludgebomb|move acrobatics
|
|move|p2a: Aéroptérix|Acrobatics|p1a: Weezing
|-crit|p1a: Weezing
|-damage|p1a: Weezing|75\/334
|move|p1a: Weezing|Sludge Bomb|p2a: Aéroptérix
|-resisted|p2a: Aéroptérix
|-damage|p2a: Aéroptérix|81\/291 brn
|
|-damage|p2a: Aéroptérix|45\/291 brn|[from] brn
|upkeep
|turn|28
|choice|move sludgebomb|move acrobatics
|
|move|p2a: Aéroptérix|Acrobatics|p1a: Weezing
|-damage|p1a: Weezing|40\/334
|move|p1a: Weezing|Sludge Bomb|p2a: Aéroptérix
|-resisted|p2a: Aéroptérix
|-damage|p2a: Aéroptérix|0 fnt
|faint|p2a: Aéroptérix
|
|upkeep
|choice||switch 2
|
|switch|p2a: Tritosor|Gastrodon-East, F|372\/413
|turn|29
|choice|move painsplit|move scald
|
|move|p1a: Weezing|Pain Split|p2a: Tritosor
|-sethp|p2a: Tritosor|206\/413|p1a: Weezing|206\/334|[from] move: Pain Split
|move|p2a: Tritosor|Scald|p1a: Weezing
|-damage|p1a: Weezing|82\/334
|
|-heal|p2a: Tritosor|231\/413|[from] item: Leftovers
|upkeep
|turn|30
|choice|move painsplit|move scald
|
|move|p1a: Weezing|Pain Split|p2a: Tritosor
|-sethp|p2a: Tritosor|156\/413|p1a: Weezing|156\/334|[from] move: Pain Split
|move|p2a: Tritosor|Scald|p1a: Weezing
|-damage|p1a: Weezing|45\/334
|
|-heal|p2a: Tritosor|181\/413|[from] item: Leftovers
|upkeep
|turn|31
|choice|move willowisp|move scald
|
|move|p1a: Weezing|Will-O-Wisp|p2a: Tritosor
|-status|p2a: Tritosor|brn
|move|p2a: Tritosor|Scald|p1a: Weezing
|-crit|p1a: Weezing
|-damage|p1a: Weezing|0 fnt
|faint|p1a: Weezing
|
|-heal|p2a: Tritosor|206\/413 brn|[from] item: Leftovers
|-damage|p2a: Tritosor|155\/413 brn|[from] brn
|upkeep
|choice|switch 6|
|
|switch|p1a: Lilligant|Lilligant, F, shiny|142\/281 tox
|-damage|p1a: Lilligant|107\/281 tox|[from] Stealth Rock
|turn|32
|choice|move gigadrain|move scald
|
|move|p1a: Lilligant|Giga Drain|p2a: Tritosor
|-supereffective|p2a: Tritosor
|-damage|p2a: Tritosor|0 fnt
|-heal|p1a: Lilligant|185\/281 tox|[from] drain|[of] p2a: Tritosor
|faint|p2a: Tritosor
|
|-damage|p1a: Lilligant|168\/281 tox|[from] psn
|upkeep
|choice||switch 4
|
|switch|p2a: Jade|Leafeon, M, shiny|271\/271
|turn|33
|choice|move hiddenpower|move xscissor
|
|move|p1a: Lilligant|Hidden Power|p2a: Jade
|-damage|p2a: Jade|173\/271
|move|p2a: Jade|X-Scissor|p1a: Lilligant
|-supereffective|p1a: Lilligant
|-damage|p1a: Lilligant|0 fnt
|faint|p1a: Lilligant
|
|upkeep
|choice|switch 5|
|
|switch|p1a: Swellow|Swellow, M, shiny|261\/261
|-damage|p1a: Swellow|196\/261|[from] Stealth Rock
|turn|34
|c|★Arnik|gg
|choice|move heatwave|move endure
|
|move|p2a: Jade|Endure|p2a: Jade
|-singleturn|p2a: Jade|move: Endure
|move|p1a: Swellow|Heat Wave|p2a: Jade
|-supereffective|p2a: Jade
|-activate|p2a: Jade|move: Endure
|-damage|p2a: Jade|1\/271
|-enditem|p2a: Jade|Salac Berry|[eat]
|-boost|p2a: Jade|spe|1
|
|upkeep
|turn|35
|choice|move heatwave|move flail
|
|move|p2a: Jade|Flail|p1a: Swellow
|-damage|p1a: Swellow|0 fnt
|faint|p1a: Swellow
|
|win|Arnik
|player|p1
|player|p2
|raw|jac55's rating: 1339 &rarr; <strong>1327<\/strong><br \/>(-12 for losing)
|raw|Arnik's rating: 1486 &rarr; <strong>1498<\/strong><br \/>(+12 for winning)
|l|jac55
|l|Arnik
|j|Arnik</script>
</div>
<div class="battle-log battle-log-inline"><div class="inner"><div class="battle-options"></div><div class="inner"><div class="chat"><small>jac55 joined.</small></div><div class="chat"><small>Arnik joined.</small></div><div class=""><small>Format:</small> <br><strong>NU</strong></div><div class="rated"><strong>Rated battle</strong></div><div class=""><small><em>Sleep Clause Mod:</em> Limit one foe put to sleep</small></div><div class=""><small><em>Species Clause:</em> Limit one of each Pokémon</small></div><div class=""><small><em>OHKO Clause:</em> OHKO moves are banned</small></div><div class=""><small><em>Moody Clause:</em> Moody is banned</small></div><div class=""><small><em>Evasion Moves Clause:</em> Evasion moves are banned</small></div><div class=""><small><em>Endless Battle Clause:</em> Forcing endless battles is banned</small></div><div class=""><small><em>HP Percentage Mod:</em> HP is shown in percentages</small></div><div class=""><small><em>Swagger Clause:</em> Swagger is banned</small></div><div class=""><small><em>Baton Pass Clause:</em> Limit one Baton Passer, can't pass Spe and other stats simultaneously</small></div><div class="chat battle-history"><strong>jac55's team:</strong> <em style="color:#445566;display:block;">Steelix / Weezing / Hitmonchan / Swellow / Lanturn / Lilligant</em></div><div class="chat battle-history"><strong>Arnik's team:</strong> <em style="color:#445566;display:block;">Leafeon / Skuntank / Archeops / Gastrodon-East / Pyroar / Audino</em></div><div class="spacer battle-history"><br></div><div class="battle-history">Battle started between jac55 and Arnik!<br></div><div class="spacer battle-history"><br></div><div class="battle-history">Go! <strong>Steelix</strong>!<br></div><div class="spacer battle-history"><br></div><div class="battle-history">Arnik sent out Némélios (<strong>Pyroar</strong>)!<br></div><div class="battle-history"><small>[The opposing Némélios's Unnerve]</small><br><small>Your team is too nervous to eat Berries!</small><br></div><div class="spacer battle-history"><br></div><h2 class="battle-history">Turn 1</h2><div class="spacer battle-history"><br></div><div class="battle-history">Steelix, come back!<br></div><div class="battle-history">Go! <strong>Lanturn</strong>!<br></div><div class="spacer battle-history"><br></div><div class="battle-history">The opposing Némélios used <strong>Will-O-Wisp</strong>!<br></div><div class="battle-history"><small>Lanturn was burned!</small><br></div><div class="spacer battle-history"><br></div><div class="battle-history"><small>Lanturn was hurt by its burn!</small><br></div><div class="spacer battle-history"><br></div><h2 class="battle-history">Turn 2</h2><div class="spacer battle-history"><br></div><div class="battle-history">Arnik withdrew Némélios!<br></div><div class="battle-history">Arnik sent out Tritosor (<strong>Gastrodon-East</strong>)!<br></div><div class="spacer battle-history"><br></div><div class="battle-history">Lanturn used <strong>Volt Switch</strong>!<br></div><div class="battle-history"><small>It doesn't affect the opposing Tritosor...</small><br></div><div class="spacer battle-history"><br></div><div class="battle-history"><small>Lanturn restored a little HP using its Leftovers!</small><br></div><div class="battle-history"><small>Lanturn was hurt by its burn!</small><br></div><div class="spacer battle-history"><br></div><h2 class="battle-history">Turn 3</h2><div class="spacer battle-history"><br></div><div class="battle-history">Lanturn went back to jac55!<br></div><div class="battle-history">Go! <strong>Lilligant</strong>!<br></div><div class="spacer battle-history"><br></div><div class="battle-history">The opposing Tritosor used <strong>Toxic</strong>!<br></div><div class="battle-history"><small>Lilligant was badly poisoned!</small><br></div><div class="spacer battle-history"><br></div><div class="battle-history"><small>Lilligant was hurt by poison!</small><br></div><div class="spacer battle-history"><br></div><h2 class="battle-history">Turn 4</h2><div class="spacer battle-history"><br></div><div class="battle-history">Arnik withdrew Tritosor!<br></div><div class="battle-history">Arnik sent out Jade (<strong>Leafeon</strong>)!<br></div><div class="spacer battle-history"><br></div><div class="battle-history">Lilligant used <strong>Sleep Powder</strong>!<br></div><div class="battle-history"><small>It doesn't affect the opposing Jade...</small><br></div><div class="spacer battle-history"><br></div><div class="battle-history"><small>Lilligant was hurt by poison!</small><br></div><div class="spacer battle-history"><br></div><h2 class="battle-history">Turn 5</h2><div class="spacer battle-history"><br></div><div class="battle-history">Lilligant, come back!<br></div><div class="battle-history">Go! <strong>Weezing</strong>!<br></div><div class="spacer battle-history"><br></div><div class="battle-history">Arnik withdrew Jade!<br></div><div class="battle-history">Arnik sent out Némélios (<strong>Pyroar</strong>)!<br></div><div class="battle-history"><small>[The opposing Némélios's Unnerve]</small><br><small>Your team is too nervous to eat Berries!</small><br></div><div class="spacer battle-history"><br></div><h2 class="battle-history">Turn 6</h2><div class="spacer battle-history"><br></div><div class="battle-history">Weezing, come back!<br></div><div class="battle-history">Go! <strong>Lanturn</strong>!<br></div><div class="spacer battle-history"><br></div><div class="battle-history">The opposing Némélios used <strong>Hyper Voice</strong>!<br></div><div class="battle-history"><small>A critical hit!</small><br></div><div class="battle-history"><small>(Lanturn lost <abbr title="−193/401">48.1%</abbr> of its health!)</small><br></div><div class="spacer battle-history"><br></div><div class="battle-history"><small>Lanturn restored a little HP using its Leftovers!</small><br></div><div class="battle-history"><small>Lanturn was hurt by its burn!</small><br></div><div class="spacer battle-history"><br></div><h2 class="battle-history">Turn 7</h2><div class="spacer battle-history"><br></div><div class="battle-history">The opposing Némélios used <strong>Hyper Voice</strong>!<br></div><div class="battle-history"><small>(Lanturn lost <abbr title="−108/401">26.9%</abbr> of its health!)</small><br></div><div class="spacer battle-history"><br></div><div class="battle-history">Lanturn fainted!<br></div><div class="spacer battle-history"><br></div><div class="battle-history">Go! <strong>Hitmonchan</strong>!<br></div><div class="spacer battle-history"><br></div><h2 class="battle-history">Turn 8</h2><div class="spacer battle-history"><br></div><div class="battle-history">The opposing Némélios used <strong>Will-O-Wisp</strong>!<br></div><div class="battle-history"><small>Hitmonchan was burned!</small><br></div><div class="spacer battle-history"><br></div><div class="battle-history">Hitmonchan used <strong>Drain Punch</strong>!<br></div><div class="battle-history"><small>It's super effective!</small><br></div><div class="battle-history"><small>(The opposing Némélios lost <abbr title="−238/313">76.0%</abbr> of its health!)</small><br></div><div class="spacer battle-history"><br></div><div class="battle-history"><small>Hitmonchan was hurt by its burn!</small><br></div><div class="spacer battle-history"><br></div><h2 class="battle-history">Turn 9</h2><div class="spacer battle-history"><br></div><div class="battle-history">Arnik withdrew Némélios!<br></div><div class="battle-history">Arnik sent out Tritosor (<strong>Gastrodon-East</strong>)!<br></div><div class="spacer battle-history"><br></div><div class="battle-history">Hitmonchan used <strong>Mach Punch</strong>!<br></div><div class="battle-history"><small>A critical hit!</small><br></div><div class="battle-history"><small>(The opposing Tritosor lost <abbr title="−66/413">16.0%</abbr> of its health!)</small><br></div><div class="spacer battle-history"><br></div><div class="battle-history"><small>The opposing Tritosor restored a little HP using its Leftovers!</small><br></div><div class="battle-history"><small>Hitmonchan was hurt by its burn!</small><br></div><div class="spacer battle-history"><br></div><h2 class="battle-history">Turn 10</h2><div class="spacer battle-history"><br></div><div class="battle-history">Hitmonchan, come back!<br></div><div class="battle-history">Go! <strong>Lilligant</strong>!<br></div><div class="spacer battle-history"><br></div><div class="battle-history">Arnik withdrew Tritosor!<br></div><div class="battle-history">Arnik sent out Aéroptérix (<strong>Archeops</strong>)!<br></div><div class="spacer battle-history"><br></div><div class="battle-history"><small>Lilligant was hurt by poison!</small><br></div><div class="spacer battle-history"><br></div><h2 class="battle-history">Turn 11</h2><div class="spacer battle-history"><br></div><div class="battle-history">Lilligant, come back!<br></div><div class="battle-history">Go! <strong>Steelix</strong>!<br></div><div class="spacer battle-history"><br></div><div class="battle-history">The opposing Aéroptérix used <strong>Knock Off</strong>!<br></div><div class="battle-history"><small>(Steelix lost <abbr title="−67/352">19.0%</abbr> of its health!)</small><br></div><div class="battle-history"><small>The opposing Aéroptérix knocked off Steelix's Leftovers!</small><br></div><div class="spacer battle-history"><br></div><h2 class="battle-history">Turn 12</h2><div class="spacer battle-history"><br></div><div class="battle-history">The opposing Aéroptérix used <strong>U-turn</strong>!<br></div><div class="battle-history"><small>It's not very effective...</small><br></div><div class="battle-history"><small>(Steelix lost <abbr title="−23/352">6.5%</abbr> of its health!)</small><br></div><div class="spacer battle-history"><br></div><div class="battle-history">The opposing Aéroptérix went back to Arnik!<br></div><div class="battle-history">Arnik sent out Némélios (<strong>Pyroar</strong>)!<br></div><div class="battle-history"><small>[The opposing Némélios's Unnerve]</small><br><small>Your team is too nervous to eat Berries!</small><br></div><div class="spacer battle-history"><br></div><div class="battle-history">Steelix used <strong>Stealth Rock</strong>!<br></div><div class="battle-history"><small>Pointed stones float in the air around the opposing team!</small><br></div><div class="spacer battle-history"><br></div><h2 class="battle-history">Turn 13</h2><div class="spacer battle-history"><br></div><div class="battle-history">Steelix, come back!<br></div><div class="battle-history">Go! <strong>Hitmonchan</strong>!<br></div><div class="spacer battle-history"><br></div><div class="battle-history">The opposing Némélios used <strong>Fire Blast</strong>!<br></div><div class="battle-history"><small>(Hitmonchan lost <abbr title="−156/242">64.5%</abbr> of its health!)</small><br></div><div class="spacer battle-history"><br></div><div class="battle-history"><small>Hitmonchan was hurt by its burn!</small><br></div><div class="spacer battle-history"><br></div><div class="battle-history">Hitmonchan fainted!<br></div><div class="spacer battle-history"><br></div><div class="battle-history">Go! <strong>Swellow</strong>!<br></div><div class="spacer battle-history"><br></div><h2 class="battle-history">Turn 14</h2><div class="spacer battle-history"><br></div><div class="battle-history">Swellow used <strong>Boomburst</strong>!<br></div><div class="battle-history"><small>(The opposing Némélios lost <abbr title="−75/313">24.0%</abbr> of its health!)</small><br></div><div class="spacer battle-history"><br></div><div class="battle-history">The opposing Némélios fainted!<br></div><div class="spacer battle-history"><br></div><div class="battle-history">Arnik sent out Nanméouïe (<strong>Audino</strong>)!<br></div><div class="battle-history"><small>Pointed stones dug into the opposing Nanméouïe!</small><br></div><div class="spacer battle-history"><br></div><h2 class="battle-history">Turn 15</h2><div class="spacer battle-history"><br></div><div class="battle-history">Swellow, come back!<br></div><div class="battle-history">Go! <strong>Steelix</strong>!<br></div><div class="spacer battle-history"><br></div><div class="battle-history"><small>The opposing Nanméouïe's Audinite is reacting to Arnik's Mega Bracelet!</small><br>The opposing Nanméouïe has Mega Evolved into Mega Audino!<br></div><div class="spacer battle-history"><br></div><div class="battle-history">The opposing Nanméouïe used <strong>Calm Mind</strong>!<br></div><div class="battle-history"><small>The opposing Nanméouïe's Special Attack rose!</small><br></div><div class="battle-history"><small>The opposing Nanméouïe's Special Defense rose!</small><br></div><div class="spacer battle-history"><br></div><h2 class="battle-history">Turn 16</h2><div class="spacer battle-history"><br></div><div class="battle-history">The opposing Nanméouïe used <strong>Draining Kiss</strong>!<br></div><div class="battle-history"><small>It's not very effective...</small><br></div><div class="battle-history"><small>(Steelix lost <abbr title="−50/352">14.2%</abbr> of its health!)</small><br></div><div class="battle-history"><small>Steelix had its energy drained!</small><br></div><div class="spacer battle-history"><br></div><div class="battle-history">Steelix used <strong>Heavy Slam</strong>!<br></div><div class="battle-history"><small>It's super effective!</small><br></div><div class="battle-history"><small>(The opposing Nanméouïe lost <abbr title="−230/389">59.1%</abbr> of its health!)</small><br></div><div class="spacer battle-history"><br></div><h2 class="battle-history">Turn 17</h2><div class="spacer battle-history"><br></div><div class="battle-history">The opposing Nanméouïe used <strong>Draining Kiss</strong>!<br></div><div class="battle-history"><small>It's not very effective...</small><br></div><div class="battle-history"><small>(Steelix lost <abbr title="−48/352">13.6%</abbr> of its health!)</small><br></div><div class="battle-history"><small>Steelix had its energy drained!</small><br></div><div class="spacer battle-history"><br></div><div class="battle-history">Steelix used <strong>Heavy Slam</strong>!<br></div><div class="battle-history"><small>It's super effective!</small><br></div><div class="battle-history"><small>(The opposing Nanméouïe lost <abbr title="−185/389">47.6%</abbr> of its health!)</small><br></div><div class="spacer battle-history"><br></div><div class="battle-history">The opposing Nanméouïe fainted!<br></div><div class="spacer battle-history"><br></div><div class="battle-history">Arnik sent out Tritosor (<strong>Gastrodon-East</strong>)!<br></div><div class="battle-history"><small>Pointed stones dug into the opposing Tritosor!</small><br></div><div class="spacer battle-history"><br></div><h2 class="battle-history">Turn 18</h2><div class="spacer battle-history"><br></div><div class="battle-history">Steelix, come back!<br></div><div class="battle-history">Go! <strong>Lilligant</strong>!<br></div><div class="spacer battle-history"><br></div><div class="battle-history">The opposing Tritosor used <strong>Scald</strong>!<br></div><div class="battle-history"><small>It's not very effective...</small><br></div><div class="battle-history"><small>(Lilligant lost <abbr title="−54/281">19.2%</abbr> of its health!)</small><br></div><div class="spacer battle-history"><br></div><div class="battle-history"><small>The opposing Tritosor restored a little HP using its Leftovers!</small><br></div><div class="battle-history"><small>Lilligant was hurt by poison!</small><br></div><div class="spacer battle-history"><br></div><h2 class="battle-history">Turn 19</h2><div class="spacer battle-history"><br></div><div class="battle-history">Lilligant, come back!<br></div><div class="battle-history">Go! <strong>Weezing</strong>!<br></div><div class="spacer battle-history"><br></div><div class="battle-history">Arnik withdrew Tritosor!<br></div><div class="battle-history">Arnik sent out Moufflair (<strong>Skuntank</strong>)!<br></div><div class="battle-history"><small>Pointed stones dug into the opposing Moufflair!</small><br></div><div class="spacer battle-history"><br></div><div class="battle-history"><small>The opposing Moufflair restored a little HP using its Black Sludge!</small><br></div><div class="spacer battle-history"><br></div><h2 class="battle-history">Turn 20</h2><div class="spacer battle-history"><br></div><div class="battle-history">The opposing Moufflair used <strong>Defog</strong>!<br></div><div class="battle-history"><small>Weezing's evasiveness fell!</small><br></div><div class="battle-history"><small>The pointed stones disappeared from around the opposing team!</small><br></div><div class="spacer battle-history"><br></div><div class="battle-history">Weezing used <strong>Will-O-Wisp</strong>!<br></div><div class="battle-history"><small>The opposing Moufflair was burned!</small><br></div><div class="spacer battle-history"><br></div><div class="battle-history"><small>The opposing Moufflair restored a little HP using its Black Sludge!</small><br></div><div class="battle-history"><small>The opposing Moufflair was hurt by its burn!</small><br></div><div class="spacer battle-history"><br></div><h2 class="battle-history">Turn 21</h2><div class="spacer battle-history"><br></div><div class="battle-history">Weezing, come back!<br></div><div class="battle-history">Go! <strong>Steelix</strong>!<br></div><div class="spacer battle-history"><br></div><div class="battle-history">The opposing Moufflair used <strong>Dark Pulse</strong>!<br></div><div class="battle-history"><small>(Steelix lost <abbr title="−124/352">35.2%</abbr> of its health!)</small><br></div><div class="spacer battle-history"><br></div><div class="battle-history"><small>The opposing Moufflair restored a little HP using its Black Sludge!</small><br></div><div class="battle-history"><small>The opposing Moufflair was hurt by its burn!</small><br></div><div class="spacer battle-history"><br></div><h2 class="battle-history">Turn 22</h2><div class="spacer battle-history"><br></div><div class="battle-history">The opposing Moufflair used <strong>Dark Pulse</strong>!<br></div><div class="battle-history"><small>(Steelix lost <abbr title="−40/352">11.4%</abbr> of its health!)</small><br></div><div class="spacer battle-history"><br></div><div class="battle-history">Steelix fainted!<br></div><div class="spacer battle-history"><br></div><div class="battle-history"><small>The opposing Moufflair restored a little HP using its Black Sludge!</small><br></div><div class="battle-history"><small>The opposing Moufflair was hurt by its burn!</small><br></div><div class="spacer battle-history"><br></div><div class="battle-history">Go! <strong>Swellow</strong>!<br></div><div class="spacer battle-history"><br></div><h2 class="battle-history">Turn 23</h2><div class="spacer battle-history"><br></div><div class="battle-history">Swellow used <strong>Boomburst</strong>!<br></div><div class="battle-history"><small>(The opposing Moufflair lost <abbr title="−259/347">74.6%</abbr> of its health!)</small><br></div><div class="spacer battle-history"><br></div><div class="battle-history">The opposing Moufflair fainted!<br></div><div class="spacer battle-history"><br></div><div class="battle-history">Arnik sent out Aéroptérix (<strong>Archeops</strong>)!<br></div><div class="spacer battle-history"><br></div><h2 class="battle-history">Turn 24</h2><div class="spacer battle-history"><br></div><div class="battle-history">Swellow, come back!<br></div><div class="battle-history">Go! <strong>Weezing</strong>!<br></div><div class="spacer battle-history"><br></div><div class="battle-history">The opposing Aéroptérix used <strong>Knock Off</strong>!<br></div><div class="battle-history"><small>(Weezing lost <abbr title="−90/334">26.9%</abbr> of its health!)</small><br></div><div class="battle-history"><small>The opposing Aéroptérix knocked off Weezing's Black Sludge!</small><br></div><div class="spacer battle-history"><br></div><h2 class="battle-history">Turn 25</h2><div class="spacer battle-history"><br></div><div class="battle-history">The opposing Aéroptérix used <strong>Acrobatics</strong>!<br></div><div class="battle-history"><small>(Weezing lost <abbr title="−130/334">38.9%</abbr> of its health!)</small><br></div><div class="spacer battle-history"><br></div><div class="battle-history">Weezing used <strong>Will-O-Wisp</strong>!<br></div><div class="battle-history"><small>The opposing Aéroptérix was burned!</small><br></div><div class="spacer battle-history"><br></div><div class="battle-history"><small>The opposing Aéroptérix was hurt by its burn!</small><br></div><div class="spacer battle-history"><br></div><h2 class="battle-history">Turn 26</h2><div class="spacer battle-history"><br></div><div class="battle-history">The opposing Aéroptérix used <strong>Stealth Rock</strong>!<br></div><div class="battle-history"><small>Pointed stones float in the air around your team!</small><br></div><div class="spacer battle-history"><br></div><div class="battle-history">Weezing used <strong>Pain Split</strong>!<br></div><div class="battle-history"><small>The battlers shared their pain!</small><br></div><div class="spacer battle-history"><br></div><div class="battle-history"><small>The opposing Aéroptérix was hurt by its burn!</small><br></div><div class="spacer battle-history"><br></div><h2 class="battle-history">Turn 27</h2><div class="spacer battle-history"><br></div><div class="battle-history">The opposing Aéroptérix used <strong>Acrobatics</strong>!<br></div><div class="battle-history"><small>A critical hit!</small><br></div><div class="battle-history"><small>(Weezing lost <abbr title="−109/334">32.6%</abbr> of its health!)</small><br></div><div class="spacer battle-history"><br></div><div class="battle-history">Weezing used <strong>Sludge Bomb</strong>!<br></div><div class="battle-history"><small>It's not very effective...</small><br></div><div class="battle-history"><small>(The opposing Aéroptérix lost <abbr title="−67/291">23.0%</abbr> of its health!)</small><br></div><div class="spacer battle-history"><br></div><div class="battle-history"><small>The opposing Aéroptérix was hurt by its burn!</small><br></div><div class="spacer battle-history"><br></div><h2 class="battle-history">Turn 28</h2><div class="spacer battle-history"><br></div><div class="battle-history">The opposing Aéroptérix used <strong>Acrobatics</strong>!<br></div><div class="battle-history"><small>(Weezing lost <abbr title="−35/334">10.5%</abbr> of its health!)</small><br></div><div class="spacer battle-history"><br></div><div class="battle-history">Weezing used <strong>Sludge Bomb</strong>!<br></div><div class="battle-history"><small>It's not very effective...</small><br></div><div class="battle-history"><small>(The opposing Aéroptérix lost <abbr title="−45/291">15.5%</abbr> of its health!)</small><br></div><div class="spacer battle-history"><br></div><div class="battle-history">The opposing Aéroptérix fainted!<br></div><div class="spacer battle-history"><br></div><div class="battle-history">Arnik sent out Tritosor (<strong>Gastrodon-East</strong>)!<br></div><div class="spacer battle-history"><br></div><h2 class="battle-history">Turn 29</h2><div class="spacer battle-history"><br></div><div class="battle-history">Weezing used <strong>Pain Split</strong>!<br></div><div class="battle-history"><small>The battlers shared their pain!</small><br></div><div class="spacer battle-history"><br></div><div class="battle-history">The opposing Tritosor used <strong>Scald</strong>!<br></div><div class="battle-history"><small>(Weezing lost <abbr title="−124/334">37.1%</abbr> of its health!)</small><br></div><div class="spacer battle-history"><br></div><div class="battle-history"><small>The opposing Tritosor restored a little HP using its Leftovers!</small><br></div><div class="spacer battle-history"><br></div><h2 class="battle-history">Turn 30</h2><div class="spacer battle-history"><br></div><div class="battle-history">Weezing used <strong>Pain Split</strong>!<br></div><div class="battle-history"><small>The battlers shared their pain!</small><br></div><div class="spacer battle-history"><br></div><div class="battle-history">The opposing Tritosor used <strong>Scald</strong>!<br></div><div class="battle-history"><small>(Weezing lost <abbr title="−111/334">33.2%</abbr> of its health!)</small><br></div><div class="spacer battle-history"><br></div><div class="battle-history"><small>The opposing Tritosor restored a little HP using its Leftovers!</small><br></div><div class="spacer battle-history"><br></div><h2 class="battle-history">Turn 31</h2><div class="spacer battle-history"><br></div><div class="battle-history">Weezing used <strong>Will-O-Wisp</strong>!<br></div><div class="battle-history"><small>The opposing Tritosor was burned!</small><br></div><div class="spacer battle-history"><br></div><div class="battle-history">The opposing Tritosor used <strong>Scald</strong>!<br></div><div class="battle-history"><small>A critical hit!</small><br></div><div class="battle-history"><small>(Weezing lost <abbr title="−45/334">13.5%</abbr> of its health!)</small><br></div><div class="spacer battle-history"><br></div><div class="battle-history">Weezing fainted!<br></div><div class="spacer battle-history"><br></div><div class="battle-history"><small>The opposing Tritosor restored a little HP using its Leftovers!</small><br></div><div class="battle-history"><small>The opposing Tritosor was hurt by its burn!</small><br></div><div class="spacer battle-history"><br></div><div class="battle-history">Go! <strong>Lilligant</strong>!<br></div><div class="battle-history"><small>Pointed stones dug into Lilligant!</small><br></div><div class="spacer battle-history"><br></div><h2 class="battle-history">Turn 32</h2><div class="spacer battle-history"><br></div><div class="battle-history">Lilligant used <strong>Giga Drain</strong>!<br></div><div class="battle-history"><small>It's super effective!</small><br></div><div class="battle-history"><small>(The opposing Tritosor lost <abbr title="−155/413">37.5%</abbr> of its health!)</small><br></div><div class="battle-history"><small>The opposing Tritosor had its energy drained!</small><br></div><div class="spacer battle-history"><br></div><div class="battle-history">The opposing Tritosor fainted!<br></div><div class="spacer battle-history"><br></div><div class="battle-history"><small>Lilligant was hurt by poison!</small><br></div><div class="spacer battle-history"><br></div><div class="battle-history">Arnik sent out Jade (<strong>Leafeon</strong>)!<br></div><div class="spacer battle-history"><br></div><h2 class="battle-history">Turn 33</h2><div class="spacer battle-history"><br></div><div class="battle-history">Lilligant used <strong>Hidden Power</strong>!<br></div><div class="battle-history"><small>(The opposing Jade lost <abbr title="−98/271">36.2%</abbr> of its health!)</small><br></div><div class="spacer battle-history"><br></div><div class="battle-history">The opposing Jade used <strong>X-Scissor</strong>!<br></div><div class="battle-history"><small>It's super effective!</small><br></div><div class="battle-history"><small>(Lilligant lost <abbr title="−168/281">59.8%</abbr> of its health!)</small><br></div><div class="spacer battle-history"><br></div><div class="battle-history">Lilligant fainted!<br></div><div class="spacer battle-history"><br></div><div class="battle-history">Go! <strong>Swellow</strong>!<br></div><div class="battle-history"><small>Pointed stones dug into Swellow!</small><br></div><div class="spacer battle-history"><br></div><h2 class="battle-history">Turn 34</h2><div class="chat chatmessage-arnik"><strong style="color:hsl(337,42%,52.11716754624703%)"><small>★</small><span class="username" data-name="Arnik">Arnik</span>:</strong> <em>gg</em></div><div class="spacer battle-history"><br></div><div class="battle-history">The opposing Jade used <strong>Endure</strong>!<br></div><div class="battle-history"><small>The opposing Jade braced itself!</small><br></div><div class="spacer battle-history"><br></div><div class="battle-history">Swellow used <strong>Heat Wave</strong>!<br></div><div class="battle-history"><small>It's super effective!</small><br></div><div class="battle-history"><small>The opposing Jade endured the hit!</small><br></div><div class="battle-history"><small>(The opposing Jade lost <abbr title="−172/271">63.5%</abbr> of its health!)</small><br></div><div class="battle-history"><small>The opposing Jade ate its Salac Berry!</small><br></div><div class="battle-history"><small>The opposing Jade's Speed rose!</small><br></div><div class="spacer battle-history"><br></div><h2 class="battle-history">Turn 35</h2><div class="spacer battle-history"><br></div><div class="battle-history">The opposing Jade used <strong>Flail</strong>!<br></div><div class="battle-history"><small>(Swellow lost <abbr title="−196/261">75.1%</abbr> of its health!)</small><br></div><div class="spacer battle-history"><br></div><div class="battle-history">Swellow fainted!<br></div><div class="spacer battle-history"><br></div><div class="battle-history"><strong>Arnik</strong> won the battle!<br></div><div class="chat">jac55's rating: 1339 → <strong>1327</strong><br>(-12 for losing)</div><div class="chat">Arnik's rating: 1486 → <strong>1498</strong><br>(+12 for winning)</div><div class="chat"><small>jac55 left.</small></div><div class="chat"><small>Arnik left.</small></div><div class="chat"><small>Arnik joined.</small></div></div><div class="inner-preempt"></div></div></div>
</div>
<script>
let daily = Math.floor(Date.now()/1000/60/60/24);document.write('<script src="https://play.pokemonshowdown.com/js/replay-embed.js?version'+daily+'"></'+'script>');
</script>
