<!DOCTYPE html>
<meta charset="utf-8" />
<!-- version 1 -->
<title>NU replay: yogi✬bears vs. Makeishura testing</title>
<style>
html,body {font-family:Verdana, sans-serif;font-size:10pt;margin:0;padding:0;}body{padding:12px 0;} .battle-log {font-family:Verdana, sans-serif;font-size:10pt;} .battle-log-inline {border:1px solid #AAAAAA;background:#EEF2F5;color:black;max-width:640px;margin:0 auto 80px;padding-bottom:5px;} .battle-log .inner {padding:4px 8px 0px 8px;} .battle-log .inner-preempt {padding:0 8px 4px 8px;} .battle-log .inner-after {margin-top:0.5em;} .battle-log h2 {margin:0.5em -8px;padding:4px 8px;border:1px solid #AAAAAA;background:#E0E7EA;border-left:0;border-right:0;font-family:Verdana, sans-serif;font-size:13pt;} .battle-log .chat {vertical-align:middle;padding:3px 0 3px 0;font-size:8pt;} .battle-log .chat strong {color:#40576A;} .battle-log .chat em {padding:1px 4px 1px 3px;color:#000000;font-style:normal;} .chat.mine {background:rgba(0,0,0,0.05);margin-left:-8px;margin-right:-8px;padding-left:8px;padding-right:8px;} .spoiler {color:#BBBBBB;background:#BBBBBB;padding:0px 3px;} .spoiler:hover, .spoiler:active, .spoiler-shown {color:#000000;background:#E2E2E2;padding:0px 3px;} .spoiler a {color:#BBBBBB;} .spoiler:hover a, .spoiler:active a, .spoiler-shown a {color:#2288CC;} .chat code, .chat .spoiler:hover code, .chat .spoiler:active code, .chat .spoiler-shown code {border:1px solid #C0C0C0;background:#EEEEEE;color:black;padding:0 2px;} .chat .spoiler code {border:1px solid #CCCCCC;background:#CCCCCC;color:#CCCCCC;} .battle-log .rated {padding:3px 4px;} .battle-log .rated strong {color:white;background:#89A;padding:1px 4px;border-radius:4px;} .spacer {margin-top:0.5em;} .message-announce {background:#6688AA;color:white;padding:1px 4px 2px;} .message-announce a, .broadcast-green a, .broadcast-blue a, .broadcast-red a {color:#DDEEFF;} .broadcast-green {background-color:#559955;color:white;padding:2px 4px;} .broadcast-blue {background-color:#6688AA;color:white;padding:2px 4px;} .infobox {border:1px solid #6688AA;padding:2px 4px;} .infobox-limited {max-height:200px;overflow:auto;overflow-x:hidden;} .broadcast-red {background-color:#AA5544;color:white;padding:2px 4px;} .message-learn-canlearn {font-weight:bold;color:#228822;text-decoration:underline;} .message-learn-cannotlearn {font-weight:bold;color:#CC2222;text-decoration:underline;} .message-effect-weak {font-weight:bold;color:#CC2222;} .message-effect-resist {font-weight:bold;color:#6688AA;} .message-effect-immune {font-weight:bold;color:#666666;} .message-learn-list {margin-top:0;margin-bottom:0;} .message-throttle-notice, .message-error {color:#992222;} .message-overflow, .chat small.message-overflow {font-size:0pt;} .message-overflow::before {font-size:9pt;content:'...';} .subtle {color:#3A4A66;}
</style>
<div class="wrapper replay-wrapper" style="max-width:1180px;margin:0 auto">
<input type="hidden" name="replayid" value="nu-587391046" />
<div class="battle"></div><div class="battle-log"></div><div class="replay-controls"></div><div class="replay-controls-2"></div>
<h1 style="font-weight:normal;text-align:center"><strong>NU</strong><br /><a href="http://pokemonshowdown.com/users/yogibears" class="subtle" target="_blank">yogi✬bears</a> vs. <a href="http://pokemonshowdown.com/users/makeishuratesting" class="subtle" target="_blank">Makeishura testing</a></h1>
<script type="text/plain" class="battle-log-data">|j|yogi✬bears
|j|Makeishura testing
|player|p1|yogi✬bears|197
|teamsize|p1|6
|player|p2|Makeishura testing|160
|teamsize|p2|6
|gametype|singles
|gen|6
|tier|NU
|seed|56339,55422,53327,1762
|rule|Sleep Clause Mod: Limit one foe put to sleep
|rule|Species Clause: Limit one of each Pokémon
|rule|OHKO Clause: OHKO moves are banned
|rule|Moody Clause: Moody is banned
|rule|Evasion Moves Clause: Evasion moves are banned
|rule|Endless Battle Clause: Forcing endless battles is banned
|rule|HP Percentage Mod: HP is shown in percentages
|clearpoke
|poke|p1|Rotom|item
|poke|p1|Camerupt, M|item
|poke|p1|Gurdurr, M|item
|poke|p1|Mantine, F|item
|poke|p1|Audino, M|item
|poke|p1|Aurorus, F|item
|poke|p2|Golem, F|item
|poke|p2|Magmortar, M|item
|poke|p2|Ferroseed, F|item
|poke|p2|Scyther, F|item
|poke|p2|Pelipper, F|item
|poke|p2|Weezing, M|item
|rule|Swagger Clause: Swagger is banned
|rule|Baton Pass Clause: Limit one Baton Passer, can't pass Spe and other stats simultaneously
|teampreview
|choice|team 1, team 2, team 3, team 4, team 5, team 6|team 4, team 2, team 3, team 1, team 5, team 6
|
|start
|switch|p1a: Rotom|Rotom|241\/241
|switch|p2a: Scyther|Scyther, F|343\/343
|turn|1
|choice|move trick|switch 3
|
|switch|p2a: Ferroseed|Ferroseed, F|291\/291
|move|p1a: Rotom|Trick|p2a: Ferroseed
|-activate|p1a: Rotom|move: Trick|[of] p2a: Ferroseed
|-item|p2a: Ferroseed|Choice Scarf|[from] move: Trick
|-item|p1a: Rotom|Eviolite|[from] move: Trick
|
|upkeep
|turn|2
|c|☆yogi✬bears|ez
|choice|move voltswitch|move leechseed
|
|move|p1a: Rotom|Volt Switch|p2a: Ferroseed
|-resisted|p2a: Ferroseed
|-damage|p2a: Ferroseed|241\/291
|choice|switch 4|
|
|switch|p1a: Mantine|Mantine, F|334\/334
|move|p2a: Ferroseed|Leech Seed|p1a: Mantine
|-start|p1a: Mantine|move: Leech Seed
|
|-damage|p1a: Mantine|293\/334|[from] Leech Seed|[of] p2a: Ferroseed
|-heal|p2a: Ferroseed|282\/291|[silent]
|upkeep
|turn|3
|c|☆Makeishura testing|maximum f
|choice|switch 4|move leechseed
|
|switch|p1a: Rotom|Rotom|241\/241
|move|p2a: Ferroseed|Leech Seed|p1a: Rotom
|-start|p1a: Rotom|move: Leech Seed
|
|-damage|p1a: Rotom|211\/241|[from] Leech Seed|[of] p2a: Ferroseed
|-heal|p2a: Ferroseed|291\/291|[silent]
|upkeep
|turn|4
|c|☆Makeishura testing|nice
|choice|move voltswitch|move leechseed
|
|move|p1a: Rotom|Volt Switch|p2a: Ferroseed
|-resisted|p2a: Ferroseed
|-damage|p2a: Ferroseed|240\/291
|choice|switch 2|
|
|switch|p1a: Camerupt|Camerupt, M|344\/344
|move|p2a: Ferroseed|Leech Seed|p1a: Camerupt
|-start|p1a: Camerupt|move: Leech Seed
|
|-damage|p1a: Camerupt|301\/344|[from] Leech Seed|[of] p2a: Ferroseed
|-heal|p2a: Ferroseed|283\/291|[silent]
|upkeep
|turn|5
|c|☆Makeishura testing|lmao
|j|eternally
|choice|move stealthrock|switch 5
|
|switch|p2a: Pelipper|Pelipper, F|323\/323
|move|p1a: Camerupt|Stealth Rock|p2a: Pelipper
|-sidestart|p2: Makeishura testing|move: Stealth Rock
|
|-heal|p1a: Camerupt|322\/344|[from] item: Leftovers
|-damage|p1a: Camerupt|279\/344|[from] Leech Seed|[of] p2a: Pelipper
|upkeep
|turn|6
|choice|move toxic|move defog
|
|move|p2a: Pelipper|Defog|p1a: Camerupt
|-unboost|p1a: Camerupt|evasion|1
|-sideend|p2: Makeishura testing|Stealth Rock|[from] move: Defog|[of] p2a: Pelipper
|move|p1a: Camerupt|Toxic|p2a: Pelipper
|-status|p2a: Pelipper|tox
|
|-heal|p1a: Camerupt|300\/344|[from] item: Leftovers
|-damage|p1a: Camerupt|257\/344|[from] Leech Seed|[of] p2a: Pelipper
|-damage|p2a: Pelipper|303\/323 tox|[from] psn
|upkeep
|turn|7
|c|+eternally|lolbears
|choice|switch 4|move uturn
|
|switch|p1a: Mantine|Mantine, F|293\/334
|move|p2a: Pelipper|U-turn|p1a: Mantine
|-resisted|p1a: Mantine
|-damage|p1a: Mantine|277\/334
|c|☆yogi✬bears|almost pressed sr
|c|☆yogi✬bears|lol
|choice||switch 4
|
|switch|p2a: Golem|Golem, F|301\/301
|
|-heal|p1a: Mantine|297\/334|[from] item: Leftovers
|upkeep
|turn|8
|choice|switch 3|move rockblast
|
|switch|p1a: Gurdurr|Gurdurr, M|374\/374
|move|p2a: Golem|Rock Blast|p1a: Gurdurr
|-resisted|p1a: Gurdurr
|-damage|p1a: Gurdurr|350\/374
|-resisted|p1a: Gurdurr
|-damage|p1a: Gurdurr|326\/374
|-resisted|p1a: Gurdurr
|-crit|p1a: Gurdurr
|-damage|p1a: Gurdurr|285\/374
|-resisted|p1a: Gurdurr
|-damage|p1a: Gurdurr|258\/374
|-resisted|p1a: Gurdurr
|-damage|p1a: Gurdurr|235\/374
|-hitcount|p1a: Gurdurr|5
|
|upkeep
|turn|9
|c|☆Makeishura testing|u r not real enough
|choice|move knockoff|move rockblast
|
|move|p2a: Golem|Rock Blast|p1a: Gurdurr
|-resisted|p1a: Gurdurr
|-damage|p1a: Gurdurr|209\/374
|-resisted|p1a: Gurdurr
|-damage|p1a: Gurdurr|185\/374
|-resisted|p1a: Gurdurr
|-damage|p1a: Gurdurr|160\/374
|-resisted|p1a: Gurdurr
|-damage|p1a: Gurdurr|133\/374
|-resisted|p1a: Gurdurr
|-damage|p1a: Gurdurr|109\/374
|-hitcount|p1a: Gurdurr|5
|move|p1a: Gurdurr|Knock Off|p2a: Golem
|-damage|p2a: Golem|215\/301
|-enditem|p2a: Golem|Choice Band|[from] move: Knock Off|[of] p1a: Gurdurr
|
|upkeep
|turn|10
|choice|move machpunch|move earthquake
|
|move|p1a: Gurdurr|Mach Punch|p2a: Golem
|-supereffective|p2a: Golem
|-damage|p2a: Golem|117\/301
|move|p2a: Golem|Earthquake|p1a: Gurdurr
|-damage|p1a: Gurdurr|0 fnt
|faint|p1a: Gurdurr
|
|upkeep
|choice|switch 2|
|
|switch|p1a: Rotom|Rotom|211\/241
|turn|11
|choice|move shadowball|switch 5
|
|switch|p2a: Ferroseed|Ferroseed, F|283\/291
|move|p1a: Rotom|Shadow Ball|p2a: Ferroseed
|-damage|p2a: Ferroseed|168\/291
|
|upkeep
|turn|12
|choice|move shadowball|move leechseed
|
|move|p1a: Rotom|Shadow Ball|p2a: Ferroseed
|-damage|p2a: Ferroseed|56\/291
|-unboost|p2a: Ferroseed|spd|1
|move|p2a: Ferroseed|Leech Seed|p1a: Rotom
|-start|p1a: Rotom|move: Leech Seed
|
|-damage|p1a: Rotom|181\/241|[from] Leech Seed|[of] p2a: Ferroseed
|-heal|p2a: Ferroseed|86\/291|[silent]
|upkeep
|turn|13
|choice|move voltswitch|move leechseed
|
|move|p1a: Rotom|Volt Switch|p2a: Ferroseed
|-resisted|p2a: Ferroseed
|-crit|p2a: Ferroseed
|-damage|p2a: Ferroseed|0 fnt
|faint|p2a: Ferroseed
|choice|switch 6|
|
|switch|p1a: Aurorus|Aurorus, F|387\/387
|
|upkeep
|choice||switch 2
|
|switch|p2a: Magmortar|Magmortar, M|307\/307
|turn|14
|choice|move earthpower|switch 4
|
|switch|p2a: Pelipper|Pelipper, F|303\/323 tox
|move|p1a: Aurorus|Earth Power|p2a: Pelipper
|-immune|p2a: Pelipper|[msg]
|
|-heal|p2a: Pelipper|323\/323 tox|[from] item: Leftovers
|-damage|p2a: Pelipper|303\/323 tox|[from] psn
|upkeep
|turn|15
|choice|switch 3|move uturn
|
|switch|p1a: Mantine|Mantine, F|297\/334
|move|p2a: Pelipper|U-turn|p1a: Mantine
|-resisted|p1a: Mantine
|-crit|p1a: Mantine
|-damage|p1a: Mantine|275\/334
|c|☆Makeishura testing|oml
|choice||switch 5
|
|switch|p2a: Golem|Golem, F|117\/301
|
|-heal|p1a: Mantine|295\/334|[from] item: Leftovers
|upkeep
|turn|16
|c|☆Makeishura testing|the reads toph
|choice|move scald|move rockblast
|
|move|p2a: Golem|Rock Blast|p1a: Mantine
|-supereffective|p1a: Mantine
|-damage|p1a: Mantine|203\/334
|-supereffective|p1a: Mantine
|-damage|p1a: Mantine|99\/334
|-hitcount|p1a: Mantine|2
|move|p1a: Mantine|Scald|p2a: Golem
|-supereffective|p2a: Golem
|-damage|p2a: Golem|0 fnt
|faint|p2a: Golem
|
|-heal|p1a: Mantine|119\/334|[from] item: Leftovers
|upkeep
|c|☆yogi✬bears|ez
|c|☆Makeishura testing|r u kitten me
|c|☆yogi✬bears|you got 2 five hits
|choice||switch 4
|
|switch|p2a: Magmortar|Magmortar, M|307\/307
|turn|17
|c|☆yogi✬bears|stfu lolol
|choice|move scald|move thunderbolt
|
|move|p2a: Magmortar|Thunderbolt|p1a: Mantine
|-supereffective|p1a: Mantine
|-damage|p1a: Mantine|0 fnt
|faint|p1a: Mantine
|
|upkeep
|c|☆Makeishura testing|didn't matter zzzzzzzz
|choice|switch 4|
|
|switch|p1a: Camerupt|Camerupt, M|257\/344
|turn|18
|choice|move stealthrock|move earthquake
|
|move|p2a: Magmortar|Earthquake|p1a: Camerupt
|-supereffective|p1a: Camerupt
|-damage|p1a: Camerupt|112\/344
|move|p1a: Camerupt|Stealth Rock|p2a: Magmortar
|-sidestart|p2: Makeishura testing|move: Stealth Rock
|
|-heal|p1a: Camerupt|133\/344|[from] item: Leftovers
|upkeep
|turn|19
|choice|switch 6|move earthquake
|
|switch|p1a: Rotom|Rotom|181\/241
|move|p2a: Magmortar|Earthquake|p1a: Rotom
|-immune|p1a: Rotom|[msg]|[from] ability: Levitate
|
|upkeep
|turn|20
|choice|move trick|move fireblast
|
|move|p1a: Rotom|Trick|p2a: Magmortar
|-activate|p1a: Rotom|move: Trick|[of] p2a: Magmortar
|-item|p2a: Magmortar|Eviolite|[from] move: Trick
|-item|p1a: Rotom|Assault Vest|[from] move: Trick
|move|p2a: Magmortar|Fire Blast|p1a: Rotom
|-damage|p1a: Rotom|0 fnt
|faint|p1a: Rotom
|
|upkeep
|choice|switch 5|
|
|switch|p1a: Audino|Audino, M|410\/410
|turn|21
|choice|move calmmind|switch 3
|
|switch|p2a: Scyther|Scyther, F|343\/343
|-damage|p2a: Scyther|172\/343|[from] Stealth Rock
|move|p1a: Audino|Calm Mind|p1a: Audino
|-boost|p1a: Audino|spa|1
|-boost|p1a: Audino|spd|1
|
|upkeep
|turn|22
|choice|move calmmind|move swordsdance
|
|move|p2a: Scyther|Swords Dance|p2a: Scyther
|-boost|p2a: Scyther|atk|2
|move|p1a: Audino|Calm Mind|p1a: Audino
|-boost|p1a: Audino|spa|1
|-boost|p1a: Audino|spd|1
|
|upkeep
|turn|23
|choice|move dazzlinggleam|move roost
|
|move|p2a: Scyther|Roost|p2a: Scyther
|-heal|p2a: Scyther|343\/343
|move|p1a: Audino|Dazzling Gleam|p2a: Scyther
|-damage|p2a: Scyther|269\/343
|
|upkeep
|turn|24
|choice|move dazzlinggleam mega|move swordsdance
|
|detailschange|p1a: Audino|Audino-Mega, M
|-mega|p1a: Audino|Audino|Audinite
|move|p2a: Scyther|Swords Dance|p2a: Scyther
|-boost|p2a: Scyther|atk|2
|move|p1a: Audino|Dazzling Gleam|p2a: Scyther
|-crit|p2a: Scyther
|-damage|p2a: Scyther|68\/343
|
|upkeep
|turn|25
|choice|move dazzlinggleam|move roost
|
|move|p2a: Scyther|Roost|p2a: Scyther
|-heal|p2a: Scyther|240\/343
|move|p1a: Audino|Dazzling Gleam|p2a: Scyther
|-damage|p2a: Scyther|95\/343
|
|upkeep
|turn|26
|c|☆Makeishura testing|crit
|c|☆Makeishura testing|,
|choice|move calmmind|move roost
|
|move|p2a: Scyther|Roost|p2a: Scyther
|-heal|p2a: Scyther|267\/343
|move|p1a: Audino|Calm Mind|p1a: Audino
|-boost|p1a: Audino|spa|1
|-boost|p1a: Audino|spd|1
|
|upkeep
|turn|27
|choice|move dazzlinggleam|move aerialace
|
|move|p2a: Scyther|Aerial Ace|p1a: Audino
|-damage|p1a: Audino|191\/410
|move|p1a: Audino|Dazzling Gleam|p2a: Scyther
|-damage|p2a: Scyther|92\/343
|
|upkeep
|turn|28
|choice|move dazzlinggleam|move aerialace
|
|move|p2a: Scyther|Aerial Ace|p1a: Audino
|-damage|p1a: Audino|0 fnt
|faint|p1a: Audino
|
|upkeep
|-message|yogi✬bears forfeited.
|
|win|Makeishura testing
|l|yogi✬bears</script>
</div>
<div class="battle-log battle-log-inline"><div class="inner"><div class="battle-options"></div><div class="inner"><div class="chat"><small>yogi✬bears joined.</small></div><div class="chat"><small>Makeishura testing joined.</small></div><div class=""><small>Format:</small> <br><strong>NU</strong></div><div class=""><small><em>Sleep Clause Mod:</em> Limit one foe put to sleep</small></div><div class=""><small><em>Species Clause:</em> Limit one of each Pokémon</small></div><div class=""><small><em>OHKO Clause:</em> OHKO moves are banned</small></div><div class=""><small><em>Moody Clause:</em> Moody is banned</small></div><div class=""><small><em>Evasion Moves Clause:</em> Evasion moves are banned</small></div><div class=""><small><em>Endless Battle Clause:</em> Forcing endless battles is banned</small></div><div class=""><small><em>HP Percentage Mod:</em> HP is shown in percentages</small></div><div class=""><small><em>Swagger Clause:</em> Swagger is banned</small></div><div class=""><small><em>Baton Pass Clause:</em> Limit one Baton Passer, can't pass Spe and other stats simultaneously</small></div><div class="chat battle-history"><strong>yogi✬bears's team:</strong> <em style="color:#445566;display:block;">Rotom / Camerupt / Gurdurr / Mantine / Audino / Aurorus</em></div><div class="chat battle-history"><strong>Makeishura testing's team:</strong> <em style="color:#445566;display:block;">Golem / Magmortar / Ferroseed / Scyther / Pelipper / Weezing</em></div><div class="spacer battle-history"><br></div><div class="battle-history">Battle started between yogi✬bears and Makeishura testing!<br></div><div class="spacer battle-history"><br></div><div class="battle-history">Go! <strong>Rotom</strong>!<br></div><div class="spacer battle-history"><br></div><div class="battle-history">Makeishura testing sent out <strong>Scyther</strong>!<br></div><div class="spacer battle-history"><br></div><h2 class="battle-history">Turn 1</h2><div class="spacer battle-history"><br></div><div class="battle-history">Makeishura testing withdrew Scyther!<br></div><div class="battle-history">Makeishura testing sent out <strong>Ferroseed</strong>!<br></div><div class="spacer battle-history"><br></div><div class="battle-history">Rotom used <strong>Trick</strong>!<br></div><div class="battle-history"><small>Rotom switched items with its target!</small><br></div><div class="battle-history"><small>The opposing Ferroseed obtained one Choice Scarf.</small><br></div><div class="battle-history"><small>Rotom obtained one Eviolite.</small><br></div><div class="spacer battle-history"><br></div><h2 class="battle-history">Turn 2</h2><div class="chat chatmessage-yogibears"><strong style="color:hsl(183,63%,44.99448677551407%)"><small>☆</small><span class="username" data-name="yogi✬bears">yogi✬bears</span>:</strong> <em>ez</em></div><div class="spacer battle-history"><br></div><div class="battle-history">Rotom used <strong>Volt Switch</strong>!<br></div><div class="battle-history"><small>It's not very effective...</small><br></div><div class="battle-history"><small>(The opposing Ferroseed lost <abbr title="−50/291">17.2%</abbr> of its health!)</small><br></div><div class="spacer battle-history"><br></div><div class="battle-history">Rotom went back to yogi✬bears!<br></div><div class="battle-history">Go! <strong>Mantine</strong>!<br></div><div class="spacer battle-history"><br></div><div class="battle-history">The opposing Ferroseed used <strong>Leech Seed</strong>!<br></div><div class="battle-history"><small>Mantine was seeded!</small><br></div><div class="spacer battle-history"><br></div><div class="battle-history"><small>Mantine's health is sapped by Leech Seed!</small><br></div><div class="spacer battle-history"><br></div><h2 class="battle-history">Turn 3</h2><div class="chat chatmessage-makeishuratesting"><strong style="color:hsl(65,82%,33.38721271324597%)"><small>☆</small><span class="username" data-name="Makeishura testing">Makeishura testing</span>:</strong> <em>maximum f</em></div><div class="spacer battle-history"><br></div><div class="battle-history">Mantine, come back!<br></div><div class="battle-history">Go! <strong>Rotom</strong>!<br></div><div class="spacer battle-history"><br></div><div class="battle-history">The opposing Ferroseed used <strong>Leech Seed</strong>!<br></div><div class="battle-history"><small>Rotom was seeded!</small><br></div><div class="spacer battle-history"><br></div><div class="battle-history"><small>Rotom's health is sapped by Leech Seed!</small><br></div><div class="spacer battle-history"><br></div><h2 class="battle-history">Turn 4</h2><div class="chat chatmessage-makeishuratesting"><strong style="color:hsl(65,82%,33.38721271324597%)"><small>☆</small><span class="username" data-name="Makeishura testing">Makeishura testing</span>:</strong> <em>nice</em></div><div class="spacer battle-history"><br></div><div class="battle-history">Rotom used <strong>Volt Switch</strong>!<br></div><div class="battle-history"><small>It's not very effective...</small><br></div><div class="battle-history"><small>(The opposing Ferroseed lost <abbr title="−51/291">17.5%</abbr> of its health!)</small><br></div><div class="spacer battle-history"><br></div><div class="battle-history">Rotom went back to yogi✬bears!<br></div><div class="battle-history">Go! <strong>Camerupt</strong>!<br></div><div class="spacer battle-history"><br></div><div class="battle-history">The opposing Ferroseed used <strong>Leech Seed</strong>!<br></div><div class="battle-history"><small>Camerupt was seeded!</small><br></div><div class="spacer battle-history"><br></div><div class="battle-history"><small>Camerupt's health is sapped by Leech Seed!</small><br></div><div class="spacer battle-history"><br></div><h2 class="battle-history">Turn 5</h2><div class="chat chatmessage-makeishuratesting"><strong style="color:hsl(65,82%,33.38721271324597%)"><small>☆</small><span class="username" data-name="Makeishura testing">Makeishura testing</span>:</strong> <em>lmao</em></div><div class="chat"><small>eternally joined.</small></div><div class="spacer battle-history"><br></div><div class="battle-history">Makeishura testing withdrew Ferroseed!<br></div><div class="battle-history">Makeishura testing sent out <strong>Pelipper</strong>!<br></div><div class="spacer battle-history"><br></div><div class="battle-history">Camerupt used <strong>Stealth Rock</strong>!<br></div><div class="battle-history"><small>Pointed stones float in the air around the opposing team!</small><br></div><div class="spacer battle-history"><br></div><div class="battle-history"><small>Camerupt restored a little HP using its Leftovers!</small><br></div><div class="battle-history"><small>Camerupt's health is sapped by Leech Seed!</small><br></div><div class="spacer battle-history"><br></div><h2 class="battle-history">Turn 6</h2><div class="spacer battle-history"><br></div><div class="battle-history">The opposing Pelipper used <strong>Defog</strong>!<br></div><div class="battle-history"><small>Camerupt's evasiveness fell!</small><br></div><div class="battle-history"><small>The pointed stones disappeared from around the opposing team!</small><br></div><div class="spacer battle-history"><br></div><div class="battle-history">Camerupt used <strong>Toxic</strong>!<br></div><div class="battle-history"><small>The opposing Pelipper was badly poisoned!</small><br></div><div class="spacer battle-history"><br></div><div class="battle-history"><small>Camerupt restored a little HP using its Leftovers!</small><br></div><div class="battle-history"><small>Camerupt's health is sapped by Leech Seed!</small><br></div><div class="battle-history"><small>The opposing Pelipper was hurt by poison!</small><br></div><div class="spacer battle-history"><br></div><h2 class="battle-history">Turn 7</h2><div class="chat chatmessage-eternally"><strong style="color:hsl(110,78%,33%)"><small>+</small><span class="username" data-name="eternally">eternally</span>:</strong> <em>lolbears</em></div><div class="spacer battle-history"><br></div><div class="battle-history">Camerupt, come back!<br></div><div class="battle-history">Go! <strong>Mantine</strong>!<br></div><div class="spacer battle-history"><br></div><div class="battle-history">The opposing Pelipper used <strong>U-turn</strong>!<br></div><div class="battle-history"><small>It's not very effective...</small><br></div><div class="battle-history"><small>(Mantine lost <abbr title="−16/334">4.8%</abbr> of its health!)</small><br></div><div class="chat chatmessage-yogibears"><strong style="color:hsl(183,63%,44.99448677551407%)"><small>☆</small><span class="username" data-name="yogi✬bears">yogi✬bears</span>:</strong> <em>almost pressed sr</em></div><div class="chat chatmessage-yogibears"><strong style="color:hsl(183,63%,44.99448677551407%)"><small>☆</small><span class="username" data-name="yogi✬bears">yogi✬bears</span>:</strong> <em>lol</em></div><div class="spacer battle-history"><br></div><div class="battle-history">The opposing Pelipper went back to Makeishura testing!<br></div><div class="battle-history">Makeishura testing sent out <strong>Golem</strong>!<br></div><div class="spacer battle-history"><br></div><div class="battle-history"><small>Mantine restored a little HP using its Leftovers!</small><br></div><div class="spacer battle-history"><br></div><h2 class="battle-history">Turn 8</h2><div class="spacer battle-history"><br></div><div class="battle-history">Mantine, come back!<br></div><div class="battle-history">Go! <strong>Gurdurr</strong>!<br></div><div class="spacer battle-history"><br></div><div class="battle-history">The opposing Golem used <strong>Rock Blast</strong>!<br></div><div class="battle-history"><small>It's not very effective...</small><br></div><div class="battle-history"><small>(Gurdurr lost <abbr title="−24/374">6.4%</abbr> of its health!)</small><br></div><div class="battle-history"><small>It's not very effective...</small><br></div><div class="battle-history"><small>(Gurdurr lost <abbr title="−24/374">6.4%</abbr> of its health!)</small><br></div><div class="battle-history"><small>It's not very effective...</small><br></div><div class="battle-history"><small>A critical hit!</small><br></div><div class="battle-history"><small>(Gurdurr lost <abbr title="−41/374">11.0%</abbr> of its health!)</small><br></div><div class="battle-history"><small>It's not very effective...</small><br></div><div class="battle-history"><small>(Gurdurr lost <abbr title="−27/374">7.2%</abbr> of its health!)</small><br></div><div class="battle-history"><small>It's not very effective...</small><br></div><div class="battle-history"><small>(Gurdurr lost <abbr title="−23/374">6.1%</abbr> of its health!)</small><br></div><div class="battle-history"><small>Hit 5 times!</small><br></div><div class="spacer battle-history"><br></div><h2 class="battle-history">Turn 9</h2><div class="chat chatmessage-makeishuratesting"><strong style="color:hsl(65,82%,33.38721271324597%)"><small>☆</small><span class="username" data-name="Makeishura testing">Makeishura testing</span>:</strong> <em>u r not real enough</em></div><div class="spacer battle-history"><br></div><div class="battle-history">The opposing Golem used <strong>Rock Blast</strong>!<br></div><div class="battle-history"><small>It's not very effective...</small><br></div><div class="battle-history"><small>(Gurdurr lost <abbr title="−26/374">7.0%</abbr> of its health!)</small><br></div><div class="battle-history"><small>It's not very effective...</small><br></div><div class="battle-history"><small>(Gurdurr lost <abbr title="−24/374">6.4%</abbr> of its health!)</small><br></div><div class="battle-history"><small>It's not very effective...</small><br></div><div class="battle-history"><small>(Gurdurr lost <abbr title="−25/374">6.7%</abbr> of its health!)</small><br></div><div class="battle-history"><small>It's not very effective...</small><br></div><div class="battle-history"><small>(Gurdurr lost <abbr title="−27/374">7.2%</abbr> of its health!)</small><br></div><div class="battle-history"><small>It's not very effective...</small><br></div><div class="battle-history"><small>(Gurdurr lost <abbr title="−24/374">6.4%</abbr> of its health!)</small><br></div><div class="battle-history"><small>Hit 5 times!</small><br></div><div class="spacer battle-history"><br></div><div class="battle-history">Gurdurr used <strong>Knock Off</strong>!<br></div><div class="battle-history"><small>(The opposing Golem lost <abbr title="−86/301">28.6%</abbr> of its health!)</small><br></div><div class="battle-history"><small>Gurdurr knocked off the opposing Golem's Choice Band!</small><br></div><div class="spacer battle-history"><br></div><h2 class="battle-history">Turn 10</h2><div class="spacer battle-history"><br></div><div class="battle-history">Gurdurr used <strong>Mach Punch</strong>!<br></div><div class="battle-history"><small>It's super effective!</small><br></div><div class="battle-history"><small>(The opposing Golem lost <abbr title="−98/301">32.6%</abbr> of its health!)</small><br></div><div class="spacer battle-history"><br></div><div class="battle-history">The opposing Golem used <strong>Earthquake</strong>!<br></div><div class="battle-history"><small>(Gurdurr lost <abbr title="−109/374">29.1%</abbr> of its health!)</small><br></div><div class="spacer battle-history"><br></div><div class="battle-history">Gurdurr fainted!<br></div><div class="spacer battle-history"><br></div><div class="battle-history">Go! <strong>Rotom</strong>!<br></div><div class="spacer battle-history"><br></div><h2 class="battle-history">Turn 11</h2><div class="spacer battle-history"><br></div><div class="battle-history">Makeishura testing withdrew Golem!<br></div><div class="battle-history">Makeishura testing sent out <strong>Ferroseed</strong>!<br></div><div class="spacer battle-history"><br></div><div class="battle-history">Rotom used <strong>Shadow Ball</strong>!<br></div><div class="battle-history"><small>(The opposing Ferroseed lost <abbr title="−115/291">39.5%</abbr> of its health!)</small><br></div><div class="spacer battle-history"><br></div><h2 class="battle-history">Turn 12</h2><div class="spacer battle-history"><br></div><div class="battle-history">Rotom used <strong>Shadow Ball</strong>!<br></div><div class="battle-history"><small>(The opposing Ferroseed lost <abbr title="−112/291">38.5%</abbr> of its health!)</small><br></div><div class="battle-history"><small>The opposing Ferroseed's Special Defense fell!</small><br></div><div class="spacer battle-history"><br></div><div class="battle-history">The opposing Ferroseed used <strong>Leech Seed</strong>!<br></div><div class="battle-history"><small>Rotom was seeded!</small><br></div><div class="spacer battle-history"><br></div><div class="battle-history"><small>Rotom's health is sapped by Leech Seed!</small><br></div><div class="spacer battle-history"><br></div><h2 class="battle-history">Turn 13</h2><div class="spacer battle-history"><br></div><div class="battle-history">Rotom used <strong>Volt Switch</strong>!<br></div><div class="battle-history"><small>It's not very effective...</small><br></div><div class="battle-history"><small>A critical hit!</small><br></div><div class="battle-history"><small>(The opposing Ferroseed lost <abbr title="−86/291">29.6%</abbr> of its health!)</small><br></div><div class="spacer battle-history"><br></div><div class="battle-history">The opposing Ferroseed fainted!<br></div><div class="spacer battle-history"><br></div><div class="battle-history">Rotom went back to yogi✬bears!<br></div><div class="battle-history">Go! <strong>Aurorus</strong>!<br></div><div class="spacer battle-history"><br></div><div class="battle-history">Makeishura testing sent out <strong>Magmortar</strong>!<br></div><div class="spacer battle-history"><br></div><h2 class="battle-history">Turn 14</h2><div class="spacer battle-history"><br></div><div class="battle-history">Makeishura testing withdrew Magmortar!<br></div><div class="battle-history">Makeishura testing sent out <strong>Pelipper</strong>!<br></div><div class="spacer battle-history"><br></div><div class="battle-history">Aurorus used <strong>Earth Power</strong>!<br></div><div class="battle-history"><small>It doesn't affect the opposing Pelipper...</small><br></div><div class="spacer battle-history"><br></div><div class="battle-history"><small>The opposing Pelipper restored a little HP using its Leftovers!</small><br></div><div class="battle-history"><small>The opposing Pelipper was hurt by poison!</small><br></div><div class="spacer battle-history"><br></div><h2 class="battle-history">Turn 15</h2><div class="spacer battle-history"><br></div><div class="battle-history">Aurorus, come back!<br></div><div class="battle-history">Go! <strong>Mantine</strong>!<br></div><div class="spacer battle-history"><br></div><div class="battle-history">The opposing Pelipper used <strong>U-turn</strong>!<br></div><div class="battle-history"><small>It's not very effective...</small><br></div><div class="battle-history"><small>A critical hit!</small><br></div><div class="battle-history"><small>(Mantine lost <abbr title="−22/334">6.6%</abbr> of its health!)</small><br></div><div class="chat chatmessage-makeishuratesting"><strong style="color:hsl(65,82%,33.38721271324597%)"><small>☆</small><span class="username" data-name="Makeishura testing">Makeishura testing</span>:</strong> <em>oml</em></div><div class="spacer battle-history"><br></div><div class="battle-history">The opposing Pelipper went back to Makeishura testing!<br></div><div class="battle-history">Makeishura testing sent out <strong>Golem</strong>!<br></div><div class="spacer battle-history"><br></div><div class="battle-history"><small>Mantine restored a little HP using its Leftovers!</small><br></div><div class="spacer battle-history"><br></div><h2 class="battle-history">Turn 16</h2><div class="chat chatmessage-makeishuratesting"><strong style="color:hsl(65,82%,33.38721271324597%)"><small>☆</small><span class="username" data-name="Makeishura testing">Makeishura testing</span>:</strong> <em>the reads toph</em></div><div class="spacer battle-history"><br></div><div class="battle-history">The opposing Golem used <strong>Rock Blast</strong>!<br></div><div class="battle-history"><small>It's super effective!</small><br></div><div class="battle-history"><small>(Mantine lost <abbr title="−92/334">27.5%</abbr> of its health!)</small><br></div><div class="battle-history"><small>It's super effective!</small><br></div><div class="battle-history"><small>(Mantine lost <abbr title="−104/334">31.1%</abbr> of its health!)</small><br></div><div class="battle-history"><small>Hit 2 times!</small><br></div><div class="spacer battle-history"><br></div><div class="battle-history">Mantine used <strong>Scald</strong>!<br></div><div class="battle-history"><small>It's super effective!</small><br></div><div class="battle-history"><small>(The opposing Golem lost <abbr title="−117/301">38.9%</abbr> of its health!)</small><br></div><div class="spacer battle-history"><br></div><div class="battle-history">The opposing Golem fainted!<br></div><div class="spacer battle-history"><br></div><div class="battle-history"><small>Mantine restored a little HP using its Leftovers!</small><br></div><div class="chat chatmessage-yogibears"><strong style="color:hsl(183,63%,44.99448677551407%)"><small>☆</small><span class="username" data-name="yogi✬bears">yogi✬bears</span>:</strong> <em>ez</em></div><div class="chat chatmessage-makeishuratesting"><strong style="color:hsl(65,82%,33.38721271324597%)"><small>☆</small><span class="username" data-name="Makeishura testing">Makeishura testing</span>:</strong> <em>r u kitten me</em></div><div class="chat chatmessage-yogibears"><strong style="color:hsl(183,63%,44.99448677551407%)"><small>☆</small><span class="username" data-name="yogi✬bears">yogi✬bears</span>:</strong> <em>you got 2 five hits</em></div><div class="spacer battle-history"><br></div><div class="battle-history">Makeishura testing sent out <strong>Magmortar</strong>!<br></div><div class="spacer battle-history"><br></div><h2 class="battle-history">Turn 17</h2><div class="chat chatmessage-yogibears"><strong style="color:hsl(183,63%,44.99448677551407%)"><small>☆</small><span class="username" data-name="yogi✬bears">yogi✬bears</span>:</strong> <em>stfu lolol</em></div><div class="spacer battle-history"><br></div><div class="battle-history">The opposing Magmortar used <strong>Thunderbolt</strong>!<br></div><div class="battle-history"><small>It's super effective!</small><br></div><div class="battle-history"><small>(Mantine lost <abbr title="−119/334">35.6%</abbr> of its health!)</small><br></div><div class="spacer battle-history"><br></div><div class="battle-history">Mantine fainted!<br></div><div class="chat chatmessage-makeishuratesting"><strong style="color:hsl(65,82%,33.38721271324597%)"><small>☆</small><span class="username" data-name="Makeishura testing">Makeishura testing</span>:</strong> <em>didn't matter zzzzzzzz</em></div><div class="spacer battle-history"><br></div><div class="battle-history">Go! <strong>Camerupt</strong>!<br></div><div class="spacer battle-history"><br></div><h2 class="battle-history">Turn 18</h2><div class="spacer battle-history"><br></div><div class="battle-history">The opposing Magmortar used <strong>Earthquake</strong>!<br></div><div class="battle-history"><small>It's super effective!</small><br></div><div class="battle-history"><small>(Camerupt lost <abbr title="−145/344">42.2%</abbr> of its health!)</small><br></div><div class="spacer battle-history"><br></div><div class="battle-history">Camerupt used <strong>Stealth Rock</strong>!<br></div><div class="battle-history"><small>Pointed stones float in the air around the opposing team!</small><br></div><div class="spacer battle-history"><br></div><div class="battle-history"><small>Camerupt restored a little HP using its Leftovers!</small><br></div><div class="spacer battle-history"><br></div><h2 class="battle-history">Turn 19</h2><div class="spacer battle-history"><br></div><div class="battle-history">Camerupt, come back!<br></div><div class="battle-history">Go! <strong>Rotom</strong>!<br></div><div class="spacer battle-history"><br></div><div class="battle-history">The opposing Magmortar used <strong>Earthquake</strong>!<br></div><div class="battle-history"><small>[Rotom's Levitate]</small><br><small>It doesn't affect Rotom...</small><br></div><div class="spacer battle-history"><br></div><h2 class="battle-history">Turn 20</h2><div class="spacer battle-history"><br></div><div class="battle-history">Rotom used <strong>Trick</strong>!<br></div><div class="battle-history"><small>Rotom switched items with its target!</small><br></div><div class="battle-history"><small>The opposing Magmortar obtained one Eviolite.</small><br></div><div class="battle-history"><small>Rotom obtained one Assault Vest.</small><br></div><div class="spacer battle-history"><br></div><div class="battle-history">The opposing Magmortar used <strong>Fire Blast</strong>!<br></div><div class="battle-history"><small>(Rotom lost <abbr title="−181/241">75.1%</abbr> of its health!)</small><br></div><div class="spacer battle-history"><br></div><div class="battle-history">Rotom fainted!<br></div><div class="spacer battle-history"><br></div><div class="battle-history">Go! <strong>Audino</strong>!<br></div><div class="spacer battle-history"><br></div><h2 class="battle-history">Turn 21</h2><div class="spacer battle-history"><br></div><div class="battle-history">Makeishura testing withdrew Magmortar!<br></div><div class="battle-history">Makeishura testing sent out <strong>Scyther</strong>!<br></div><div class="battle-history"><small>Pointed stones dug into the opposing Scyther!</small><br></div><div class="spacer battle-history"><br></div><div class="battle-history">Audino used <strong>Calm Mind</strong>!<br></div><div class="battle-history"><small>Audino's Special Attack rose!</small><br></div><div class="battle-history"><small>Audino's Special Defense rose!</small><br></div><div class="spacer battle-history"><br></div><h2 class="battle-history">Turn 22</h2><div class="spacer battle-history"><br></div><div class="battle-history">The opposing Scyther used <strong>Swords Dance</strong>!<br></div><div class="battle-history"><small>The opposing Scyther's Attack rose sharply!</small><br></div><div class="spacer battle-history"><br></div><div class="battle-history">Audino used <strong>Calm Mind</strong>!<br></div><div class="battle-history"><small>Audino's Special Attack rose!</small><br></div><div class="battle-history"><small>Audino's Special Defense rose!</small><br></div><div class="spacer battle-history"><br></div><h2 class="battle-history">Turn 23</h2><div class="spacer battle-history"><br></div><div class="battle-history">The opposing Scyther used <strong>Roost</strong>!<br></div><div class="battle-history"><small>The opposing Scyther restored its HP.</small><br></div><div class="spacer battle-history"><br></div><div class="battle-history">Audino used <strong>Dazzling Gleam</strong>!<br></div><div class="battle-history"><small>(The opposing Scyther lost <abbr title="−74/343">21.6%</abbr> of its health!)</small><br></div><div class="spacer battle-history"><br></div><h2 class="battle-history">Turn 24</h2><div class="spacer battle-history"><br></div><div class="battle-history"><small>Audino's Audinite is reacting to yogi✬bears's Mega Bracelet!</small><br>Audino has Mega Evolved into Mega Audino!<br></div><div class="spacer battle-history"><br></div><div class="battle-history">The opposing Scyther used <strong>Swords Dance</strong>!<br></div><div class="battle-history"><small>The opposing Scyther's Attack rose sharply!</small><br></div><div class="spacer battle-history"><br></div><div class="battle-history">Audino used <strong>Dazzling Gleam</strong>!<br></div><div class="battle-history"><small>A critical hit!</small><br></div><div class="battle-history"><small>(The opposing Scyther lost <abbr title="−201/343">58.6%</abbr> of its health!)</small><br></div><div class="spacer battle-history"><br></div><h2 class="battle-history">Turn 25</h2><div class="spacer battle-history"><br></div><div class="battle-history">The opposing Scyther used <strong>Roost</strong>!<br></div><div class="battle-history"><small>The opposing Scyther restored its HP.</small><br></div><div class="spacer battle-history"><br></div><div class="battle-history">Audino used <strong>Dazzling Gleam</strong>!<br></div><div class="battle-history"><small>(The opposing Scyther lost <abbr title="−145/343">42.3%</abbr> of its health!)</small><br></div><div class="spacer battle-history"><br></div><h2 class="battle-history">Turn 26</h2><div class="chat chatmessage-makeishuratesting"><strong style="color:hsl(65,82%,33.38721271324597%)"><small>☆</small><span class="username" data-name="Makeishura testing">Makeishura testing</span>:</strong> <em>crit</em></div><div class="chat chatmessage-makeishuratesting"><strong style="color:hsl(65,82%,33.38721271324597%)"><small>☆</small><span class="username" data-name="Makeishura testing">Makeishura testing</span>:</strong> <em>,</em></div><div class="spacer battle-history"><br></div><div class="battle-history">The opposing Scyther used <strong>Roost</strong>!<br></div><div class="battle-history"><small>The opposing Scyther restored its HP.</small><br></div><div class="spacer battle-history"><br></div><div class="battle-history">Audino used <strong>Calm Mind</strong>!<br></div><div class="battle-history"><small>Audino's Special Attack rose!</small><br></div><div class="battle-history"><small>Audino's Special Defense rose!</small><br></div><div class="spacer battle-history"><br></div><h2 class="battle-history">Turn 27</h2><div class="spacer battle-history"><br></div><div class="battle-history">The opposing Scyther used <strong>Aerial Ace</strong>!<br></div><div class="battle-history"><small>(Audino lost <abbr title="−219/410">53.4%</abbr> of its health!)</small><br></div><div class="spacer battle-history"><br></div><div class="battle-history">Audino used <strong>Dazzling Gleam</strong>!<br></div><div class="battle-history"><small>(The opposing Scyther lost <abbr title="−175/343">51.0%</abbr> of its health!)</small><br></div><div class="spacer battle-history"><br></div><h2 class="battle-history">Turn 28</h2><div class="spacer battle-history"><br></div><div class="battle-history">The opposing Scyther used <strong>Aerial Ace</strong>!<br></div><div class="battle-history"><small>(Audino lost <abbr title="−191/410">46.6%</abbr> of its health!)</small><br></div><div class="spacer battle-history"><br></div><div class="battle-history">Audino fainted!<br></div><div class="spacer battle-history"><br></div><div class="battle-history"><small>yogi✬bears forfeited.</small><br></div><div class="spacer battle-history"><br></div><div class="battle-history"><strong>Makeishura testing</strong> won the battle!<br></div><div class="chat"><small>yogi✬bears left.</small></div></div><div class="inner-preempt"></div></div></div>
</div>
<script>
let daily = Math.floor(Date.now()/1000/60/60/24);document.write('<script src="https://play.pokemonshowdown.com/js/replay-embed.js?version'+daily+'"></'+'script>');
</script>
