<!DOCTYPE html>
<meta charset="utf-8" />
<!-- version 1 -->
<title>NU replay: Chim-B vs. Arnik</title>
<style>
html,body {font-family:Verdana, sans-serif;font-size:10pt;margin:0;padding:0;}body{padding:12px 0;} .battle-log {font-family:Verdana, sans-serif;font-size:10pt;} .battle-log-inline {border:1px solid #AAAAAA;background:#EEF2F5;color:black;max-width:640px;margin:0 auto 80px;padding-bottom:5px;} .battle-log .inner {padding:4px 8px 0px 8px;} .battle-log .inner-preempt {padding:0 8px 4px 8px;} .battle-log .inner-after {margin-top:0.5em;} .battle-log h2 {margin:0.5em -8px;padding:4px 8px;border:1px solid #AAAAAA;background:#E0E7EA;border-left:0;border-right:0;font-family:Verdana, sans-serif;font-size:13pt;} .battle-log .chat {vertical-align:middle;padding:3px 0 3px 0;font-size:8pt;} .battle-log .chat strong {color:#40576A;} .battle-log .chat em {padding:1px 4px 1px 3px;color:#000000;font-style:normal;} .chat.mine {background:rgba(0,0,0,0.05);margin-left:-8px;margin-right:-8px;padding-left:8px;padding-right:8px;} .spoiler {color:#BBBBBB;background:#BBBBBB;padding:0px 3px;} .spoiler:hover, .spoiler:active, .spoiler-shown {color:#000000;background:#E2E2E2;padding:0px 3px;} .spoiler a {color:#BBBBBB;} .spoiler:hover a, .spoiler:active a, .spoiler-shown a {color:#2288CC;} .chat code, .chat .spoiler:hover code, .chat .spoiler:active code, .chat .spoiler-shown code {border:1px solid #C0C0C0;background:#EEEEEE;color:black;padding:0 2px;} .chat .spoiler code {border:1px solid #CCCCCC;background:#CCCCCC;color:#CCCCCC;} .battle-log .rated {padding:3px 4px;} .battle-log .rated strong {color:white;background:#89A;padding:1px 4px;border-radius:4px;} .spacer {margin-top:0.5em;} .message-announce {background:#6688AA;color:white;padding:1px 4px 2px;} .message-announce a, .broadcast-green a, .broadcast-blue a, .broadcast-red a {color:#DDEEFF;} .broadcast-green {background-color:#559955;color:white;padding:2px 4px;} .broadcast-blue {background-color:#6688AA;color:white;padding:2px 4px;} .infobox {border:1px solid #6688AA;padding:2px 4px;} .infobox-limited {max-height:200px;overflow:auto;overflow-x:hidden;} .broadcast-red {background-color:#AA5544;color:white;padding:2px 4px;} .message-learn-canlearn {font-weight:bold;color:#228822;text-decoration:underline;} .message-learn-cannotlearn {font-weight:bold;color:#CC2222;text-decoration:underline;} .message-effect-weak {font-weight:bold;color:#CC2222;} .message-effect-resist {font-weight:bold;color:#6688AA;} .message-effect-immune {font-weight:bold;color:#666666;} .message-learn-list {margin-top:0;margin-bottom:0;} .message-throttle-notice, .message-error {color:#992222;} .message-overflow, .chat small.message-overflow {font-size:0pt;} .message-overflow::before {font-size:9pt;content:'...';} .subtle {color:#3A4A66;}
</style>
<div class="wrapper replay-wrapper" style="max-width:1180px;margin:0 auto">
<input type="hidden" name="replayid" value="nu-526886520" />
<div class="battle"></div><div class="battle-log"></div><div class="replay-controls"></div><div class="replay-controls-2"></div>
<h1 style="font-weight:normal;text-align:center"><strong>NU</strong><br /><a href="http://pokemonshowdown.com/users/chimb" class="subtle" target="_blank">Chim-B</a> vs. <a href="http://pokemonshowdown.com/users/arnik" class="subtle" target="_blank">Arnik</a></h1>
<script type="text/plain" class="battle-log-data">|j|Chim-B
|j|Arnik
|player|p1|Chim-B|164
|player|p2|Arnik|186
|gametype|singles
|gen|6
|tier|NU
|rated
|seed|17819,14456,59580,640
|rule|Sleep Clause Mod: Limit one foe put to sleep
|rule|Species Clause: Limit one of each Pokémon
|rule|OHKO Clause: OHKO moves are banned
|rule|Moody Clause: Moody is banned
|rule|Evasion Moves Clause: Evasion moves are banned
|rule|Endless Battle Clause: Forcing endless battles is banned
|rule|HP Percentage Mod: HP is shown in percentages
|clearpoke
|poke|p1|Audino, F|item
|poke|p1|Gourgeist-*, F|item
|poke|p1|Lanturn, M|item
|poke|p1|Swellow, F|item
|poke|p1|Claydol|item
|poke|p1|Barbaracle, M|item
|poke|p2|Archeops, M|
|poke|p2|Pyroar, M|item
|poke|p2|Audino, F|item
|poke|p2|Leafeon, M, shiny|item
|poke|p2|Skuntank, F|item
|poke|p2|Gastrodon-East, F|item
|rule|Swagger Clause: Swagger is banned
|rule|Baton Pass Clause: Limit one Baton Passer, can't pass Spe and other stats simultaneously
|teampreview
|c|★Arnik|'3'
|choice|team 3, team 2, team 1, team 4, team 5, team 6|team 4, team 2, team 3, team 1, team 5, team 6
|
|start
|switch|p1a: Lanturn|Lanturn, M|454\/454
|switch|p2a: Jade|Leafeon, M, shiny|271\/271
|turn|1
|choice|switch 2|move leafblade
|
|switch|p1a: Gourgeist|Gourgeist-Super, F|374\/374
|-item|p2a: Jade|Salac Berry|[from] ability: Frisk|[of] p1a: Gourgeist|[identify]
|move|p2a: Jade|Leaf Blade|p1a: Gourgeist
|-resisted|p1a: Gourgeist
|-damage|p1a: Gourgeist|323\/374
|
|-heal|p1a: Gourgeist|346\/374|[from] item: Leftovers
|upkeep
|turn|2
|choice|move leechseed|switch 2
|
|switch|p2a: Némélios|Pyroar, M|313\/313
|-ability|p2a: Némélios|Unnerve|p1: Chim-B
|move|p1a: Gourgeist|Leech Seed|p2a: Némélios|[miss]
|-miss|p1a: Gourgeist|p2a: Némélios
|
|-heal|p1a: Gourgeist|369\/374|[from] item: Leftovers
|upkeep
|turn|3
|choice|switch 3|move hypervoice
|
|switch|p1a: Audino|Audino, F|410\/410
|move|p2a: Némélios|Hyper Voice|p1a: Audino
|-damage|p1a: Audino|302\/410
|
|upkeep
|turn|4
|choice|move toxic|move hypervoice
|
|move|p2a: Némélios|Hyper Voice|p1a: Audino
|-damage|p1a: Audino|154\/410
|move|p1a: Audino|Toxic|p2a: Némélios
|-status|p2a: Némélios|tox
|
|-damage|p2a: Némélios|294\/313 tox|[from] psn
|upkeep
|turn|5
|choice|move protect|move taunt
|
|move|p1a: Audino|Protect|p1a: Audino
|-singleturn|p1a: Audino|Protect
|move|p2a: Némélios|Taunt|p1a: Audino
|-activate|p1a: Audino|move: Protect
|
|-damage|p2a: Némélios|256\/313 tox|[from] psn
|upkeep
|turn|6
|choice|switch 2|move taunt
|
|switch|p1a: Lanturn|Lanturn, M|454\/454
|move|p2a: Némélios|Taunt|p1a: Lanturn
|-start|p1a: Lanturn|move: Taunt
|
|-damage|p2a: Némélios|199\/313 tox|[from] psn
|upkeep
|turn|7
|choice|move voltswitch|switch 6
|
|switch|p2a: Tritosor|Gastrodon-East, F|413\/413
|move|p1a: Lanturn|Volt Switch|p2a: Tritosor
|-immune|p2a: Tritosor|[msg]
|
|upkeep
|turn|8
|choice|switch 4|move toxic
|
|switch|p1a: Swellow|Swellow, F|261\/261
|move|p2a: Tritosor|Toxic|p1a: Swellow
|-status|p1a: Swellow|tox
|
|-damage|p1a: Swellow|245\/261 tox|[from] psn
|upkeep
|turn|9
|choice|move uturn|move counter
|
|move|p1a: Swellow|U-turn|p2a: Tritosor
|-damage|p2a: Tritosor|313\/413
|choice|switch 2|
|
|switch|p1a: Audino|Audino, F|290\/410
|move|p2a: Tritosor|Counter|p1a: Audino
|-damage|p1a: Audino|90\/410
|
|-heal|p2a: Tritosor|338\/413|[from] item: Leftovers
|upkeep
|turn|10
|choice|switch 4|move scald
|
|switch|p1a: Lanturn|Lanturn, M|454\/454
|move|p2a: Tritosor|Scald|p1a: Lanturn
|-resisted|p1a: Lanturn
|-damage|p1a: Lanturn|397\/454
|-status|p1a: Lanturn|brn
|
|-heal|p1a: Lanturn|425\/454 brn|[from] item: Leftovers
|-heal|p2a: Tritosor|363\/413|[from] item: Leftovers
|-damage|p1a: Lanturn|369\/454 brn|[from] brn
|upkeep
|turn|11
|choice|move toxic|move toxic
|
|move|p1a: Lanturn|Toxic|p2a: Tritosor
|-status|p2a: Tritosor|tox
|move|p2a: Tritosor|Toxic|p1a: Lanturn
|-fail|p1a: Lanturn
|
|-heal|p1a: Lanturn|397\/454 brn|[from] item: Leftovers
|-heal|p2a: Tritosor|388\/413 tox|[from] item: Leftovers
|-damage|p1a: Lanturn|341\/454 brn|[from] brn
|-damage|p2a: Tritosor|363\/413 tox|[from] psn
|upkeep
|turn|12
|choice|move healbell|switch 3
|
|switch|p2a: Nanméouïe|Audino, F|389\/389
|move|p1a: Lanturn|Heal Bell|p1a: Lanturn
|-activate|p1a: Lanturn|move: Heal Bell
|-curestatus|p1a: Lanturn|brn|[msg]
|-curestatus|p1: Swellow|tox|[msg]
|
|-heal|p1a: Lanturn|369\/454|[from] item: Leftovers
|upkeep
|turn|13
|choice|move voltswitch|move healbell
|
|move|p1a: Lanturn|Volt Switch|p2a: Nanméouïe
|-damage|p2a: Nanméouïe|334\/389
|choice|switch 2|
|
|switch|p1a: Swellow|Swellow, F|245\/261
|move|p2a: Nanméouïe|Heal Bell|p2a: Nanméouïe
|-activate|p2a: Nanméouïe|move: Heal Bell
|-curestatus|p2: Tritosor|tox|[msg]
|-curestatus|p2: Némélios|tox|[msg]
|
|-status|p1a: Swellow|brn|[from] item: Flame Orb
|upkeep
|turn|14
|choice|move facade|move drainingkiss
|
|move|p1a: Swellow|Facade|p2a: Nanméouïe
|-damage|p2a: Nanméouïe|79\/389
|move|p2a: Nanméouïe|Draining Kiss|p1a: Swellow
|-damage|p1a: Swellow|203\/261 brn
|-heal|p2a: Nanméouïe|111\/389|[from] drain|[of] p1a: Swellow
|
|-damage|p1a: Swellow|171\/261 brn|[from] brn
|upkeep
|turn|15
|choice|move facade|switch 5
|
|switch|p2a: Moufflair|Skuntank, F|347\/347
|move|p1a: Swellow|Facade|p2a: Moufflair
|-damage|p2a: Moufflair|0 fnt
|-damage|p1a: Swellow|106\/261 brn|[from] ability: Aftermath|[of] p2a: Moufflair
|faint|p2a: Moufflair
|
|-damage|p1a: Swellow|74\/261 brn|[from] brn
|upkeep
|choice||switch 4
|
|switch|p2a: Aéroptérix|Archeops, M|291\/291
|turn|16
|choice|switch 3|move knockoff
|
|switch|p1a: Gourgeist|Gourgeist-Super, F|369\/374
|move|p2a: Aéroptérix|Knock Off|p1a: Gourgeist
|-supereffective|p1a: Gourgeist
|-damage|p1a: Gourgeist|211\/374
|-enditem|p1a: Gourgeist|Leftovers|[from] move: Knock Off|[of] p2a: Aéroptérix
|
|upkeep
|turn|17
|choice|move leechseed|move acrobatics
|
|move|p2a: Aéroptérix|Acrobatics|p1a: Gourgeist
|-supereffective|p1a: Gourgeist
|-damage|p1a: Gourgeist|0 fnt
|faint|p1a: Gourgeist
|
|upkeep
|choice|switch 2|
|
|switch|p1a: Lanturn|Lanturn, M|369\/454
|turn|18
|choice|move voltswitch|move uturn
|
|move|p2a: Aéroptérix|U-turn|p1a: Lanturn
|-damage|p1a: Lanturn|274\/454
|choice||switch 5
|
|switch|p2a: Nanméouïe|Audino, F|240\/389
|move|p1a: Lanturn|Volt Switch|p2a: Nanméouïe
|-damage|p2a: Nanméouïe|174\/389
|choice|switch 3|
|
|switch|p1a: Swellow|Swellow, F|74\/261 brn
|
|-damage|p1a: Swellow|42\/261 brn|[from] brn
|upkeep
|turn|19
|choice|move facade|switch 5
|
|switch|p2a: Aéroptérix|Archeops, M|291\/291
|move|p1a: Swellow|Facade|p2a: Aéroptérix
|-resisted|p2a: Aéroptérix
|-damage|p2a: Aéroptérix|87\/291
|
|-damage|p1a: Swellow|10\/261 brn|[from] brn
|upkeep
|turn|20
|choice|move facade|switch 5
|
|switch|p2a: Nanméouïe|Audino, F|303\/389
|move|p1a: Swellow|Facade|p2a: Nanméouïe
|-damage|p2a: Nanméouïe|27\/389
|
|-damage|p1a: Swellow|0 fnt|[from] brn
|upkeep
|faint|p1a: Swellow
|choice|switch 6|
|
|switch|p1a: Barbaracle|Barbaracle, M|329\/329
|turn|21
|choice|move shellsmash|switch 3
|
|switch|p2a: Tritosor|Gastrodon-East, F|363\/413
|move|p1a: Barbaracle|Shell Smash|p1a: Barbaracle
|-unboost|p1a: Barbaracle|def|1
|-unboost|p1a: Barbaracle|spd|1
|-boost|p1a: Barbaracle|atk|2
|-boost|p1a: Barbaracle|spa|2
|-boost|p1a: Barbaracle|spe|2
|
|-heal|p2a: Tritosor|388\/413|[from] item: Leftovers
|upkeep
|turn|22
|choice|move shellsmash|move scald
|
|move|p1a: Barbaracle|Shell Smash|p1a: Barbaracle
|-unboost|p1a: Barbaracle|def|1
|-unboost|p1a: Barbaracle|spd|1
|-boost|p1a: Barbaracle|atk|2
|-boost|p1a: Barbaracle|spa|2
|-boost|p1a: Barbaracle|spe|2
|move|p2a: Tritosor|Scald|p1a: Barbaracle
|-damage|p1a: Barbaracle|146\/329
|
|-heal|p2a: Tritosor|413\/413|[from] item: Leftovers
|upkeep
|turn|23
|choice|move earthquake|move scald
|
|move|p1a: Barbaracle|Earthquake|p2a: Tritosor
|-damage|p2a: Tritosor|124\/413
|move|p2a: Tritosor|Scald|p1a: Barbaracle
|-damage|p1a: Barbaracle|0 fnt
|faint|p1a: Barbaracle
|
|-heal|p2a: Tritosor|149\/413|[from] item: Leftovers
|upkeep
|choice|switch 5|
|
|switch|p1a: Claydol|Claydol|324\/324
|turn|24
|choice|move psychic|move toxic
|
|move|p1a: Claydol|Psychic|p2a: Tritosor
|-damage|p2a: Tritosor|25\/413
|move|p2a: Tritosor|Toxic|p1a: Claydol
|-status|p1a: Claydol|tox
|
|-heal|p2a: Tritosor|50\/413|[from] item: Leftovers
|-damage|p1a: Claydol|304\/324 tox|[from] psn
|upkeep
|turn|25
|choice|move psychic|move scald
|
|move|p1a: Claydol|Psychic|p2a: Tritosor
|-damage|p2a: Tritosor|0 fnt
|faint|p2a: Tritosor
|
|-heal|p1a: Claydol|324\/324 tox|[from] item: Leftovers
|-damage|p1a: Claydol|284\/324 tox|[from] psn
|upkeep
|choice||switch 3
|
|switch|p2a: Nanméouïe|Audino, F|156\/389
|turn|26
|choice|move stealthrock|switch 5
|
|switch|p2a: Aéroptérix|Archeops, M|87\/291
|move|p1a: Claydol|Stealth Rock|p2a: Aéroptérix
|-sidestart|p2: Arnik|move: Stealth Rock
|
|-heal|p1a: Claydol|304\/324 tox|[from] item: Leftovers
|-damage|p1a: Claydol|244\/324 tox|[from] psn
|upkeep
|turn|27
|choice|move psychic|move knockoff
|
|move|p2a: Aéroptérix|Knock Off|p1a: Claydol
|-supereffective|p1a: Claydol
|-damage|p1a: Claydol|134\/324 tox
|-enditem|p1a: Claydol|Leftovers|[from] move: Knock Off|[of] p2a: Aéroptérix
|move|p1a: Claydol|Psychic|p2a: Aéroptérix
|-crit|p2a: Aéroptérix
|-damage|p2a: Aéroptérix|0 fnt
|faint|p2a: Aéroptérix
|
|-damage|p1a: Claydol|54\/324 tox|[from] psn
|upkeep
|choice||switch 2
|
|switch|p2a: Jade|Leafeon, M, shiny|271\/271
|-damage|p2a: Jade|238\/271|[from] Stealth Rock
|turn|28
|choice|move psychic|move leafblade
|
|move|p2a: Jade|Leaf Blade|p1a: Claydol
|-supereffective|p1a: Claydol
|-damage|p1a: Claydol|0 fnt
|faint|p1a: Claydol
|
|upkeep
|choice|switch 4|
|
|switch|p1a: Audino|Audino, F|226\/410
|turn|29
|choice|move wish mega|move leafblade
|
|detailschange|p1a: Audino|Audino-Mega, F
|-mega|p1a: Audino|Audino|Audinite
|move|p2a: Jade|Leaf Blade|p1a: Audino
|-damage|p1a: Audino|96\/410
|move|p1a: Audino|Wish|p1a: Audino
|
|upkeep
|turn|30
|choice|move protect|switch 5
|
|switch|p2a: Nanméouïe|Audino, F|285\/389
|-damage|p2a: Nanméouïe|237\/389|[from] Stealth Rock
|move|p1a: Audino|Protect|p1a: Audino
|-fail|p1a: Audino
|
|-heal|p1a: Audino|301\/410|[from] move: Wish|[wisher] Audino
|upkeep
|turn|31
|choice|move wish|move healbell
|
|move|p2a: Nanméouïe|Heal Bell|p2a: Nanméouïe
|-activate|p2a: Nanméouïe|move: Heal Bell
|move|p1a: Audino|Wish|p1a: Audino
|
|upkeep
|turn|32
|c|★Arnik|shit
|c|★Arnik|missclick
|choice|move toxic|move encore
|
|move|p2a: Nanméouïe|Encore|p1a: Audino
|-start|p1a: Audino|Encore
|move|p1a: Audino|Wish|p1a: Audino
|-fail|p1a: Audino
|
|-heal|p1a: Audino|410\/410|[from] move: Wish|[wisher] Audino
|upkeep
|turn|33
|choice|move wish|move calmmind mega
|
|detailschange|p2a: Nanméouïe|Audino-Mega, F
|-mega|p2a: Nanméouïe|Audino|Audinite
|move|p2a: Nanméouïe|Calm Mind|p2a: Nanméouïe
|-boost|p2a: Nanméouïe|spa|1
|-boost|p2a: Nanméouïe|spd|1
|move|p1a: Audino|Wish|p1a: Audino
|
|upkeep
|turn|34
|choice|switch 3|move calmmind
|
|switch|p1a: Lanturn|Lanturn, M|274\/454
|move|p2a: Nanméouïe|Calm Mind|p2a: Nanméouïe
|-boost|p2a: Nanméouïe|spa|1
|-boost|p2a: Nanméouïe|spd|1
|
|-heal|p1a: Lanturn|454\/454|[from] move: Wish|[wisher] Audino
|upkeep
|turn|35
|choice|move toxic|move drainingkiss
|
|move|p1a: Lanturn|Toxic|p2a: Nanméouïe|[miss]
|-miss|p1a: Lanturn|p2a: Nanméouïe
|move|p2a: Nanméouïe|Draining Kiss|p1a: Lanturn
|-damage|p1a: Lanturn|336\/454
|-heal|p2a: Nanméouïe|326\/389|[from] drain|[of] p1a: Lanturn
|
|-heal|p1a: Lanturn|364\/454|[from] item: Leftovers
|upkeep
|turn|36
|choice|move toxic|move drainingkiss
|
|move|p1a: Lanturn|Toxic|p2a: Nanméouïe
|-status|p2a: Nanméouïe|tox
|move|p2a: Nanméouïe|Draining Kiss|p1a: Lanturn
|-damage|p1a: Lanturn|237\/454
|-heal|p2a: Nanméouïe|389\/389 tox|[from] drain|[of] p1a: Lanturn
|
|-heal|p1a: Lanturn|265\/454|[from] item: Leftovers
|-damage|p2a: Nanméouïe|365\/389 tox|[from] psn
|upkeep
|turn|37
|choice|move voltswitch|move calmmind
|
|move|p1a: Lanturn|Volt Switch|p2a: Nanméouïe
|-crit|p2a: Nanméouïe
|-damage|p2a: Nanméouïe|290\/389 tox
|choice|switch 3|
|
|switch|p1a: Audino|Audino-Mega, F|410\/410
|move|p2a: Nanméouïe|Calm Mind|p2a: Nanméouïe
|-boost|p2a: Nanméouïe|spa|1
|-boost|p2a: Nanméouïe|spd|1
|
|-damage|p2a: Nanméouïe|242\/389 tox|[from] psn
|upkeep
|turn|38
|choice|move dazzlinggleam|move healbell
|
|move|p2a: Nanméouïe|Heal Bell|p2a: Nanméouïe
|-activate|p2a: Nanméouïe|move: Heal Bell
|-curestatus|p2a: Nanméouïe|tox|[msg]
|move|p1a: Audino|Dazzling Gleam|p2a: Nanméouïe
|-damage|p2a: Nanméouïe|218\/389
|
|upkeep
|turn|39
|choice|move toxic|move encore
|
|move|p2a: Nanméouïe|Encore|p1a: Audino
|-start|p1a: Audino|Encore
|move|p1a: Audino|Dazzling Gleam|p2a: Nanméouïe
|-damage|p2a: Nanméouïe|196\/389
|
|upkeep
|turn|40
|choice|switch 3|move drainingkiss
|
|switch|p1a: Lanturn|Lanturn, M|265\/454
|move|p2a: Nanméouïe|Draining Kiss|p1a: Lanturn
|-damage|p1a: Lanturn|111\/454
|-heal|p2a: Nanméouïe|312\/389|[from] drain|[of] p1a: Lanturn
|
|-heal|p1a: Lanturn|139\/454|[from] item: Leftovers
|upkeep
|turn|41
|choice|move voltswitch|move drainingkiss
|
|move|p1a: Lanturn|Volt Switch|p2a: Nanméouïe
|-damage|p2a: Nanméouïe|293\/389
|choice|switch 3|
|
|switch|p1a: Audino|Audino-Mega, F|410\/410
|move|p2a: Nanméouïe|Draining Kiss|p1a: Audino
|-damage|p1a: Audino|331\/410
|-heal|p2a: Nanméouïe|353\/389|[from] drain|[of] p1a: Audino
|
|upkeep
|turn|42
|choice|move wish|move calmmind
|
|move|p2a: Nanméouïe|Calm Mind|p2a: Nanméouïe
|-boost|p2a: Nanméouïe|spa|1
|-boost|p2a: Nanméouïe|spd|1
|move|p1a: Audino|Wish|p1a: Audino
|
|upkeep
|turn|43
|choice|switch 3|move drainingkiss
|
|switch|p1a: Lanturn|Lanturn, M|139\/454
|move|p2a: Nanméouïe|Draining Kiss|p1a: Lanturn
|-damage|p1a: Lanturn|0 fnt
|-heal|p2a: Nanméouïe|389\/389|[from] drain|[of] p1a: Lanturn
|faint|p1a: Lanturn
|
|upkeep
|choice|switch 3|
|
|switch|p1a: Audino|Audino-Mega, F|331\/410
|turn|44
|choice|move toxic|move drainingkiss
|
|move|p2a: Nanméouïe|Draining Kiss|p1a: Audino
|-damage|p1a: Audino|240\/410
|move|p1a: Audino|Toxic|p2a: Nanméouïe
|-status|p2a: Nanméouïe|tox
|
|-damage|p2a: Nanméouïe|365\/389 tox|[from] psn
|upkeep
|turn|45
|choice|move protect|move encore
|
|move|p1a: Audino|Protect|p1a: Audino
|-singleturn|p1a: Audino|Protect
|move|p2a: Nanméouïe|Encore|p1a: Audino
|-activate|p1a: Audino|move: Protect
|
|-damage|p2a: Nanméouïe|317\/389 tox|[from] psn
|upkeep
|turn|46
|choice|move wish|move encore
|
|move|p2a: Nanméouïe|Encore|p1a: Audino
|-start|p1a: Audino|Encore
|move|p1a: Audino|Protect|p1a: Audino
|-fail|p1a: Audino
|
|-damage|p2a: Nanméouïe|245\/389 tox|[from] psn
|upkeep
|turn|47
|choice|move protect|move healbell
|
|move|p1a: Audino|Protect|p1a: Audino
|-singleturn|p1a: Audino|Protect
|move|p2a: Nanméouïe|Heal Bell|p2a: Nanméouïe
|-activate|p2a: Nanméouïe|move: Heal Bell
|-curestatus|p2a: Nanméouïe|tox|[msg]
|
|upkeep
|turn|48
|choice|move protect|move drainingkiss
|
|move|p1a: Audino|Protect|p1a: Audino
|-singleturn|p1a: Audino|Protect
|move|p2a: Nanméouïe|Draining Kiss|p1a: Audino
|-activate|p1a: Audino|move: Protect
|
|-end|p1a: Audino|Encore
|upkeep
|turn|49
|choice|move wish|move encore
|
|move|p2a: Nanméouïe|Encore|p1a: Audino
|-start|p1a: Audino|Encore
|move|p1a: Audino|Protect|p1a: Audino
|-fail|p1a: Audino
|
|upkeep
|turn|50
|choice|move protect|move calmmind
|
|move|p1a: Audino|Protect|p1a: Audino
|-singleturn|p1a: Audino|Protect
|move|p2a: Nanméouïe|Calm Mind|p2a: Nanméouïe
|-boost|p2a: Nanméouïe|spa|1
|-boost|p2a: Nanméouïe|spd|1
|
|upkeep
|turn|51
|choice|move protect|move calmmind
|
|move|p1a: Audino|Protect|p1a: Audino
|-fail|p1a: Audino
|move|p2a: Nanméouïe|Calm Mind|p2a: Nanméouïe
|-boost|p2a: Nanméouïe|spa|1
|-boost|p2a: Nanméouïe|spd|1
|
|-end|p1a: Audino|Encore
|upkeep
|turn|52
|choice|move wish|move drainingkiss
|
|move|p2a: Nanméouïe|Draining Kiss|p1a: Audino
|-damage|p1a: Audino|119\/410
|-heal|p2a: Nanméouïe|336\/389|[from] drain|[of] p1a: Audino
|move|p1a: Audino|Wish|p1a: Audino
|
|upkeep
|turn|53
|choice|move toxic|move drainingkiss
|
|move|p2a: Nanméouïe|Draining Kiss|p1a: Audino
|-damage|p1a: Audino|0 fnt
|-heal|p2a: Nanméouïe|389\/389|[from] drain|[of] p1a: Audino
|faint|p1a: Audino
|
|win|Arnik
|player|p1
|player|p2
|raw|Chim-B's rating: 1450 &rarr; <strong>1428<\/strong><br \/>(-22 for losing)
|raw|Arnik's rating: 1415 &rarr; <strong>1437<\/strong><br \/>(+22 for winning)
|l|Chim-B</script>
</div>
<div class="battle-log battle-log-inline"><div class="inner"><div class="battle-options"></div><div class="inner"><div class="chat"><small>Chim-B joined.</small></div><div class="chat"><small>Arnik joined.</small></div><div class=""><small>Format:</small> <br><strong>NU</strong></div><div class="rated"><strong>Rated battle</strong></div><div class=""><small><em>Sleep Clause Mod:</em> Limit one foe put to sleep</small></div><div class=""><small><em>Species Clause:</em> Limit one of each Pokémon</small></div><div class=""><small><em>OHKO Clause:</em> OHKO moves are banned</small></div><div class=""><small><em>Moody Clause:</em> Moody is banned</small></div><div class=""><small><em>Evasion Moves Clause:</em> Evasion moves are banned</small></div><div class=""><small><em>Endless Battle Clause:</em> Forcing endless battles is banned</small></div><div class=""><small><em>HP Percentage Mod:</em> HP is shown in percentages</small></div><div class=""><small><em>Swagger Clause:</em> Swagger is banned</small></div><div class=""><small><em>Baton Pass Clause:</em> Limit one Baton Passer, can't pass Spe and other stats simultaneously</small></div><div class="chat battle-history"><strong>Chim-B's team:</strong> <em style="color:#445566;display:block;">Audino / Gourgeist-* / Lanturn / Swellow / Claydol / Barbaracle</em></div><div class="chat battle-history"><strong>Arnik's team:</strong> <em style="color:#445566;display:block;">Archeops / Pyroar / Audino / Leafeon / Skuntank / Gastrodon-East</em></div><div class="chat chatmessage-arnik"><strong style="color:hsl(337,42%,52.11716754624703%)"><small>★</small><span class="username" data-name="Arnik">Arnik</span>:</strong> <em>'3'</em></div><div class="spacer battle-history"><br></div><div class="battle-history">Battle started between Chim-B and Arnik!<br></div><div class="spacer battle-history"><br></div><div class="battle-history">Go! <strong>Lanturn</strong>!<br></div><div class="spacer battle-history"><br></div><div class="battle-history">Arnik sent out Jade (<strong>Leafeon</strong>)!<br></div><div class="spacer battle-history"><br></div><h2 class="battle-history">Turn 1</h2><div class="spacer battle-history"><br></div><div class="battle-history">Lanturn, come back!<br></div><div class="battle-history">Go! Gourgeist (<strong>Gourgeist-Super</strong>)!<br></div><div class="battle-history"><small>[Gourgeist's Frisk]</small><br><small>Gourgeist frisked the opposing Jade and found its Salac Berry!</small><br></div><div class="spacer battle-history"><br></div><div class="battle-history">The opposing Jade used <strong>Leaf Blade</strong>!<br></div><div class="battle-history"><small>It's not very effective...</small><br></div><div class="battle-history"><small>(Gourgeist lost <abbr title="−51/374">13.6%</abbr> of its health!)</small><br></div><div class="spacer battle-history"><br></div><div class="battle-history"><small>Gourgeist restored a little HP using its Leftovers!</small><br></div><div class="spacer battle-history"><br></div><h2 class="battle-history">Turn 2</h2><div class="spacer battle-history"><br></div><div class="battle-history">Arnik withdrew Jade!<br></div><div class="battle-history">Arnik sent out Némélios (<strong>Pyroar</strong>)!<br></div><div class="battle-history"><small>[The opposing Némélios's Unnerve]</small><br><small>Your team is too nervous to eat Berries!</small><br></div><div class="spacer battle-history"><br></div><div class="battle-history">Gourgeist used <strong>Leech Seed</strong>!<br></div><div class="battle-history"><small>The opposing Némélios avoided the attack!</small><br></div><div class="spacer battle-history"><br></div><div class="battle-history"><small>Gourgeist restored a little HP using its Leftovers!</small><br></div><div class="spacer battle-history"><br></div><h2 class="battle-history">Turn 3</h2><div class="spacer battle-history"><br></div><div class="battle-history">Gourgeist, come back!<br></div><div class="battle-history">Go! <strong>Audino</strong>!<br></div><div class="spacer battle-history"><br></div><div class="battle-history">The opposing Némélios used <strong>Hyper Voice</strong>!<br></div><div class="battle-history"><small>(Audino lost <abbr title="−108/410">26.3%</abbr> of its health!)</small><br></div><div class="spacer battle-history"><br></div><h2 class="battle-history">Turn 4</h2><div class="spacer battle-history"><br></div><div class="battle-history">The opposing Némélios used <strong>Hyper Voice</strong>!<br></div><div class="battle-history"><small>(Audino lost <abbr title="−148/410">36.1%</abbr> of its health!)</small><br></div><div class="spacer battle-history"><br></div><div class="battle-history">Audino used <strong>Toxic</strong>!<br></div><div class="battle-history"><small>The opposing Némélios was badly poisoned!</small><br></div><div class="spacer battle-history"><br></div><div class="battle-history"><small>The opposing Némélios was hurt by poison!</small><br></div><div class="spacer battle-history"><br></div><h2 class="battle-history">Turn 5</h2><div class="spacer battle-history"><br></div><div class="battle-history">Audino used <strong>Protect</strong>!<br></div><div class="battle-history"><small>Audino protected itself!</small><br></div><div class="spacer battle-history"><br></div><div class="battle-history">The opposing Némélios used <strong>Taunt</strong>!<br></div><div class="battle-history"><small>Audino protected itself!</small><br></div><div class="spacer battle-history"><br></div><div class="battle-history"><small>The opposing Némélios was hurt by poison!</small><br></div><div class="spacer battle-history"><br></div><h2 class="battle-history">Turn 6</h2><div class="spacer battle-history"><br></div><div class="battle-history">Audino, come back!<br></div><div class="battle-history">Go! <strong>Lanturn</strong>!<br></div><div class="spacer battle-history"><br></div><div class="battle-history">The opposing Némélios used <strong>Taunt</strong>!<br></div><div class="battle-history"><small>Lanturn fell for the taunt!</small><br></div><div class="spacer battle-history"><br></div><div class="battle-history"><small>The opposing Némélios was hurt by poison!</small><br></div><div class="spacer battle-history"><br></div><h2 class="battle-history">Turn 7</h2><div class="spacer battle-history"><br></div><div class="battle-history">Arnik withdrew Némélios!<br></div><div class="battle-history">Arnik sent out Tritosor (<strong>Gastrodon-East</strong>)!<br></div><div class="spacer battle-history"><br></div><div class="battle-history">Lanturn used <strong>Volt Switch</strong>!<br></div><div class="battle-history"><small>It doesn't affect the opposing Tritosor...</small><br></div><div class="spacer battle-history"><br></div><h2 class="battle-history">Turn 8</h2><div class="spacer battle-history"><br></div><div class="battle-history">Lanturn went back to Chim-B!<br></div><div class="battle-history">Go! <strong>Swellow</strong>!<br></div><div class="spacer battle-history"><br></div><div class="battle-history">The opposing Tritosor used <strong>Toxic</strong>!<br></div><div class="battle-history"><small>Swellow was badly poisoned!</small><br></div><div class="spacer battle-history"><br></div><div class="battle-history"><small>Swellow was hurt by poison!</small><br></div><div class="spacer battle-history"><br></div><h2 class="battle-history">Turn 9</h2><div class="spacer battle-history"><br></div><div class="battle-history">Swellow used <strong>U-turn</strong>!<br></div><div class="battle-history"><small>(The opposing Tritosor lost <abbr title="−100/413">24.2%</abbr> of its health!)</small><br></div><div class="spacer battle-history"><br></div><div class="battle-history">Swellow went back to Chim-B!<br></div><div class="battle-history">Go! <strong>Audino</strong>!<br></div><div class="spacer battle-history"><br></div><div class="battle-history">The opposing Tritosor used <strong>Counter</strong>!<br></div><div class="battle-history"><small>(Audino lost <abbr title="−200/410">48.8%</abbr> of its health!)</small><br></div><div class="spacer battle-history"><br></div><div class="battle-history"><small>The opposing Tritosor restored a little HP using its Leftovers!</small><br></div><div class="spacer battle-history"><br></div><h2 class="battle-history">Turn 10</h2><div class="spacer battle-history"><br></div><div class="battle-history">Audino, come back!<br></div><div class="battle-history">Go! <strong>Lanturn</strong>!<br></div><div class="spacer battle-history"><br></div><div class="battle-history">The opposing Tritosor used <strong>Scald</strong>!<br></div><div class="battle-history"><small>It's not very effective...</small><br></div><div class="battle-history"><small>(Lanturn lost <abbr title="−57/454">12.6%</abbr> of its health!)</small><br></div><div class="battle-history"><small>Lanturn was burned!</small><br></div><div class="spacer battle-history"><br></div><div class="battle-history"><small>Lanturn restored a little HP using its Leftovers!</small><br></div><div class="battle-history"><small>The opposing Tritosor restored a little HP using its Leftovers!</small><br></div><div class="battle-history"><small>Lanturn was hurt by its burn!</small><br></div><div class="spacer battle-history"><br></div><h2 class="battle-history">Turn 11</h2><div class="spacer battle-history"><br></div><div class="battle-history">Lanturn used <strong>Toxic</strong>!<br></div><div class="battle-history"><small>The opposing Tritosor was badly poisoned!</small><br></div><div class="spacer battle-history"><br></div><div class="battle-history">The opposing Tritosor used <strong>Toxic</strong>!<br></div><div class="battle-history"><small>But it failed!</small><br></div><div class="spacer battle-history"><br></div><div class="battle-history"><small>Lanturn restored a little HP using its Leftovers!</small><br></div><div class="battle-history"><small>The opposing Tritosor restored a little HP using its Leftovers!</small><br></div><div class="battle-history"><small>Lanturn was hurt by its burn!</small><br></div><div class="battle-history"><small>The opposing Tritosor was hurt by poison!</small><br></div><div class="spacer battle-history"><br></div><h2 class="battle-history">Turn 12</h2><div class="spacer battle-history"><br></div><div class="battle-history">Arnik withdrew Tritosor!<br></div><div class="battle-history">Arnik sent out Nanméouïe (<strong>Audino</strong>)!<br></div><div class="spacer battle-history"><br></div><div class="battle-history">Lanturn used <strong>Heal Bell</strong>!<br></div><div class="battle-history"><small>A bell chimed!</small><br></div><div class="battle-history"><small>Lanturn's burn was healed.</small><br></div><div class="battle-history"><small>Swellow was cured of its poisoning.</small><br></div><div class="spacer battle-history"><br></div><div class="battle-history"><small>Lanturn restored a little HP using its Leftovers!</small><br></div><div class="spacer battle-history"><br></div><h2 class="battle-history">Turn 13</h2><div class="spacer battle-history"><br></div><div class="battle-history">Lanturn used <strong>Volt Switch</strong>!<br></div><div class="battle-history"><small>(The opposing Nanméouïe lost <abbr title="−55/389">14.1%</abbr> of its health!)</small><br></div><div class="spacer battle-history"><br></div><div class="battle-history">Lanturn went back to Chim-B!<br></div><div class="battle-history">Go! <strong>Swellow</strong>!<br></div><div class="spacer battle-history"><br></div><div class="battle-history">The opposing Nanméouïe used <strong>Heal Bell</strong>!<br></div><div class="battle-history"><small>A bell chimed!</small><br></div><div class="battle-history"><small>The opposing Tritosor was cured of its poisoning.</small><br></div><div class="battle-history"><small>The opposing Némélios was cured of its poisoning.</small><br></div><div class="spacer battle-history"><br></div><div class="battle-history"><small>Swellow was burned!</small><br></div><div class="spacer battle-history"><br></div><h2 class="battle-history">Turn 14</h2><div class="spacer battle-history"><br></div><div class="battle-history">Swellow used <strong>Facade</strong>!<br></div><div class="battle-history"><small>(The opposing Nanméouïe lost <abbr title="−255/389">65.6%</abbr> of its health!)</small><br></div><div class="spacer battle-history"><br></div><div class="battle-history">The opposing Nanméouïe used <strong>Draining Kiss</strong>!<br></div><div class="battle-history"><small>(Swellow lost <abbr title="−42/261">16.1%</abbr> of its health!)</small><br></div><div class="battle-history"><small>Swellow had its energy drained!</small><br></div><div class="spacer battle-history"><br></div><div class="battle-history"><small>Swellow was hurt by its burn!</small><br></div><div class="spacer battle-history"><br></div><h2 class="battle-history">Turn 15</h2><div class="spacer battle-history"><br></div><div class="battle-history">Arnik withdrew Nanméouïe!<br></div><div class="battle-history">Arnik sent out Moufflair (<strong>Skuntank</strong>)!<br></div><div class="spacer battle-history"><br></div><div class="battle-history">Swellow used <strong>Facade</strong>!<br></div><div class="battle-history"><small>(The opposing Moufflair lost <abbr title="−347/347">100%</abbr> of its health!)</small><br></div><div class="battle-history"><small>[The opposing Moufflair's Aftermath]</small><br><small>Swellow is hurt!</small><br></div><div class="spacer battle-history"><br></div><div class="battle-history">The opposing Moufflair fainted!<br></div><div class="spacer battle-history"><br></div><div class="battle-history"><small>Swellow was hurt by its burn!</small><br></div><div class="spacer battle-history"><br></div><div class="battle-history">Arnik sent out Aéroptérix (<strong>Archeops</strong>)!<br></div><div class="spacer battle-history"><br></div><h2 class="battle-history">Turn 16</h2><div class="spacer battle-history"><br></div><div class="battle-history">Swellow, come back!<br></div><div class="battle-history">Go! Gourgeist (<strong>Gourgeist-Super</strong>)!<br></div><div class="spacer battle-history"><br></div><div class="battle-history">The opposing Aéroptérix used <strong>Knock Off</strong>!<br></div><div class="battle-history"><small>It's super effective!</small><br></div><div class="battle-history"><small>(Gourgeist lost <abbr title="−158/374">42.2%</abbr> of its health!)</small><br></div><div class="battle-history"><small>The opposing Aéroptérix knocked off Gourgeist's Leftovers!</small><br></div><div class="spacer battle-history"><br></div><h2 class="battle-history">Turn 17</h2><div class="spacer battle-history"><br></div><div class="battle-history">The opposing Aéroptérix used <strong>Acrobatics</strong>!<br></div><div class="battle-history"><small>It's super effective!</small><br></div><div class="battle-history"><small>(Gourgeist lost <abbr title="−211/374">56.4%</abbr> of its health!)</small><br></div><div class="spacer battle-history"><br></div><div class="battle-history">Gourgeist fainted!<br></div><div class="spacer battle-history"><br></div><div class="battle-history">Go! <strong>Lanturn</strong>!<br></div><div class="spacer battle-history"><br></div><h2 class="battle-history">Turn 18</h2><div class="spacer battle-history"><br></div><div class="battle-history">The opposing Aéroptérix used <strong>U-turn</strong>!<br></div><div class="battle-history"><small>(Lanturn lost <abbr title="−95/454">20.9%</abbr> of its health!)</small><br></div><div class="spacer battle-history"><br></div><div class="battle-history">The opposing Aéroptérix went back to Arnik!<br></div><div class="battle-history">Arnik sent out Nanméouïe (<strong>Audino</strong>)!<br></div><div class="spacer battle-history"><br></div><div class="battle-history">Lanturn used <strong>Volt Switch</strong>!<br></div><div class="battle-history"><small>(The opposing Nanméouïe lost <abbr title="−66/389">17.0%</abbr> of its health!)</small><br></div><div class="spacer battle-history"><br></div><div class="battle-history">Lanturn went back to Chim-B!<br></div><div class="battle-history">Go! <strong>Swellow</strong>!<br></div><div class="spacer battle-history"><br></div><div class="battle-history"><small>Swellow was hurt by its burn!</small><br></div><div class="spacer battle-history"><br></div><h2 class="battle-history">Turn 19</h2><div class="spacer battle-history"><br></div><div class="battle-history">Arnik withdrew Nanméouïe!<br></div><div class="battle-history">Arnik sent out Aéroptérix (<strong>Archeops</strong>)!<br></div><div class="spacer battle-history"><br></div><div class="battle-history">Swellow used <strong>Facade</strong>!<br></div><div class="battle-history"><small>It's not very effective...</small><br></div><div class="battle-history"><small>(The opposing Aéroptérix lost <abbr title="−204/291">70.1%</abbr> of its health!)</small><br></div><div class="spacer battle-history"><br></div><div class="battle-history"><small>Swellow was hurt by its burn!</small><br></div><div class="spacer battle-history"><br></div><h2 class="battle-history">Turn 20</h2><div class="spacer battle-history"><br></div><div class="battle-history">Arnik withdrew Aéroptérix!<br></div><div class="battle-history">Arnik sent out Nanméouïe (<strong>Audino</strong>)!<br></div><div class="spacer battle-history"><br></div><div class="battle-history">Swellow used <strong>Facade</strong>!<br></div><div class="battle-history"><small>(The opposing Nanméouïe lost <abbr title="−276/389">71.0%</abbr> of its health!)</small><br></div><div class="spacer battle-history"><br></div><div class="battle-history"><small>Swellow was hurt by its burn!</small><br></div><div class="spacer battle-history"><br></div><div class="battle-history">Swellow fainted!<br></div><div class="spacer battle-history"><br></div><div class="battle-history">Go! <strong>Barbaracle</strong>!<br></div><div class="spacer battle-history"><br></div><h2 class="battle-history">Turn 21</h2><div class="spacer battle-history"><br></div><div class="battle-history">Arnik withdrew Nanméouïe!<br></div><div class="battle-history">Arnik sent out Tritosor (<strong>Gastrodon-East</strong>)!<br></div><div class="spacer battle-history"><br></div><div class="battle-history">Barbaracle used <strong>Shell Smash</strong>!<br></div><div class="battle-history"><small>Barbaracle's Defense fell!</small><br></div><div class="battle-history"><small>Barbaracle's Special Defense fell!</small><br></div><div class="battle-history"><small>Barbaracle's Attack rose sharply!</small><br></div><div class="battle-history"><small>Barbaracle's Special Attack rose sharply!</small><br></div><div class="battle-history"><small>Barbaracle's Speed rose sharply!</small><br></div><div class="spacer battle-history"><br></div><div class="battle-history"><small>The opposing Tritosor restored a little HP using its Leftovers!</small><br></div><div class="spacer battle-history"><br></div><h2 class="battle-history">Turn 22</h2><div class="spacer battle-history"><br></div><div class="battle-history">Barbaracle used <strong>Shell Smash</strong>!<br></div><div class="battle-history"><small>Barbaracle's Defense fell!</small><br></div><div class="battle-history"><small>Barbaracle's Special Defense fell!</small><br></div><div class="battle-history"><small>Barbaracle's Attack rose sharply!</small><br></div><div class="battle-history"><small>Barbaracle's Special Attack rose sharply!</small><br></div><div class="battle-history"><small>Barbaracle's Speed rose sharply!</small><br></div><div class="spacer battle-history"><br></div><div class="battle-history">The opposing Tritosor used <strong>Scald</strong>!<br></div><div class="battle-history"><small>(Barbaracle lost <abbr title="−183/329">55.6%</abbr> of its health!)</small><br></div><div class="spacer battle-history"><br></div><div class="battle-history"><small>The opposing Tritosor restored a little HP using its Leftovers!</small><br></div><div class="spacer battle-history"><br></div><h2 class="battle-history">Turn 23</h2><div class="spacer battle-history"><br></div><div class="battle-history">Barbaracle used <strong>Earthquake</strong>!<br></div><div class="battle-history"><small>(The opposing Tritosor lost <abbr title="−289/413">70.0%</abbr> of its health!)</small><br></div><div class="spacer battle-history"><br></div><div class="battle-history">The opposing Tritosor used <strong>Scald</strong>!<br></div><div class="battle-history"><small>(Barbaracle lost <abbr title="−146/329">44.4%</abbr> of its health!)</small><br></div><div class="spacer battle-history"><br></div><div class="battle-history">Barbaracle fainted!<br></div><div class="spacer battle-history"><br></div><div class="battle-history"><small>The opposing Tritosor restored a little HP using its Leftovers!</small><br></div><div class="spacer battle-history"><br></div><div class="battle-history">Go! <strong>Claydol</strong>!<br></div><div class="spacer battle-history"><br></div><h2 class="battle-history">Turn 24</h2><div class="spacer battle-history"><br></div><div class="battle-history">Claydol used <strong>Psychic</strong>!<br></div><div class="battle-history"><small>(The opposing Tritosor lost <abbr title="−124/413">30.0%</abbr> of its health!)</small><br></div><div class="spacer battle-history"><br></div><div class="battle-history">The opposing Tritosor used <strong>Toxic</strong>!<br></div><div class="battle-history"><small>Claydol was badly poisoned!</small><br></div><div class="spacer battle-history"><br></div><div class="battle-history"><small>The opposing Tritosor restored a little HP using its Leftovers!</small><br></div><div class="battle-history"><small>Claydol was hurt by poison!</small><br></div><div class="spacer battle-history"><br></div><h2 class="battle-history">Turn 25</h2><div class="spacer battle-history"><br></div><div class="battle-history">Claydol used <strong>Psychic</strong>!<br></div><div class="battle-history"><small>(The opposing Tritosor lost <abbr title="−50/413">12.1%</abbr> of its health!)</small><br></div><div class="spacer battle-history"><br></div><div class="battle-history">The opposing Tritosor fainted!<br></div><div class="spacer battle-history"><br></div><div class="battle-history"><small>Claydol restored a little HP using its Leftovers!</small><br></div><div class="battle-history"><small>Claydol was hurt by poison!</small><br></div><div class="spacer battle-history"><br></div><div class="battle-history">Arnik sent out Nanméouïe (<strong>Audino</strong>)!<br></div><div class="spacer battle-history"><br></div><h2 class="battle-history">Turn 26</h2><div class="spacer battle-history"><br></div><div class="battle-history">Arnik withdrew Nanméouïe!<br></div><div class="battle-history">Arnik sent out Aéroptérix (<strong>Archeops</strong>)!<br></div><div class="spacer battle-history"><br></div><div class="battle-history">Claydol used <strong>Stealth Rock</strong>!<br></div><div class="battle-history"><small>Pointed stones float in the air around the opposing team!</small><br></div><div class="spacer battle-history"><br></div><div class="battle-history"><small>Claydol restored a little HP using its Leftovers!</small><br></div><div class="battle-history"><small>Claydol was hurt by poison!</small><br></div><div class="spacer battle-history"><br></div><h2 class="battle-history">Turn 27</h2><div class="spacer battle-history"><br></div><div class="battle-history">The opposing Aéroptérix used <strong>Knock Off</strong>!<br></div><div class="battle-history"><small>It's super effective!</small><br></div><div class="battle-history"><small>(Claydol lost <abbr title="−110/324">34.0%</abbr> of its health!)</small><br></div><div class="battle-history"><small>The opposing Aéroptérix knocked off Claydol's Leftovers!</small><br></div><div class="spacer battle-history"><br></div><div class="battle-history">Claydol used <strong>Psychic</strong>!<br></div><div class="battle-history"><small>A critical hit!</small><br></div><div class="battle-history"><small>(The opposing Aéroptérix lost <abbr title="−87/291">29.9%</abbr> of its health!)</small><br></div><div class="spacer battle-history"><br></div><div class="battle-history">The opposing Aéroptérix fainted!<br></div><div class="spacer battle-history"><br></div><div class="battle-history"><small>Claydol was hurt by poison!</small><br></div><div class="spacer battle-history"><br></div><div class="battle-history">Arnik sent out Jade (<strong>Leafeon</strong>)!<br></div><div class="battle-history"><small>Pointed stones dug into the opposing Jade!</small><br></div><div class="spacer battle-history"><br></div><h2 class="battle-history">Turn 28</h2><div class="spacer battle-history"><br></div><div class="battle-history">The opposing Jade used <strong>Leaf Blade</strong>!<br></div><div class="battle-history"><small>It's super effective!</small><br></div><div class="battle-history"><small>(Claydol lost <abbr title="−54/324">16.7%</abbr> of its health!)</small><br></div><div class="spacer battle-history"><br></div><div class="battle-history">Claydol fainted!<br></div><div class="spacer battle-history"><br></div><div class="battle-history">Go! <strong>Audino</strong>!<br></div><div class="spacer battle-history"><br></div><h2 class="battle-history">Turn 29</h2><div class="spacer battle-history"><br></div><div class="battle-history"><small>Audino's Audinite is reacting to Chim-B's Mega Bracelet!</small><br>Audino has Mega Evolved into Mega Audino!<br></div><div class="spacer battle-history"><br></div><div class="battle-history">The opposing Jade used <strong>Leaf Blade</strong>!<br></div><div class="battle-history"><small>(Audino lost <abbr title="−130/410">31.7%</abbr> of its health!)</small><br></div><div class="spacer battle-history"><br></div><div class="battle-history">Audino used <strong>Wish</strong>!<br></div><div class="spacer battle-history"><br></div><h2 class="battle-history">Turn 30</h2><div class="spacer battle-history"><br></div><div class="battle-history">Arnik withdrew Jade!<br></div><div class="battle-history">Arnik sent out Nanméouïe (<strong>Audino</strong>)!<br></div><div class="battle-history"><small>Pointed stones dug into the opposing Nanméouïe!</small><br></div><div class="spacer battle-history"><br></div><div class="battle-history">Audino used <strong>Protect</strong>!<br></div><div class="battle-history"><small>But it failed!</small><br></div><div class="spacer battle-history"><br></div><div class="battle-history"><small>Audino's wish came true!</small><br></div><div class="spacer battle-history"><br></div><h2 class="battle-history">Turn 31</h2><div class="spacer battle-history"><br></div><div class="battle-history">The opposing Nanméouïe used <strong>Heal Bell</strong>!<br></div><div class="battle-history"><small>A bell chimed!</small><br></div><div class="spacer battle-history"><br></div><div class="battle-history">Audino used <strong>Wish</strong>!<br></div><div class="spacer battle-history"><br></div><h2 class="battle-history">Turn 32</h2><div class="chat chatmessage-arnik"><strong style="color:hsl(337,42%,52.11716754624703%)"><small>★</small><span class="username" data-name="Arnik">Arnik</span>:</strong> <em>shit</em></div><div class="chat chatmessage-arnik"><strong style="color:hsl(337,42%,52.11716754624703%)"><small>★</small><span class="username" data-name="Arnik">Arnik</span>:</strong> <em>missclick</em></div><div class="spacer battle-history"><br></div><div class="battle-history">The opposing Nanméouïe used <strong>Encore</strong>!<br></div><div class="battle-history"><small>Audino received an encore!</small><br></div><div class="spacer battle-history"><br></div><div class="battle-history">Audino used <strong>Wish</strong>!<br></div><div class="battle-history"><small>But it failed!</small><br></div><div class="spacer battle-history"><br></div><div class="battle-history"><small>Audino's wish came true!</small><br></div><div class="spacer battle-history"><br></div><h2 class="battle-history">Turn 33</h2><div class="spacer battle-history"><br></div><div class="battle-history"><small>The opposing Nanméouïe's Audinite is reacting to Arnik's Mega Bracelet!</small><br>The opposing Nanméouïe has Mega Evolved into Mega Audino!<br></div><div class="spacer battle-history"><br></div><div class="battle-history">The opposing Nanméouïe used <strong>Calm Mind</strong>!<br></div><div class="battle-history"><small>The opposing Nanméouïe's Special Attack rose!</small><br></div><div class="battle-history"><small>The opposing Nanméouïe's Special Defense rose!</small><br></div><div class="spacer battle-history"><br></div><div class="battle-history">Audino used <strong>Wish</strong>!<br></div><div class="spacer battle-history"><br></div><h2 class="battle-history">Turn 34</h2><div class="spacer battle-history"><br></div><div class="battle-history">Audino, come back!<br></div><div class="battle-history">Go! <strong>Lanturn</strong>!<br></div><div class="spacer battle-history"><br></div><div class="battle-history">The opposing Nanméouïe used <strong>Calm Mind</strong>!<br></div><div class="battle-history"><small>The opposing Nanméouïe's Special Attack rose!</small><br></div><div class="battle-history"><small>The opposing Nanméouïe's Special Defense rose!</small><br></div><div class="spacer battle-history"><br></div><div class="battle-history"><small>Audino's wish came true!</small><br></div><div class="spacer battle-history"><br></div><h2 class="battle-history">Turn 35</h2><div class="spacer battle-history"><br></div><div class="battle-history">Lanturn used <strong>Toxic</strong>!<br></div><div class="battle-history"><small>The opposing Nanméouïe avoided the attack!</small><br></div><div class="spacer battle-history"><br></div><div class="battle-history">The opposing Nanméouïe used <strong>Draining Kiss</strong>!<br></div><div class="battle-history"><small>(Lanturn lost <abbr title="−118/454">26.0%</abbr> of its health!)</small><br></div><div class="battle-history"><small>Lanturn had its energy drained!</small><br></div><div class="spacer battle-history"><br></div><div class="battle-history"><small>Lanturn restored a little HP using its Leftovers!</small><br></div><div class="spacer battle-history"><br></div><h2 class="battle-history">Turn 36</h2><div class="spacer battle-history"><br></div><div class="battle-history">Lanturn used <strong>Toxic</strong>!<br></div><div class="battle-history"><small>The opposing Nanméouïe was badly poisoned!</small><br></div><div class="spacer battle-history"><br></div><div class="battle-history">The opposing Nanméouïe used <strong>Draining Kiss</strong>!<br></div><div class="battle-history"><small>(Lanturn lost <abbr title="−127/454">28.0%</abbr> of its health!)</small><br></div><div class="battle-history"><small>Lanturn had its energy drained!</small><br></div><div class="spacer battle-history"><br></div><div class="battle-history"><small>Lanturn restored a little HP using its Leftovers!</small><br></div><div class="battle-history"><small>The opposing Nanméouïe was hurt by poison!</small><br></div><div class="spacer battle-history"><br></div><h2 class="battle-history">Turn 37</h2><div class="spacer battle-history"><br></div><div class="battle-history">Lanturn used <strong>Volt Switch</strong>!<br></div><div class="battle-history"><small>A critical hit!</small><br></div><div class="battle-history"><small>(The opposing Nanméouïe lost <abbr title="−75/389">19.3%</abbr> of its health!)</small><br></div><div class="spacer battle-history"><br></div><div class="battle-history">Lanturn went back to Chim-B!<br></div><div class="battle-history">Go! Audino (<strong>Audino-Mega</strong>)!<br></div><div class="spacer battle-history"><br></div><div class="battle-history">The opposing Nanméouïe used <strong>Calm Mind</strong>!<br></div><div class="battle-history"><small>The opposing Nanméouïe's Special Attack rose!</small><br></div><div class="battle-history"><small>The opposing Nanméouïe's Special Defense rose!</small><br></div><div class="spacer battle-history"><br></div><div class="battle-history"><small>The opposing Nanméouïe was hurt by poison!</small><br></div><div class="spacer battle-history"><br></div><h2 class="battle-history">Turn 38</h2><div class="spacer battle-history"><br></div><div class="battle-history">The opposing Nanméouïe used <strong>Heal Bell</strong>!<br></div><div class="battle-history"><small>A bell chimed!</small><br></div><div class="battle-history"><small>The opposing Nanméouïe was cured of its poisoning.</small><br></div><div class="spacer battle-history"><br></div><div class="battle-history">Audino used <strong>Dazzling Gleam</strong>!<br></div><div class="battle-history"><small>(The opposing Nanméouïe lost <abbr title="−24/389">6.2%</abbr> of its health!)</small><br></div><div class="spacer battle-history"><br></div><h2 class="battle-history">Turn 39</h2><div class="spacer battle-history"><br></div><div class="battle-history">The opposing Nanméouïe used <strong>Encore</strong>!<br></div><div class="battle-history"><small>Audino received an encore!</small><br></div><div class="spacer battle-history"><br></div><div class="battle-history">Audino used <strong>Dazzling Gleam</strong>!<br></div><div class="battle-history"><small>(The opposing Nanméouïe lost <abbr title="−22/389">5.7%</abbr> of its health!)</small><br></div><div class="spacer battle-history"><br></div><h2 class="battle-history">Turn 40</h2><div class="spacer battle-history"><br></div><div class="battle-history">Audino, come back!<br></div><div class="battle-history">Go! <strong>Lanturn</strong>!<br></div><div class="spacer battle-history"><br></div><div class="battle-history">The opposing Nanméouïe used <strong>Draining Kiss</strong>!<br></div><div class="battle-history"><small>(Lanturn lost <abbr title="−154/454">33.9%</abbr> of its health!)</small><br></div><div class="battle-history"><small>Lanturn had its energy drained!</small><br></div><div class="spacer battle-history"><br></div><div class="battle-history"><small>Lanturn restored a little HP using its Leftovers!</small><br></div><div class="spacer battle-history"><br></div><h2 class="battle-history">Turn 41</h2><div class="spacer battle-history"><br></div><div class="battle-history">Lanturn used <strong>Volt Switch</strong>!<br></div><div class="battle-history"><small>(The opposing Nanméouïe lost <abbr title="−19/389">4.9%</abbr> of its health!)</small><br></div><div class="spacer battle-history"><br></div><div class="battle-history">Lanturn went back to Chim-B!<br></div><div class="battle-history">Go! Audino (<strong>Audino-Mega</strong>)!<br></div><div class="spacer battle-history"><br></div><div class="battle-history">The opposing Nanméouïe used <strong>Draining Kiss</strong>!<br></div><div class="battle-history"><small>(Audino lost <abbr title="−79/410">19.3%</abbr> of its health!)</small><br></div><div class="battle-history"><small>Audino had its energy drained!</small><br></div><div class="spacer battle-history"><br></div><h2 class="battle-history">Turn 42</h2><div class="spacer battle-history"><br></div><div class="battle-history">The opposing Nanméouïe used <strong>Calm Mind</strong>!<br></div><div class="battle-history"><small>The opposing Nanméouïe's Special Attack rose!</small><br></div><div class="battle-history"><small>The opposing Nanméouïe's Special Defense rose!</small><br></div><div class="spacer battle-history"><br></div><div class="battle-history">Audino used <strong>Wish</strong>!<br></div><div class="spacer battle-history"><br></div><h2 class="battle-history">Turn 43</h2><div class="spacer battle-history"><br></div><div class="battle-history">Audino, come back!<br></div><div class="battle-history">Go! <strong>Lanturn</strong>!<br></div><div class="spacer battle-history"><br></div><div class="battle-history">The opposing Nanméouïe used <strong>Draining Kiss</strong>!<br></div><div class="battle-history"><small>(Lanturn lost <abbr title="−139/454">30.6%</abbr> of its health!)</small><br></div><div class="battle-history"><small>Lanturn had its energy drained!</small><br></div><div class="spacer battle-history"><br></div><div class="battle-history">Lanturn fainted!<br></div><div class="spacer battle-history"><br></div><div class="battle-history">Go! Audino (<strong>Audino-Mega</strong>)!<br></div><div class="spacer battle-history"><br></div><h2 class="battle-history">Turn 44</h2><div class="spacer battle-history"><br></div><div class="battle-history">The opposing Nanméouïe used <strong>Draining Kiss</strong>!<br></div><div class="battle-history"><small>(Audino lost <abbr title="−91/410">22.2%</abbr> of its health!)</small><br></div><div class="spacer battle-history"><br></div><div class="battle-history">Audino used <strong>Toxic</strong>!<br></div><div class="battle-history"><small>The opposing Nanméouïe was badly poisoned!</small><br></div><div class="spacer battle-history"><br></div><div class="battle-history"><small>The opposing Nanméouïe was hurt by poison!</small><br></div><div class="spacer battle-history"><br></div><h2 class="battle-history">Turn 45</h2><div class="spacer battle-history"><br></div><div class="battle-history">Audino used <strong>Protect</strong>!<br></div><div class="battle-history"><small>Audino protected itself!</small><br></div><div class="spacer battle-history"><br></div><div class="battle-history">The opposing Nanméouïe used <strong>Encore</strong>!<br></div><div class="battle-history"><small>Audino protected itself!</small><br></div><div class="spacer battle-history"><br></div><div class="battle-history"><small>The opposing Nanméouïe was hurt by poison!</small><br></div><div class="spacer battle-history"><br></div><h2 class="battle-history">Turn 46</h2><div class="spacer battle-history"><br></div><div class="battle-history">The opposing Nanméouïe used <strong>Encore</strong>!<br></div><div class="battle-history"><small>Audino received an encore!</small><br></div><div class="spacer battle-history"><br></div><div class="battle-history">Audino used <strong>Protect</strong>!<br></div><div class="battle-history"><small>But it failed!</small><br></div><div class="spacer battle-history"><br></div><div class="battle-history"><small>The opposing Nanméouïe was hurt by poison!</small><br></div><div class="spacer battle-history"><br></div><h2 class="battle-history">Turn 47</h2><div class="spacer battle-history"><br></div><div class="battle-history">Audino used <strong>Protect</strong>!<br></div><div class="battle-history"><small>Audino protected itself!</small><br></div><div class="spacer battle-history"><br></div><div class="battle-history">The opposing Nanméouïe used <strong>Heal Bell</strong>!<br></div><div class="battle-history"><small>A bell chimed!</small><br></div><div class="battle-history"><small>The opposing Nanméouïe was cured of its poisoning.</small><br></div><div class="spacer battle-history"><br></div><h2 class="battle-history">Turn 48</h2><div class="spacer battle-history"><br></div><div class="battle-history">Audino used <strong>Protect</strong>!<br></div><div class="battle-history"><small>Audino protected itself!</small><br></div><div class="spacer battle-history"><br></div><div class="battle-history">The opposing Nanméouïe used <strong>Draining Kiss</strong>!<br></div><div class="battle-history"><small>Audino protected itself!</small><br></div><div class="spacer battle-history"><br></div><div class="battle-history"><small>Audino's encore ended!</small><br></div><div class="spacer battle-history"><br></div><h2 class="battle-history">Turn 49</h2><div class="spacer battle-history"><br></div><div class="battle-history">The opposing Nanméouïe used <strong>Encore</strong>!<br></div><div class="battle-history"><small>Audino received an encore!</small><br></div><div class="spacer battle-history"><br></div><div class="battle-history">Audino used <strong>Protect</strong>!<br></div><div class="battle-history"><small>But it failed!</small><br></div><div class="spacer battle-history"><br></div><h2 class="battle-history">Turn 50</h2><div class="spacer battle-history"><br></div><div class="battle-history">Audino used <strong>Protect</strong>!<br></div><div class="battle-history"><small>Audino protected itself!</small><br></div><div class="spacer battle-history"><br></div><div class="battle-history">The opposing Nanméouïe used <strong>Calm Mind</strong>!<br></div><div class="battle-history"><small>The opposing Nanméouïe's Special Attack rose!</small><br></div><div class="battle-history"><small>The opposing Nanméouïe's Special Defense rose!</small><br></div><div class="spacer battle-history"><br></div><h2 class="battle-history">Turn 51</h2><div class="spacer battle-history"><br></div><div class="battle-history">Audino used <strong>Protect</strong>!<br></div><div class="battle-history"><small>But it failed!</small><br></div><div class="spacer battle-history"><br></div><div class="battle-history">The opposing Nanméouïe used <strong>Calm Mind</strong>!<br></div><div class="battle-history"><small>The opposing Nanméouïe's Special Attack rose!</small><br></div><div class="battle-history"><small>The opposing Nanméouïe's Special Defense rose!</small><br></div><div class="spacer battle-history"><br></div><div class="battle-history"><small>Audino's encore ended!</small><br></div><div class="spacer battle-history"><br></div><h2 class="battle-history">Turn 52</h2><div class="spacer battle-history"><br></div><div class="battle-history">The opposing Nanméouïe used <strong>Draining Kiss</strong>!<br></div><div class="battle-history"><small>(Audino lost <abbr title="−121/410">29.5%</abbr> of its health!)</small><br></div><div class="battle-history"><small>Audino had its energy drained!</small><br></div><div class="spacer battle-history"><br></div><div class="battle-history">Audino used <strong>Wish</strong>!<br></div><div class="spacer battle-history"><br></div><h2 class="battle-history">Turn 53</h2><div class="spacer battle-history"><br></div><div class="battle-history">The opposing Nanméouïe used <strong>Draining Kiss</strong>!<br></div><div class="battle-history"><small>(Audino lost <abbr title="−119/410">29.0%</abbr> of its health!)</small><br></div><div class="battle-history"><small>Audino had its energy drained!</small><br></div><div class="spacer battle-history"><br></div><div class="battle-history">Audino fainted!<br></div><div class="spacer battle-history"><br></div><div class="battle-history"><strong>Arnik</strong> won the battle!<br></div><div class="chat">Chim-B's rating: 1450 → <strong>1428</strong><br>(-22 for losing)</div><div class="chat">Arnik's rating: 1415 → <strong>1437</strong><br>(+22 for winning)</div><div class="chat"><small>Chim-B left.</small></div></div><div class="inner-preempt"></div></div></div>
</div>
<script>
let daily = Math.floor(Date.now()/1000/60/60/24);document.write('<script src="https://play.pokemonshowdown.com/js/replay-embed.js?version'+daily+'"></'+'script>');
</script>
