<!DOCTYPE html>
<meta charset="utf-8" />
<!-- version 1 -->
<title>NU replay: Pirlо vs. GilgaNnoitra</title>
<style>
html,body {font-family:Verdana, sans-serif;font-size:10pt;margin:0;padding:0;}body{padding:12px 0;} .battle-log {font-family:Verdana, sans-serif;font-size:10pt;} .battle-log-inline {border:1px solid #AAAAAA;background:#EEF2F5;color:black;max-width:640px;margin:0 auto 80px;padding-bottom:5px;} .battle-log .inner {padding:4px 8px 0px 8px;} .battle-log .inner-preempt {padding:0 8px 4px 8px;} .battle-log .inner-after {margin-top:0.5em;} .battle-log h2 {margin:0.5em -8px;padding:4px 8px;border:1px solid #AAAAAA;background:#E0E7EA;border-left:0;border-right:0;font-family:Verdana, sans-serif;font-size:13pt;} .battle-log .chat {vertical-align:middle;padding:3px 0 3px 0;font-size:8pt;} .battle-log .chat strong {color:#40576A;} .battle-log .chat em {padding:1px 4px 1px 3px;color:#000000;font-style:normal;} .chat.mine {background:rgba(0,0,0,0.05);margin-left:-8px;margin-right:-8px;padding-left:8px;padding-right:8px;} .spoiler {color:#BBBBBB;background:#BBBBBB;padding:0px 3px;} .spoiler:hover, .spoiler:active, .spoiler-shown {color:#000000;background:#E2E2E2;padding:0px 3px;} .spoiler a {color:#BBBBBB;} .spoiler:hover a, .spoiler:active a, .spoiler-shown a {color:#2288CC;} .chat code, .chat .spoiler:hover code, .chat .spoiler:active code, .chat .spoiler-shown code {border:1px solid #C0C0C0;background:#EEEEEE;color:black;padding:0 2px;} .chat .spoiler code {border:1px solid #CCCCCC;background:#CCCCCC;color:#CCCCCC;} .battle-log .rated {padding:3px 4px;} .battle-log .rated strong {color:white;background:#89A;padding:1px 4px;border-radius:4px;} .spacer {margin-top:0.5em;} .message-announce {background:#6688AA;color:white;padding:1px 4px 2px;} .message-announce a, .broadcast-green a, .broadcast-blue a, .broadcast-red a {color:#DDEEFF;} .broadcast-green {background-color:#559955;color:white;padding:2px 4px;} .broadcast-blue {background-color:#6688AA;color:white;padding:2px 4px;} .infobox {border:1px solid #6688AA;padding:2px 4px;} .infobox-limited {max-height:200px;overflow:auto;overflow-x:hidden;} .broadcast-red {background-color:#AA5544;color:white;padding:2px 4px;} .message-learn-canlearn {font-weight:bold;color:#228822;text-decoration:underline;} .message-learn-cannotlearn {font-weight:bold;color:#CC2222;text-decoration:underline;} .message-effect-weak {font-weight:bold;color:#CC2222;} .message-effect-resist {font-weight:bold;color:#6688AA;} .message-effect-immune {font-weight:bold;color:#666666;} .message-learn-list {margin-top:0;margin-bottom:0;} .message-throttle-notice, .message-error {color:#992222;} .message-overflow, .chat small.message-overflow {font-size:0pt;} .message-overflow::before {font-size:9pt;content:'...';} .subtle {color:#3A4A66;}
</style>
<div class="wrapper replay-wrapper" style="max-width:1180px;margin:0 auto">
<input type="hidden" name="replayid" value="destiny-nu-190423" />
<div class="battle"></div><div class="battle-log"></div><div class="replay-controls"></div><div class="replay-controls-2"></div>
<h1 style="font-weight:normal;text-align:center"><strong>NU</strong><br /><a href="http://pokemonshowdown.com/users/pirl" class="subtle" target="_blank">Pirlо</a> vs. <a href="http://pokemonshowdown.com/users/gilgannoitra" class="subtle" target="_blank">GilgaNnoitra</a></h1>
<script type="text/plain" class="battle-log-data">|j|Pirlо
|j|GilgaNnoitra
|player|p1|Pirlо|pirl.gif?0a06b9a9
|player|p2|GilgaNnoitra|gilgannoitra.gif?dd887dd2
|gametype|singles
|gen|7
|tier|NU
|seed|51260,62157,39868,11558
|rule|Cláusula-Mod de Dormir: solo puedes dormir a uno de tus oponentes a la vez.
|rule|Cláusula de Especie: Hasta un Pokémon de cada especie
|rule|Cláusula de Golpe Fulminante: los movimientos fulminantes (OHKO) estan prohibidos
|rule|Cláusula de Moody: la habilidad Moody está prohibida
|rule|Cláusula de Movimientos Evasivos: los movimientos de evasion estan prohibidos
|rule|Cláusula de Batallas Eternas: forzar batallas eternas está prohibido
|clearpoke
|poke|p1|Vikavolt, M, shiny|item
|poke|p1|Whimsicott, F, shiny|item
|poke|p1|Emboar, M, shiny|item
|poke|p1|Slowking, M, shiny|item
|poke|p1|Skuntank, F|item
|poke|p1|Steelix, M|item
|poke|p2|Klinklang|item
|poke|p2|Claydol|item
|poke|p2|Emboar, M|item
|poke|p2|Cacturne, M|item
|poke|p2|Scyther, F|item
|poke|p2|Garbodor, M|item
|teampreview
|c|☆GilgaNnoitra|hf
|c|☆Pirlо|hf
|choice|*|*team 523416
|j|Recci
|choice|*team 623451|*
|choice|team 6, team 2, team 3, team 4, team 5, team 1|team 5, team 2, team 3, team 4, team 1, team 6
|
|start
|switch|p1a: Steelix|Steelix, M|354\/354
|switch|p2a: Scyther|Scyther, F|281\/281
|turn|1
|choice|*move 1|*
|choice|*|*move 4
|choice|move stealthrock|move uturn
|
|move|p2a: Scyther|U-turn|p1a: Steelix
|-resisted|p1a: Steelix
|-damage|p1a: Steelix|325\/354
|choice|*|*switch 2
|choice||switch 2
|
|switch|p2a: Claydol|Claydol|324\/324
|move|p1a: Steelix|Stealth Rock|p2a: Claydol
|-sidestart|p2: GilgaNnoitra|move: Stealth Rock
|
|upkeep
|turn|2
|choice|*|*move 4
|choice|*switch 6|*
|choice|switch 6|move stealthrock
|
|switch|p1a: Vikavolt|Vikavolt, M, shiny|295\/295
|move|p2a: Claydol|Stealth Rock|p1a: Vikavolt
|-sidestart|p1: Pirlо|move: Stealth Rock
|
|upkeep
|turn|3
|choice|*move 3|*
|choice|*|*switch 5
|choice|move bugbuzz|switch 5
|
|switch|p2a: Klinklang|Klinklang|261\/261
|-damage|p2a: Klinklang|245\/261|[from] Stealth Rock
|move|p1a: Vikavolt|Bug Buzz|p2a: Klinklang
|-resisted|p2a: Klinklang
|-damage|p2a: Klinklang|72\/261
|
|upkeep
|turn|4
|choice|*|*switch 3
|choice|*|*undo
|choice|*|*switch 6
|choice|*switch 6|*
|choice|switch 6|switch 6
|
|switch|p2a: Garbodor|Garbodor, M|364\/364
|-damage|p2a: Garbodor|319\/364|[from] Stealth Rock
|switch|p1a: Steelix|Steelix, M|325\/354
|-damage|p1a: Steelix|314\/354|[from] Stealth Rock
|
|upkeep
|turn|5
|choice|*move 3|*
|choice|*|*switch 5
|choice|move earthquake|switch 5
|
|switch|p2a: Claydol|Claydol|324\/324
|-damage|p2a: Claydol|304\/324|[from] Stealth Rock
|move|p1a: Steelix|Earthquake|p2a: Claydol
|-immune|p2a: Claydol|[msg]|[from] ability: Levitate
|
|-heal|p2a: Claydol|324\/324|[from] item: Leftovers
|upkeep
|turn|6
|choice|*|*move 1
|j|NoGmeNoLife
|choice|*switch 2|*
|choice|switch 2|move rapidspin
|
|switch|p1a: Whimsicott|Whimsicott, F, shiny|261\/261
|-damage|p1a: Whimsicott|229\/261|[from] Stealth Rock
|move|p2a: Claydol|Rapid Spin|p1a: Whimsicott
|-damage|p1a: Whimsicott|218\/261
|-sideend|p2: GilgaNnoitra|Stealth Rock|[from] move: Rapid Spin|[of] p2a: Claydol
|
|upkeep
|turn|7
|l|NoGmeNoLife
|choice|*|*switch 5
|choice|*move 1|*
|choice|move uturn|switch 5
|
|switch|p2a: Garbodor|Garbodor, M|319\/364
|move|p1a: Whimsicott|U-turn|p2a: Garbodor
|-resisted|p2a: Garbodor
|-damage|p2a: Garbodor|305\/364
|-damage|p1a: Whimsicott|175\/261|[from] item: Rocky Helmet|[of] p2a: Garbodor
|choice|*switch 2|*
|choice|switch 2|
|
|switch|p1a: Steelix|Steelix, M|314\/354
|-damage|p1a: Steelix|303\/354|[from] Stealth Rock
|
|upkeep
|turn|8
|choice|*move 1|*
|choice|*|*switch 5
|choice|move stealthrock|switch 5
|
|switch|p2a: Claydol|Claydol|324\/324
|move|p1a: Steelix|Stealth Rock|p2a: Claydol
|-sidestart|p2: GilgaNnoitra|move: Stealth Rock
|
|upkeep
|turn|9
|choice|*|*move 1
|choice|*switch 6|*
|choice|switch 6|move rapidspin
|
|switch|p1a: Vikavolt|Vikavolt, M, shiny|295\/295
|-damage|p1a: Vikavolt|222\/295|[from] Stealth Rock
|move|p2a: Claydol|Rapid Spin|p1a: Vikavolt
|-damage|p1a: Vikavolt|211\/295
|-sideend|p2: GilgaNnoitra|Stealth Rock|[from] move: Rapid Spin|[of] p2a: Claydol
|
|upkeep
|turn|10
|choice|*|*switch 5
|choice|*move 3|*
|choice|move bugbuzz|switch 5
|
|switch|p2a: Garbodor|Garbodor, M|305\/364
|move|p1a: Vikavolt|Bug Buzz|p2a: Garbodor
|-resisted|p2a: Garbodor
|-damage|p2a: Garbodor|152\/364
|
|upkeep
|turn|11
|choice|*move 3|*
|choice|*|*move 1
|choice|move bugbuzz|move toxicspikes
|
|move|p2a: Garbodor|Toxic Spikes|p1a: Vikavolt
|-sidestart|p1: Pirlо|move: Toxic Spikes
|move|p1a: Vikavolt|Bug Buzz|p2a: Garbodor
|-resisted|p2a: Garbodor
|-damage|p2a: Garbodor|0 fnt
|faint|p2a: Garbodor
|
|upkeep
|choice|*|*switch 3
|choice||switch 3
|
|switch|p2a: Emboar|Emboar, M|361\/361
|turn|12
|choice|*|*move 2
|choice|*|*undo
|choice|*|*move 1
|choice|*switch 4|*
|choice|switch 4|move flareblitz
|
|switch|p1a: Slowking|Slowking, M, shiny|393\/393
|-damage|p1a: Slowking|344\/393|[from] Stealth Rock
|-status|p1a: Slowking|psn
|move|p2a: Emboar|Flare Blitz|p1a: Slowking
|-resisted|p1a: Slowking
|-damage|p1a: Slowking|230\/393 psn
|-damage|p2a: Emboar|323\/361|[from] recoil|[of] p1a: Slowking
|
|-damage|p1a: Slowking|181\/393 psn|[from] psn
|upkeep
|turn|13
|choice|*|*move 2
|choice|*switch 5|*
|choice|switch 5|move wildcharge
|
|switch|p1a: Skuntank|Skuntank, F|347\/347
|-sideend|p1: Pirlо|move: Toxic Spikes|[of] p1a: Skuntank
|-damage|p1a: Skuntank|304\/347|[from] Stealth Rock
|move|p2a: Emboar|Wild Charge|p1a: Skuntank
|-damage|p1a: Skuntank|129\/347
|-damage|p2a: Emboar|279\/361|[from] recoil|[of] p1a: Skuntank
|
|upkeep
|turn|14
|choice|*move 4|*
|choice|*|*switch 6
|choice|move defog|switch 6
|
|switch|p2a: Klinklang|Klinklang|72\/261
|move|p1a: Skuntank|Defog|p2a: Klinklang
|-fail|p2a: Klinklang|unboost|[from] ability: Clear Body|[of] p2a: Klinklang
|-sideend|p1: Pirlо|Stealth Rock|[from] move: Defog|[of] p1a: Skuntank
|
|upkeep
|turn|15
|choice|*|*move 1
|choice|*switch 6|*
|choice|switch 6|move shiftgear
|
|switch|p1a: Steelix|Steelix, M|303\/354
|move|p2a: Klinklang|Shift Gear|p2a: Klinklang
|-boost|p2a: Klinklang|spe|2
|-boost|p2a: Klinklang|atk|1
|
|upkeep
|turn|16
|choice|*|*move 2
|choice|*move 3|*
|choice|move earthquake|move magnetrise
|
|move|p2a: Klinklang|Magnet Rise|p2a: Klinklang
|-start|p2a: Klinklang|Magnet Rise
|move|p1a: Steelix|Earthquake|p2a: Klinklang
|-immune|p2a: Klinklang|[msg]
|
|upkeep
|turn|17
|choice|*|*move 3
|choice|*move 4|*
|choice|move roar|move return
|
|move|p2a: Klinklang|Return|p1a: Steelix
|-resisted|p1a: Steelix
|-damage|p1a: Steelix|260\/354
|move|p1a: Steelix|Roar|p2a: Klinklang
|drag|p2a: Scyther|Scyther, F|281\/281
|
|upkeep
|turn|18
|choice|*|*move 4
|choice|*move 1|*
|choice|move stealthrock|move uturn
|
|move|p2a: Scyther|U-turn|p1a: Steelix
|-resisted|p1a: Steelix
|-damage|p1a: Steelix|230\/354
|choice|*|*switch 5
|choice||switch 5
|
|switch|p2a: Claydol|Claydol|324\/324
|move|p1a: Steelix|Stealth Rock|p2a: Claydol
|-sidestart|p2: GilgaNnoitra|move: Stealth Rock
|
|upkeep
|turn|19
|choice|*|*move 4
|choice|*switch 4|*
|choice|switch 4|move stealthrock
|
|switch|p1a: Vikavolt|Vikavolt, M, shiny|211\/295
|move|p2a: Claydol|Stealth Rock|p1a: Vikavolt
|-sidestart|p1: Pirlо|move: Stealth Rock
|
|upkeep
|turn|20
|choice|*move 3|*
|choice|*|*move 1
|choice|move bugbuzz|move rapidspin
|
|move|p2a: Claydol|Rapid Spin|p1a: Vikavolt
|-damage|p1a: Vikavolt|200\/295
|-sideend|p2: GilgaNnoitra|Stealth Rock|[from] move: Rapid Spin|[of] p2a: Claydol
|move|p1a: Vikavolt|Bug Buzz|p2a: Claydol
|-supereffective|p2a: Claydol
|-damage|p2a: Claydol|0 fnt
|faint|p2a: Claydol
|
|upkeep
|choice|*|*switch 6
|choice||switch 6
|
|switch|p2a: Emboar|Emboar, M|279\/361
|turn|21
|choice|*|*move 2
|choice|*switch 6|*
|choice|switch 6|move wildcharge
|
|switch|p1a: Skuntank|Skuntank, F|129\/347
|-damage|p1a: Skuntank|86\/347|[from] Stealth Rock
|move|p2a: Emboar|Wild Charge|p1a: Skuntank
|-damage|p1a: Skuntank|0 fnt
|-damage|p2a: Emboar|189\/361|[from] ability: Aftermath|[of] p1a: Skuntank
|-damage|p2a: Emboar|167\/361|[from] recoil|[of] p1a: Skuntank
|faint|p1a: Skuntank
|
|upkeep
|choice|*switch 5|*
|choice|switch 5|
|
|switch|p1a: Slowking|Slowking, M, shiny|312\/393 psn
|-damage|p1a: Slowking|263\/393 psn|[from] Stealth Rock
|turn|22
|choice|*|*switch 4
|choice|*switch 2|*
|choice|switch 2|switch 4
|
|switch|p2a: Cacturne|Cacturne, M|281\/281
|switch|p1a: Whimsicott|Whimsicott, F, shiny|175\/261
|-damage|p1a: Whimsicott|143\/261|[from] Stealth Rock
|
|upkeep
|turn|23
|choice|*|*move 1
|choice|*move 1|*
|choice|move uturn|move spikes
|
|move|p1a: Whimsicott|U-turn|p2a: Cacturne
|-supereffective|p2a: Cacturne
|-damage|p2a: Cacturne|25\/281
|choice|*switch 6|*
|choice|switch 6|
|
|switch|p1a: Vikavolt|Vikavolt, M, shiny|200\/295
|-damage|p1a: Vikavolt|127\/295|[from] Stealth Rock
|move|p2a: Cacturne|Spikes|p1a: Vikavolt
|-sidestart|p1: Pirlо|Spikes
|
|upkeep
|turn|24
|choice|*|*move 4
|choice|*|*undo
|choice|*move 2|*
|choice|*|*move 1
|choice|move thunderbolt|move spikes
|
|move|p2a: Cacturne|Spikes|p1a: Vikavolt
|-sidestart|p1: Pirlо|Spikes
|move|p1a: Vikavolt|Thunderbolt|p2a: Cacturne
|-resisted|p2a: Cacturne
|-damage|p2a: Cacturne|0 fnt
|faint|p2a: Cacturne
|
|upkeep
|choice|*|*switch 2
|choice||switch 2
|
|switch|p2a: Klinklang|Klinklang|72\/261
|turn|25
|choice|*move 2|*
|choice|*|*move 4
|choice|move thunderbolt|move geargrind
|
|move|p2a: Klinklang|Gear Grind|p1a: Vikavolt
|-resisted|p1a: Vikavolt
|-damage|p1a: Vikavolt|79\/295
|-resisted|p1a: Vikavolt
|-damage|p1a: Vikavolt|36\/295
|-hitcount|p1a: Vikavolt|2
|move|p1a: Vikavolt|Thunderbolt|p2a: Klinklang
|-damage|p2a: Klinklang|0 fnt
|faint|p2a: Klinklang
|
|upkeep
|choice|*|*switch 5
|choice||switch 5
|
|switch|p2a: Scyther|Scyther, F|281\/281
|turn|26
|choice|*move 2|*
|choice|*|*move 1
|choice|move thunderbolt|move knockoff
|
|move|p2a: Scyther|Knock Off|p1a: Vikavolt
|-crit|p1a: Vikavolt
|-damage|p1a: Vikavolt|0 fnt
|-enditem|p1a: Vikavolt|Choice Specs|[from] move: Knock Off|[of] p2a: Scyther
|faint|p1a: Vikavolt
|
|upkeep
|choice|*switch 3|*
|choice|switch 3|
|
|switch|p1a: Emboar|Emboar, M, shiny|361\/361
|-damage|p1a: Emboar|316\/361|[from] Stealth Rock
|-damage|p1a: Emboar|256\/361|[from] Spikes
|turn|27
|choice|*|*move 1
|choice|*move 1|*
|choice|move flareblitz|move knockoff
|
|move|p2a: Scyther|Knock Off|p1a: Emboar
|-resisted|p1a: Emboar
|-damage|p1a: Emboar|181\/361
|-enditem|p1a: Emboar|Choice Scarf|[from] move: Knock Off|[of] p2a: Scyther
|move|p1a: Emboar|Flare Blitz|p2a: Scyther
|-supereffective|p2a: Scyther
|-damage|p2a: Scyther|0 fnt
|-damage|p1a: Emboar|88\/361|[from] recoil|[of] p2a: Scyther
|faint|p2a: Scyther
|
|upkeep
|choice|*|*switch 4
|choice||switch 4
|
|switch|p2a: Emboar|Emboar, M|167\/361
|turn|28
|choice|*|*move 2
|choice|*move 3|*
|choice|move superpower|move wildcharge
|
|move|p1a: Emboar|Superpower|p2a: Emboar
|-damage|p2a: Emboar|0 fnt
|-unboost|p1a: Emboar|atk|1
|-unboost|p1a: Emboar|def|1
|faint|p2a: Emboar
|
|win|Pirlо
|player|p1
|player|p2
|c|☆Pirlо|gg
|l|GilgaNnoitra</script>
</div>
<div class="battle-log battle-log-inline"><div class="inner"><div class="battle-options"></div><div class="inner"><div class="chat"><small>Pirlо joined.</small></div><div class="chat"><small>GilgaNnoitra joined.</small></div><div class=""><small>Format:</small> <br><strong>NU</strong></div><div class=""><small><em>Cláusula-Mod de Dormir:</em> solo puedes dormir a uno de tus oponentes a la vez.</small></div><div class=""><small><em>Cláusula de Especie:</em> Hasta un Pokémon de cada especie</small></div><div class=""><small><em>Cláusula de Golpe Fulminante:</em> los movimientos fulminantes (OHKO) estan prohibidos</small></div><div class=""><small><em>Cláusula de Moody:</em> la habilidad Moody está prohibida</small></div><div class=""><small><em>Cláusula de Movimientos Evasivos:</em> los movimientos de evasion estan prohibidos</small></div><div class=""><small><em>Cláusula de Batallas Eternas:</em> forzar batallas eternas está prohibido</small></div><div class="chat battle-history"><strong>Pirlо's team:</strong> <em style="color:#445566;display:block;">Vikavolt / Whimsicott / Emboar / Slowking / Skuntank / Steelix</em></div><div class="chat battle-history"><strong>GilgaNnoitra's team:</strong> <em style="color:#445566;display:block;">Klinklang / Claydol / Emboar / Cacturne / Scyther / Garbodor</em></div><div class="chat chatmessage-gilgannoitra"><strong style="color:hsl(173,72%,33.666666666666664%)"><small>☆</small><span class="username" data-name="GilgaNnoitra">GilgaNnoitra</span>:</strong> <em>hf</em></div><div class="chat chatmessage-pirl"><strong style="color:hsl(200,68%,43.09718910720001%)"><small>☆</small><span class="username" data-name="Pirlо">Pirlо</span>:</strong> <em>hf</em></div><div class="chat"><small>Recci joined.</small></div><div class="spacer battle-history"><br></div><div class="battle-history">Battle started between Pirlо and GilgaNnoitra!<br></div><div class="spacer battle-history"><br></div><div class="battle-history">Go! <strong>Steelix</strong>!<br></div><div class="spacer battle-history"><br></div><div class="battle-history">GilgaNnoitra sent out <strong>Scyther</strong>!<br></div><div class="spacer battle-history"><br></div><h2 class="battle-history">Turn 1</h2><div class="spacer battle-history"><br></div><div class="battle-history">The opposing Scyther used <strong>U-turn</strong>!<br></div><div class="battle-history"><small>It's not very effective...</small><br></div><div class="battle-history"><small>(Steelix lost <abbr title="−29/354">8.2%</abbr> of its health!)</small><br></div><div class="spacer battle-history"><br></div><div class="battle-history">The opposing Scyther went back to GilgaNnoitra!<br></div><div class="battle-history">GilgaNnoitra sent out <strong>Claydol</strong>!<br></div><div class="spacer battle-history"><br></div><div class="battle-history">Steelix used <strong>Stealth Rock</strong>!<br></div><div class="battle-history"><small>Pointed stones float in the air around the opposing team!</small><br></div><div class="spacer battle-history"><br></div><h2 class="battle-history">Turn 2</h2><div class="spacer battle-history"><br></div><div class="battle-history">Steelix, come back!<br></div><div class="battle-history">Go! <strong>Vikavolt</strong>!<br></div><div class="spacer battle-history"><br></div><div class="battle-history">The opposing Claydol used <strong>Stealth Rock</strong>!<br></div><div class="battle-history"><small>Pointed stones float in the air around your team!</small><br></div><div class="spacer battle-history"><br></div><h2 class="battle-history">Turn 3</h2><div class="spacer battle-history"><br></div><div class="battle-history">GilgaNnoitra withdrew Claydol!<br></div><div class="battle-history">GilgaNnoitra sent out <strong>Klinklang</strong>!<br></div><div class="battle-history"><small>Pointed stones dug into the opposing Klinklang!</small><br></div><div class="spacer battle-history"><br></div><div class="battle-history">Vikavolt used <strong>Bug Buzz</strong>!<br></div><div class="battle-history"><small>It's not very effective...</small><br></div><div class="battle-history"><small>(The opposing Klinklang lost <abbr title="−173/261">66.3%</abbr> of its health!)</small><br></div><div class="spacer battle-history"><br></div><h2 class="battle-history">Turn 4</h2><div class="spacer battle-history"><br></div><div class="battle-history">GilgaNnoitra withdrew Klinklang!<br></div><div class="battle-history">GilgaNnoitra sent out <strong>Garbodor</strong>!<br></div><div class="battle-history"><small>Pointed stones dug into the opposing Garbodor!</small><br></div><div class="spacer battle-history"><br></div><div class="battle-history">Vikavolt, come back!<br></div><div class="battle-history">Go! <strong>Steelix</strong>!<br></div><div class="battle-history"><small>Pointed stones dug into Steelix!</small><br></div><div class="spacer battle-history"><br></div><h2 class="battle-history">Turn 5</h2><div class="spacer battle-history"><br></div><div class="battle-history">GilgaNnoitra withdrew Garbodor!<br></div><div class="battle-history">GilgaNnoitra sent out <strong>Claydol</strong>!<br></div><div class="battle-history"><small>Pointed stones dug into the opposing Claydol!</small><br></div><div class="spacer battle-history"><br></div><div class="battle-history">Steelix used <strong>Earthquake</strong>!<br></div><div class="battle-history"><small>[The opposing Claydol's Levitate]</small><br><small>It doesn't affect the opposing Claydol...</small><br></div><div class="spacer battle-history"><br></div><div class="battle-history"><small>The opposing Claydol restored a little HP using its Leftovers!</small><br></div><div class="spacer battle-history"><br></div><h2 class="battle-history">Turn 6</h2><div class="chat"><small>NoGmeNoLife joined.</small></div><div class="spacer battle-history"><br></div><div class="battle-history">Steelix, come back!<br></div><div class="battle-history">Go! <strong>Whimsicott</strong>!<br></div><div class="battle-history"><small>Pointed stones dug into Whimsicott!</small><br></div><div class="spacer battle-history"><br></div><div class="battle-history">The opposing Claydol used <strong>Rapid Spin</strong>!<br></div><div class="battle-history"><small>(Whimsicott lost <abbr title="−11/261">4.2%</abbr> of its health!)</small><br></div><div class="battle-history"><small>The pointed stones disappeared from around the opposing team!</small><br></div><div class="spacer battle-history"><br></div><h2 class="battle-history">Turn 7</h2><div class="chat"><small>NoGmeNoLife left.</small></div><div class="spacer battle-history"><br></div><div class="battle-history">GilgaNnoitra withdrew Claydol!<br></div><div class="battle-history">GilgaNnoitra sent out <strong>Garbodor</strong>!<br></div><div class="spacer battle-history"><br></div><div class="battle-history">Whimsicott used <strong>U-turn</strong>!<br></div><div class="battle-history"><small>It's not very effective...</small><br></div><div class="battle-history"><small>(The opposing Garbodor lost <abbr title="−14/364">3.8%</abbr> of its health!)</small><br></div><div class="battle-history"><small>Whimsicott was hurt by the Rocky Helmet!</small><br></div><div class="spacer battle-history"><br></div><div class="battle-history">Whimsicott went back to Pirlо!<br></div><div class="battle-history">Go! <strong>Steelix</strong>!<br></div><div class="battle-history"><small>Pointed stones dug into Steelix!</small><br></div><div class="spacer battle-history"><br></div><h2 class="battle-history">Turn 8</h2><div class="spacer battle-history"><br></div><div class="battle-history">GilgaNnoitra withdrew Garbodor!<br></div><div class="battle-history">GilgaNnoitra sent out <strong>Claydol</strong>!<br></div><div class="spacer battle-history"><br></div><div class="battle-history">Steelix used <strong>Stealth Rock</strong>!<br></div><div class="battle-history"><small>Pointed stones float in the air around the opposing team!</small><br></div><div class="spacer battle-history"><br></div><h2 class="battle-history">Turn 9</h2><div class="spacer battle-history"><br></div><div class="battle-history">Steelix, come back!<br></div><div class="battle-history">Go! <strong>Vikavolt</strong>!<br></div><div class="battle-history"><small>Pointed stones dug into Vikavolt!</small><br></div><div class="spacer battle-history"><br></div><div class="battle-history">The opposing Claydol used <strong>Rapid Spin</strong>!<br></div><div class="battle-history"><small>(Vikavolt lost <abbr title="−11/295">3.7%</abbr> of its health!)</small><br></div><div class="battle-history"><small>The pointed stones disappeared from around the opposing team!</small><br></div><div class="spacer battle-history"><br></div><h2 class="battle-history">Turn 10</h2><div class="spacer battle-history"><br></div><div class="battle-history">GilgaNnoitra withdrew Claydol!<br></div><div class="battle-history">GilgaNnoitra sent out <strong>Garbodor</strong>!<br></div><div class="spacer battle-history"><br></div><div class="battle-history">Vikavolt used <strong>Bug Buzz</strong>!<br></div><div class="battle-history"><small>It's not very effective...</small><br></div><div class="battle-history"><small>(The opposing Garbodor lost <abbr title="−153/364">42.0%</abbr> of its health!)</small><br></div><div class="spacer battle-history"><br></div><h2 class="battle-history">Turn 11</h2><div class="spacer battle-history"><br></div><div class="battle-history">The opposing Garbodor used <strong>Toxic Spikes</strong>!<br></div><div class="battle-history"><small>Poison spikes were scattered on the ground all around your team!</small><br></div><div class="spacer battle-history"><br></div><div class="battle-history">Vikavolt used <strong>Bug Buzz</strong>!<br></div><div class="battle-history"><small>It's not very effective...</small><br></div><div class="battle-history"><small>(The opposing Garbodor lost <abbr title="−152/364">41.8%</abbr> of its health!)</small><br></div><div class="spacer battle-history"><br></div><div class="battle-history">The opposing Garbodor fainted!<br></div><div class="spacer battle-history"><br></div><div class="battle-history">GilgaNnoitra sent out <strong>Emboar</strong>!<br></div><div class="spacer battle-history"><br></div><h2 class="battle-history">Turn 12</h2><div class="spacer battle-history"><br></div><div class="battle-history">Vikavolt, come back!<br></div><div class="battle-history">Go! <strong>Slowking</strong>!<br></div><div class="battle-history"><small>Pointed stones dug into Slowking!</small><br></div><div class="battle-history"><small>Slowking was poisoned!</small><br></div><div class="spacer battle-history"><br></div><div class="battle-history">The opposing Emboar used <strong>Flare Blitz</strong>!<br></div><div class="battle-history"><small>It's not very effective...</small><br></div><div class="battle-history"><small>(Slowking lost <abbr title="−114/393">29.0%</abbr> of its health!)</small><br></div><div class="battle-history"><small>The opposing Emboar is damaged by the recoil!</small><br></div><div class="spacer battle-history"><br></div><div class="battle-history"><small>Slowking was hurt by poison!</small><br></div><div class="spacer battle-history"><br></div><h2 class="battle-history">Turn 13</h2><div class="spacer battle-history"><br></div><div class="battle-history">Slowking, come back!<br></div><div class="battle-history">Go! <strong>Skuntank</strong>!<br></div><div class="battle-history"><small>The poison spikes disappeared from the ground around your team!</small><br></div><div class="battle-history"><small>Pointed stones dug into Skuntank!</small><br></div><div class="spacer battle-history"><br></div><div class="battle-history">The opposing Emboar used <strong>Wild Charge</strong>!<br></div><div class="battle-history"><small>(Skuntank lost <abbr title="−175/347">50.4%</abbr> of its health!)</small><br></div><div class="battle-history"><small>The opposing Emboar is damaged by the recoil!</small><br></div><div class="spacer battle-history"><br></div><h2 class="battle-history">Turn 14</h2><div class="spacer battle-history"><br></div><div class="battle-history">GilgaNnoitra withdrew Emboar!<br></div><div class="battle-history">GilgaNnoitra sent out <strong>Klinklang</strong>!<br></div><div class="spacer battle-history"><br></div><div class="battle-history">Skuntank used <strong>Defog</strong>!<br></div><div class="battle-history"><small>[The opposing Klinklang's Clear Body]</small><br><small>The opposing Klinklang's stats were not lowered!</small><br></div><div class="battle-history"><small>The pointed stones disappeared from around your team!</small><br></div><div class="spacer battle-history"><br></div><h2 class="battle-history">Turn 15</h2><div class="spacer battle-history"><br></div><div class="battle-history">Skuntank, come back!<br></div><div class="battle-history">Go! <strong>Steelix</strong>!<br></div><div class="spacer battle-history"><br></div><div class="battle-history">The opposing Klinklang used <strong>Shift Gear</strong>!<br></div><div class="battle-history"><small>The opposing Klinklang's Speed rose sharply!</small><br></div><div class="battle-history"><small>The opposing Klinklang's Attack rose!</small><br></div><div class="spacer battle-history"><br></div><h2 class="battle-history">Turn 16</h2><div class="spacer battle-history"><br></div><div class="battle-history">The opposing Klinklang used <strong>Magnet Rise</strong>!<br></div><div class="battle-history"><small>The opposing Klinklang levitated with electromagnetism!</small><br></div><div class="spacer battle-history"><br></div><div class="battle-history">Steelix used <strong>Earthquake</strong>!<br></div><div class="battle-history"><small>It doesn't affect the opposing Klinklang...</small><br></div><div class="spacer battle-history"><br></div><h2 class="battle-history">Turn 17</h2><div class="spacer battle-history"><br></div><div class="battle-history">The opposing Klinklang used <strong>Return</strong>!<br></div><div class="battle-history"><small>It's not very effective...</small><br></div><div class="battle-history"><small>(Steelix lost <abbr title="−43/354">12.1%</abbr> of its health!)</small><br></div><div class="spacer battle-history"><br></div><div class="battle-history">Steelix used <strong>Roar</strong>!<br></div><div class="spacer battle-history"><br></div><div class="battle-history"><strong>Scyther</strong> was dragged out!<br></div><div class="spacer battle-history"><br></div><h2 class="battle-history">Turn 18</h2><div class="spacer battle-history"><br></div><div class="battle-history">The opposing Scyther used <strong>U-turn</strong>!<br></div><div class="battle-history"><small>It's not very effective...</small><br></div><div class="battle-history"><small>(Steelix lost <abbr title="−30/354">8.5%</abbr> of its health!)</small><br></div><div class="spacer battle-history"><br></div><div class="battle-history">The opposing Scyther went back to GilgaNnoitra!<br></div><div class="battle-history">GilgaNnoitra sent out <strong>Claydol</strong>!<br></div><div class="spacer battle-history"><br></div><div class="battle-history">Steelix used <strong>Stealth Rock</strong>!<br></div><div class="battle-history"><small>Pointed stones float in the air around the opposing team!</small><br></div><div class="spacer battle-history"><br></div><h2 class="battle-history">Turn 19</h2><div class="spacer battle-history"><br></div><div class="battle-history">Steelix, come back!<br></div><div class="battle-history">Go! <strong>Vikavolt</strong>!<br></div><div class="spacer battle-history"><br></div><div class="battle-history">The opposing Claydol used <strong>Stealth Rock</strong>!<br></div><div class="battle-history"><small>Pointed stones float in the air around your team!</small><br></div><div class="spacer battle-history"><br></div><h2 class="battle-history">Turn 20</h2><div class="spacer battle-history"><br></div><div class="battle-history">The opposing Claydol used <strong>Rapid Spin</strong>!<br></div><div class="battle-history"><small>(Vikavolt lost <abbr title="−11/295">3.7%</abbr> of its health!)</small><br></div><div class="battle-history"><small>The pointed stones disappeared from around the opposing team!</small><br></div><div class="spacer battle-history"><br></div><div class="battle-history">Vikavolt used <strong>Bug Buzz</strong>!<br></div><div class="battle-history"><small>It's super effective!</small><br></div><div class="battle-history"><small>(The opposing Claydol lost <abbr title="−324/324">100%</abbr> of its health!)</small><br></div><div class="spacer battle-history"><br></div><div class="battle-history">The opposing Claydol fainted!<br></div><div class="spacer battle-history"><br></div><div class="battle-history">GilgaNnoitra sent out <strong>Emboar</strong>!<br></div><div class="spacer battle-history"><br></div><h2 class="battle-history">Turn 21</h2><div class="spacer battle-history"><br></div><div class="battle-history">Vikavolt, come back!<br></div><div class="battle-history">Go! <strong>Skuntank</strong>!<br></div><div class="battle-history"><small>Pointed stones dug into Skuntank!</small><br></div><div class="spacer battle-history"><br></div><div class="battle-history">The opposing Emboar used <strong>Wild Charge</strong>!<br></div><div class="battle-history"><small>(Skuntank lost <abbr title="−86/347">24.8%</abbr> of its health!)</small><br></div><div class="battle-history"><small>[Skuntank's Aftermath]</small><br><small>The opposing Emboar is hurt!</small><br></div><div class="battle-history"><small>The opposing Emboar is damaged by the recoil!</small><br></div><div class="spacer battle-history"><br></div><div class="battle-history">Skuntank fainted!<br></div><div class="spacer battle-history"><br></div><div class="battle-history">Go! <strong>Slowking</strong>!<br></div><div class="battle-history"><small>Pointed stones dug into Slowking!</small><br></div><div class="spacer battle-history"><br></div><h2 class="battle-history">Turn 22</h2><div class="spacer battle-history"><br></div><div class="battle-history">GilgaNnoitra withdrew Emboar!<br></div><div class="battle-history">GilgaNnoitra sent out <strong>Cacturne</strong>!<br></div><div class="spacer battle-history"><br></div><div class="battle-history">Slowking, come back!<br></div><div class="battle-history">Go! <strong>Whimsicott</strong>!<br></div><div class="battle-history"><small>Pointed stones dug into Whimsicott!</small><br></div><div class="spacer battle-history"><br></div><h2 class="battle-history">Turn 23</h2><div class="spacer battle-history"><br></div><div class="battle-history">Whimsicott used <strong>U-turn</strong>!<br></div><div class="battle-history"><small>It's super effective!</small><br></div><div class="battle-history"><small>(The opposing Cacturne lost <abbr title="−256/281">91.1%</abbr> of its health!)</small><br></div><div class="spacer battle-history"><br></div><div class="battle-history">Whimsicott went back to Pirlо!<br></div><div class="battle-history">Go! <strong>Vikavolt</strong>!<br></div><div class="battle-history"><small>Pointed stones dug into Vikavolt!</small><br></div><div class="spacer battle-history"><br></div><div class="battle-history">The opposing Cacturne used <strong>Spikes</strong>!<br></div><div class="battle-history"><small>Spikes were scattered on the ground all around your team!</small><br></div><div class="spacer battle-history"><br></div><h2 class="battle-history">Turn 24</h2><div class="spacer battle-history"><br></div><div class="battle-history">The opposing Cacturne used <strong>Spikes</strong>!<br></div><div class="battle-history"><small>Spikes were scattered on the ground all around your team!</small><br></div><div class="spacer battle-history"><br></div><div class="battle-history">Vikavolt used <strong>Thunderbolt</strong>!<br></div><div class="battle-history"><small>It's not very effective...</small><br></div><div class="battle-history"><small>(The opposing Cacturne lost <abbr title="−25/281">8.9%</abbr> of its health!)</small><br></div><div class="spacer battle-history"><br></div><div class="battle-history">The opposing Cacturne fainted!<br></div><div class="spacer battle-history"><br></div><div class="battle-history">GilgaNnoitra sent out <strong>Klinklang</strong>!<br></div><div class="spacer battle-history"><br></div><h2 class="battle-history">Turn 25</h2><div class="spacer battle-history"><br></div><div class="battle-history">The opposing Klinklang used <strong>Gear Grind</strong>!<br></div><div class="battle-history"><small>It's not very effective...</small><br></div><div class="battle-history"><small>(Vikavolt lost <abbr title="−48/295">16.3%</abbr> of its health!)</small><br></div><div class="battle-history"><small>It's not very effective...</small><br></div><div class="battle-history"><small>(Vikavolt lost <abbr title="−43/295">14.6%</abbr> of its health!)</small><br></div><div class="battle-history"><small>Hit 2 times!</small><br></div><div class="spacer battle-history"><br></div><div class="battle-history">Vikavolt used <strong>Thunderbolt</strong>!<br></div><div class="battle-history"><small>(The opposing Klinklang lost <abbr title="−72/261">27.6%</abbr> of its health!)</small><br></div><div class="spacer battle-history"><br></div><div class="battle-history">The opposing Klinklang fainted!<br></div><div class="spacer battle-history"><br></div><div class="battle-history">GilgaNnoitra sent out <strong>Scyther</strong>!<br></div><div class="spacer battle-history"><br></div><h2 class="battle-history">Turn 26</h2><div class="spacer battle-history"><br></div><div class="battle-history">The opposing Scyther used <strong>Knock Off</strong>!<br></div><div class="battle-history"><small>A critical hit!</small><br></div><div class="battle-history"><small>(Vikavolt lost <abbr title="−36/295">12.2%</abbr> of its health!)</small><br></div><div class="battle-history"><small>The opposing Scyther knocked off Vikavolt's Choice Specs!</small><br></div><div class="spacer battle-history"><br></div><div class="battle-history">Vikavolt fainted!<br></div><div class="spacer battle-history"><br></div><div class="battle-history">Go! <strong>Emboar</strong>!<br></div><div class="battle-history"><small>Pointed stones dug into Emboar!</small><br></div><div class="battle-history"><small>Emboar is hurt by the spikes!</small><br></div><div class="spacer battle-history"><br></div><h2 class="battle-history">Turn 27</h2><div class="spacer battle-history"><br></div><div class="battle-history">The opposing Scyther used <strong>Knock Off</strong>!<br></div><div class="battle-history"><small>It's not very effective...</small><br></div><div class="battle-history"><small>(Emboar lost <abbr title="−75/361">20.8%</abbr> of its health!)</small><br></div><div class="battle-history"><small>The opposing Scyther knocked off Emboar's Choice Scarf!</small><br></div><div class="spacer battle-history"><br></div><div class="battle-history">Emboar used <strong>Flare Blitz</strong>!<br></div><div class="battle-history"><small>It's super effective!</small><br></div><div class="battle-history"><small>(The opposing Scyther lost <abbr title="−281/281">100%</abbr> of its health!)</small><br></div><div class="battle-history"><small>Emboar is damaged by the recoil!</small><br></div><div class="spacer battle-history"><br></div><div class="battle-history">The opposing Scyther fainted!<br></div><div class="spacer battle-history"><br></div><div class="battle-history">GilgaNnoitra sent out <strong>Emboar</strong>!<br></div><div class="spacer battle-history"><br></div><h2 class="battle-history">Turn 28</h2><div class="spacer battle-history"><br></div><div class="battle-history">Emboar used <strong>Superpower</strong>!<br></div><div class="battle-history"><small>(The opposing Emboar lost <abbr title="−167/361">46.3%</abbr> of its health!)</small><br></div><div class="battle-history"><small>Emboar's Attack fell!</small><br></div><div class="battle-history"><small>Emboar's Defense fell!</small><br></div><div class="spacer battle-history"><br></div><div class="battle-history">The opposing Emboar fainted!<br></div><div class="spacer battle-history"><br></div><div class="battle-history"><strong>Pirlо</strong> won the battle!<br></div><div class="chat chatmessage-pirl"><strong style="color:hsl(200,68%,43.09718910720001%)"><small>☆</small><span class="username" data-name="Pirlо">Pirlо</span>:</strong> <em>gg</em></div><div class="chat"><small>GilgaNnoitra left.</small></div></div><div class="inner-preempt"></div></div></div>
</div>
<script>
let daily = Math.floor(Date.now()/1000/60/60/24);document.write('<script src="https://play.pokemonshowdown.com/js/replay-embed.js?version'+daily+'"></'+'script>');
</script>
