<!DOCTYPE html>
<meta charset="utf-8" />
<!-- version 1 -->
<title>NU replay: Shoutter♫ vs. CraneHermit</title>
<style>
html,body {font-family:Verdana, sans-serif;font-size:10pt;margin:0;padding:0;}body{padding:12px 0;} .battle-log {font-family:Verdana, sans-serif;font-size:10pt;} .battle-log-inline {border:1px solid #AAAAAA;background:#EEF2F5;color:black;max-width:640px;margin:0 auto 80px;padding-bottom:5px;} .battle-log .inner {padding:4px 8px 0px 8px;} .battle-log .inner-preempt {padding:0 8px 4px 8px;} .battle-log .inner-after {margin-top:0.5em;} .battle-log h2 {margin:0.5em -8px;padding:4px 8px;border:1px solid #AAAAAA;background:#E0E7EA;border-left:0;border-right:0;font-family:Verdana, sans-serif;font-size:13pt;} .battle-log .chat {vertical-align:middle;padding:3px 0 3px 0;font-size:8pt;} .battle-log .chat strong {color:#40576A;} .battle-log .chat em {padding:1px 4px 1px 3px;color:#000000;font-style:normal;} .chat.mine {background:rgba(0,0,0,0.05);margin-left:-8px;margin-right:-8px;padding-left:8px;padding-right:8px;} .spoiler {color:#BBBBBB;background:#BBBBBB;padding:0px 3px;} .spoiler:hover, .spoiler:active, .spoiler-shown {color:#000000;background:#E2E2E2;padding:0px 3px;} .spoiler a {color:#BBBBBB;} .spoiler:hover a, .spoiler:active a, .spoiler-shown a {color:#2288CC;} .chat code, .chat .spoiler:hover code, .chat .spoiler:active code, .chat .spoiler-shown code {border:1px solid #C0C0C0;background:#EEEEEE;color:black;padding:0 2px;} .chat .spoiler code {border:1px solid #CCCCCC;background:#CCCCCC;color:#CCCCCC;} .battle-log .rated {padding:3px 4px;} .battle-log .rated strong {color:white;background:#89A;padding:1px 4px;border-radius:4px;} .spacer {margin-top:0.5em;} .message-announce {background:#6688AA;color:white;padding:1px 4px 2px;} .message-announce a, .broadcast-green a, .broadcast-blue a, .broadcast-red a {color:#DDEEFF;} .broadcast-green {background-color:#559955;color:white;padding:2px 4px;} .broadcast-blue {background-color:#6688AA;color:white;padding:2px 4px;} .infobox {border:1px solid #6688AA;padding:2px 4px;} .infobox-limited {max-height:200px;overflow:auto;overflow-x:hidden;} .broadcast-red {background-color:#AA5544;color:white;padding:2px 4px;} .message-learn-canlearn {font-weight:bold;color:#228822;text-decoration:underline;} .message-learn-cannotlearn {font-weight:bold;color:#CC2222;text-decoration:underline;} .message-effect-weak {font-weight:bold;color:#CC2222;} .message-effect-resist {font-weight:bold;color:#6688AA;} .message-effect-immune {font-weight:bold;color:#666666;} .message-learn-list {margin-top:0;margin-bottom:0;} .message-throttle-notice, .message-error {color:#992222;} .message-overflow, .chat small.message-overflow {font-size:0pt;} .message-overflow::before {font-size:9pt;content:'...';} .subtle {color:#3A4A66;}
</style>
<div class="wrapper replay-wrapper" style="max-width:1180px;margin:0 auto">
<input type="hidden" name="replayid" value="nu-506828092" />
<div class="battle"></div><div class="battle-log"></div><div class="replay-controls"></div><div class="replay-controls-2"></div>
<h1 style="font-weight:normal;text-align:center"><strong>NU</strong><br /><a href="http://pokemonshowdown.com/users/shoutter" class="subtle" target="_blank">Shoutter♫</a> vs. <a href="http://pokemonshowdown.com/users/cranehermit" class="subtle" target="_blank">CraneHermit</a></h1>
<script type="text/plain" class="battle-log-data">|j|Shoutter♫
|j|CraneHermit
|player|p1|Shoutter♫|82
|player|p2|CraneHermit|160
|gametype|singles
|gen|6
|tier|NU
|rated
|seed|25001,48474,7427,45688
|rule|Sleep Clause Mod: Limit one foe put to sleep
|rule|Species Clause: Limit one of each Pokémon
|rule|OHKO Clause: OHKO moves are banned
|rule|Moody Clause: Moody is banned
|rule|Evasion Moves Clause: Evasion moves are banned
|rule|Endless Battle Clause: Forcing endless battles is banned
|rule|HP Percentage Mod: HP is shown in percentages
|clearpoke
|poke|p1|Lilligant, F|item
|poke|p1|Xatu, M|item
|poke|p1|Scyther, M, shiny|item
|poke|p1|Aggron, F, shiny|item
|poke|p1|Kabutops, M|item
|poke|p1|Lanturn, M|item
|poke|p2|Pikachu, F|item
|poke|p2|Poliwrath, F|item
|poke|p2|Shiftry, F|item
|poke|p2|Slaking, F|item
|poke|p2|Haunter, M|item
|poke|p2|Illumise, F|item
|rule|Swagger Clause: Swagger is banned
|rule|Baton Pass Clause: Limit one Baton Passer, can't pass Spe and other stats simultaneously
|teampreview
|choice|team 3, team 2, team 1, team 4, team 5, team 6|team 1, team 2, team 3, team 4, team 5, team 6
|
|start
|switch|p1a: HyperBug|Scyther, M, shiny|281\/281
|switch|p2a: Pikachu|Pikachu, F|211\/211
|turn|1
|choice|switch 6|move voltswitch
|
|switch|p1a: ElectricFish|Lanturn, M|426\/426
|move|p2a: Pikachu|Volt Switch|p1a: ElectricFish
|-immune|p1a: ElectricFish|[msg]|[from] ability: Volt Absorb
|
|upkeep
|turn|2
|choice|move voltswitch|switch 6
|
|switch|p2a: Illumise|Illumise, F|333\/333
|move|p1a: ElectricFish|Volt Switch|p2a: Illumise
|-damage|p2a: Illumise|249\/333
|choice|switch 2|
|
|switch|p1a: Nazca|Xatu, M|334\/334
|
|-heal|p2a: Illumise|269\/333|[from] item: Leftovers
|upkeep
|turn|3
|choice|move airslash|move uturn
|
|move|p1a: Nazca|Air Slash|p2a: Illumise
|-supereffective|p2a: Illumise
|-damage|p2a: Illumise|0 fnt
|faint|p2a: Illumise
|
|upkeep
|choice||switch 3
|
|switch|p2a: Shiftry|Shiftry, F|321\/321
|turn|4
|choice|move airslash|move suckerpunch
|
|move|p2a: Shiftry|Sucker Punch|p1a: Nazca
|-supereffective|p1a: Nazca
|-damage|p1a: Nazca|0 fnt
|-damage|p2a: Shiftry|289\/321|[from] item: Life Orb
|faint|p1a: Nazca
|
|upkeep
|choice|switch 6|
|
|switch|p1a: HyperBug|Scyther, M, shiny|281\/281
|turn|5
|choice|move uturn|switch 2
|
|switch|p2a: Poliwrath|Poliwrath, F|384\/384
|move|p1a: HyperBug|U-turn|p2a: Poliwrath
|-resisted|p2a: Poliwrath
|-damage|p2a: Poliwrath|344\/384
|choice|switch 3|
|
|switch|p1a: Lillie the last|Lilligant, F|281\/281
|
|-heal|p2a: Poliwrath|368\/384|[from] item: Leftovers
|upkeep
|turn|6
|choice|move sleeppowder|move circlethrow
|
|move|p1a: Lillie the last|Sleep Powder|p2a: Poliwrath
|-status|p2a: Poliwrath|slp
|cant|p2a: Poliwrath|slp
|
|-heal|p2a: Poliwrath|384\/384 slp|[from] item: Leftovers
|upkeep
|turn|7
|choice|move quiverdance|move circlethrow
|
|move|p1a: Lillie the last|Quiver Dance|p1a: Lillie the last
|-boost|p1a: Lillie the last|spa|1
|-boost|p1a: Lillie the last|spd|1
|-boost|p1a: Lillie the last|spe|1
|cant|p2a: Poliwrath|slp
|
|upkeep
|turn|8
|choice|move gigadrain|move circlethrow
|
|move|p1a: Lillie the last|Giga Drain|p2a: Poliwrath
|-supereffective|p2a: Poliwrath
|-damage|p2a: Poliwrath|0 fnt
|faint|p2a: Poliwrath
|
|upkeep
|choice||switch 4
|
|switch|p2a: Slaking|Slaking, F|441\/441
|turn|9
|choice|move sleeppowder|move retaliate
|
|move|p1a: Lillie the last|Sleep Powder|p2a: Slaking|[miss]
|-miss|p1a: Lillie the last|p2a: Slaking
|move|p2a: Slaking|Retaliate|p1a: Lillie the last
|-damage|p1a: Lillie the last|0 fnt
|faint|p1a: Lillie the last
|
|upkeep
|choice|switch 3|
|
|switch|p1a: HyperBug|Scyther, M, shiny|281\/281
|turn|10
|choice|move knockoff|switch 6
|
|switch|p2a: Pikachu|Pikachu, F|211\/211
|move|p1a: HyperBug|Knock Off|p2a: Pikachu
|-damage|p2a: Pikachu|0 fnt
|-enditem|p2a: Pikachu|Light Ball|[from] move: Knock Off|[of] p1a: HyperBug
|faint|p2a: Pikachu
|
|upkeep
|choice||switch 6
|
|switch|p2a: Slaking|Slaking, F|441\/441
|turn|11
|choice|move uturn|move earthquake
|
|move|p1a: HyperBug|U-turn|p2a: Slaking
|-damage|p2a: Slaking|336\/441
|choice|switch 4|
|
|switch|p1a: Aggron|Aggron, F, shiny|344\/344
|move|p2a: Slaking|Earthquake|p1a: Aggron
|-supereffective|p1a: Aggron
|-damage|p1a: Aggron|0 fnt
|faint|p1a: Aggron
|
|upkeep
|choice|switch 5|
|
|switch|p1a: Generock|Kabutops, M|261\/261
|turn|12
|choice|move superpower|move earthquake
|
|move|p1a: Generock|Superpower|p2a: Slaking
|-supereffective|p2a: Slaking
|-damage|p2a: Slaking|48\/441
|-unboost|p1a: Generock|atk|1
|-unboost|p1a: Generock|def|1
|cant|p2a: Slaking|ability: Truant
|
|upkeep
|turn|13
|choice|move superpower|move earthquake
|
|move|p1a: Generock|Superpower|p2a: Slaking
|-supereffective|p2a: Slaking
|-damage|p2a: Slaking|0 fnt
|-unboost|p1a: Generock|atk|1
|-unboost|p1a: Generock|def|1
|faint|p2a: Slaking
|
|upkeep
|choice||switch 5
|
|switch|p2a: Haunter|Haunter, M|231\/231
|turn|14
|choice|switch 2|move willowisp
|
|switch|p1a: ElectricFish|Lanturn, M|426\/426
|move|p2a: Haunter|Will-O-Wisp|p1a: ElectricFish
|-status|p1a: ElectricFish|brn
|
|-damage|p1a: ElectricFish|373\/426 brn|[from] brn
|upkeep
|turn|15
|choice|move scald|move hex
|
|move|p2a: Haunter|Hex|p1a: ElectricFish
|-damage|p1a: ElectricFish|112\/426 brn
|move|p1a: ElectricFish|Scald|p2a: Haunter
|-crit|p2a: Haunter
|-enditem|p2a: Haunter|Focus Sash
|-damage|p2a: Haunter|1\/231
|
|-damage|p1a: ElectricFish|59\/426 brn|[from] brn
|upkeep
|turn|16
|choice|move scald|move sludgewave
|
|move|p2a: Haunter|Sludge Wave|p1a: ElectricFish
|-damage|p1a: ElectricFish|0 fnt
|faint|p1a: ElectricFish
|
|upkeep
|choice|switch 2|
|
|switch|p1a: Generock|Kabutops, M|261\/261
|turn|17
|choice|move xscissor|move destinybond
|
|move|p1a: Generock|X-Scissor|p2a: Haunter
|-resisted|p2a: Haunter
|-damage|p2a: Haunter|0 fnt
|faint|p2a: Haunter
|
|upkeep
|choice||switch 2
|
|switch|p2a: Shiftry|Shiftry, F|289\/321
|turn|18
|choice|move xscissor|move suckerpunch
|
|move|p2a: Shiftry|Sucker Punch|p1a: Generock
|-damage|p1a: Generock|112\/261
|-damage|p2a: Shiftry|257\/321|[from] item: Life Orb
|move|p1a: Generock|X-Scissor|p2a: Shiftry
|-supereffective|p2a: Shiftry
|-damage|p2a: Shiftry|0 fnt
|faint|p2a: Shiftry
|
|win|Shoutter♫
|player|p1
|player|p2
|l|CraneHermit
|raw|Shoutter♫'s rating: 1230 &rarr; <strong>1254<\/strong><br \/>(+24 for winning)
|raw|CraneHermit's rating: 1221 &rarr; <strong>1197<\/strong><br \/>(-24 for losing)</script>
</div>
<div class="battle-log battle-log-inline"><div class="inner"><div class="battle-options"></div><div class="inner"><div class="chat"><small>Shoutter♫ joined.</small></div><div class="chat"><small>CraneHermit joined.</small></div><div class=""><small>Format:</small> <br><strong>NU</strong></div><div class="rated"><strong>Rated battle</strong></div><div class=""><small><em>Sleep Clause Mod:</em> Limit one foe put to sleep</small></div><div class=""><small><em>Species Clause:</em> Limit one of each Pokémon</small></div><div class=""><small><em>OHKO Clause:</em> OHKO moves are banned</small></div><div class=""><small><em>Moody Clause:</em> Moody is banned</small></div><div class=""><small><em>Evasion Moves Clause:</em> Evasion moves are banned</small></div><div class=""><small><em>Endless Battle Clause:</em> Forcing endless battles is banned</small></div><div class=""><small><em>HP Percentage Mod:</em> HP is shown in percentages</small></div><div class=""><small><em>Swagger Clause:</em> Swagger is banned</small></div><div class=""><small><em>Baton Pass Clause:</em> Limit one Baton Passer, can't pass Spe and other stats simultaneously</small></div><div class="chat battle-history"><strong>Shoutter♫'s team:</strong> <em style="color:#445566;display:block;">Lilligant / Xatu / Scyther / Aggron / Kabutops / Lanturn</em></div><div class="chat battle-history"><strong>CraneHermit's team:</strong> <em style="color:#445566;display:block;">Pikachu / Poliwrath / Shiftry / Slaking / Haunter / Illumise</em></div><div class="spacer battle-history"><br></div><div class="battle-history">Battle started between Shoutter♫ and CraneHermit!<br></div><div class="spacer battle-history"><br></div><div class="battle-history">Go! HyperBug (<strong>Scyther</strong>)!<br></div><div class="spacer battle-history"><br></div><div class="battle-history">CraneHermit sent out <strong>Pikachu</strong>!<br></div><div class="spacer battle-history"><br></div><h2 class="battle-history">Turn 1</h2><div class="spacer battle-history"><br></div><div class="battle-history">HyperBug, come back!<br></div><div class="battle-history">Go! ElectricFish (<strong>Lanturn</strong>)!<br></div><div class="spacer battle-history"><br></div><div class="battle-history">The opposing Pikachu used <strong>Volt Switch</strong>!<br></div><div class="battle-history"><small>[ElectricFish's Volt Absorb]</small><br><small>It doesn't affect ElectricFish...</small><br></div><div class="spacer battle-history"><br></div><h2 class="battle-history">Turn 2</h2><div class="spacer battle-history"><br></div><div class="battle-history">The opposing Pikachu went back to CraneHermit!<br></div><div class="battle-history">CraneHermit sent out <strong>Illumise</strong>!<br></div><div class="spacer battle-history"><br></div><div class="battle-history">ElectricFish used <strong>Volt Switch</strong>!<br></div><div class="battle-history"><small>(The opposing Illumise lost <abbr title="−84/333">25.2%</abbr> of its health!)</small><br></div><div class="spacer battle-history"><br></div><div class="battle-history">ElectricFish went back to Shoutter♫!<br></div><div class="battle-history">Go! Nazca (<strong>Xatu</strong>)!<br></div><div class="spacer battle-history"><br></div><div class="battle-history"><small>The opposing Illumise restored a little HP using its Leftovers!</small><br></div><div class="spacer battle-history"><br></div><h2 class="battle-history">Turn 3</h2><div class="spacer battle-history"><br></div><div class="battle-history">Nazca used <strong>Air Slash</strong>!<br></div><div class="battle-history"><small>It's super effective!</small><br></div><div class="battle-history"><small>(The opposing Illumise lost <abbr title="−269/333">80.8%</abbr> of its health!)</small><br></div><div class="spacer battle-history"><br></div><div class="battle-history">The opposing Illumise fainted!<br></div><div class="spacer battle-history"><br></div><div class="battle-history">CraneHermit sent out <strong>Shiftry</strong>!<br></div><div class="spacer battle-history"><br></div><h2 class="battle-history">Turn 4</h2><div class="spacer battle-history"><br></div><div class="battle-history">The opposing Shiftry used <strong>Sucker Punch</strong>!<br></div><div class="battle-history"><small>It's super effective!</small><br></div><div class="battle-history"><small>(Nazca lost <abbr title="−334/334">100%</abbr> of its health!)</small><br></div><div class="battle-history"><small>The opposing Shiftry lost some of its HP!</small><br></div><div class="spacer battle-history"><br></div><div class="battle-history">Nazca fainted!<br></div><div class="spacer battle-history"><br></div><div class="battle-history">Go! HyperBug (<strong>Scyther</strong>)!<br></div><div class="spacer battle-history"><br></div><h2 class="battle-history">Turn 5</h2><div class="spacer battle-history"><br></div><div class="battle-history">CraneHermit withdrew Shiftry!<br></div><div class="battle-history">CraneHermit sent out <strong>Poliwrath</strong>!<br></div><div class="spacer battle-history"><br></div><div class="battle-history">HyperBug used <strong>U-turn</strong>!<br></div><div class="battle-history"><small>It's not very effective...</small><br></div><div class="battle-history"><small>(The opposing Poliwrath lost <abbr title="−40/384">10.4%</abbr> of its health!)</small><br></div><div class="spacer battle-history"><br></div><div class="battle-history">HyperBug went back to Shoutter♫!<br></div><div class="battle-history">Go! Lillie the last (<strong>Lilligant</strong>)!<br></div><div class="spacer battle-history"><br></div><div class="battle-history"><small>The opposing Poliwrath restored a little HP using its Leftovers!</small><br></div><div class="spacer battle-history"><br></div><h2 class="battle-history">Turn 6</h2><div class="spacer battle-history"><br></div><div class="battle-history">Lillie the last used <strong>Sleep Powder</strong>!<br></div><div class="battle-history"><small>The opposing Poliwrath fell asleep!</small><br></div><div class="spacer battle-history"><br></div><div class="battle-history">The opposing Poliwrath is fast asleep.<br></div><div class="spacer battle-history"><br></div><div class="battle-history"><small>The opposing Poliwrath restored a little HP using its Leftovers!</small><br></div><div class="spacer battle-history"><br></div><h2 class="battle-history">Turn 7</h2><div class="spacer battle-history"><br></div><div class="battle-history">Lillie the last used <strong>Quiver Dance</strong>!<br></div><div class="battle-history"><small>Lillie the last's Special Attack rose!</small><br></div><div class="battle-history"><small>Lillie the last's Special Defense rose!</small><br></div><div class="battle-history"><small>Lillie the last's Speed rose!</small><br></div><div class="spacer battle-history"><br></div><div class="battle-history">The opposing Poliwrath is fast asleep.<br></div><div class="spacer battle-history"><br></div><h2 class="battle-history">Turn 8</h2><div class="spacer battle-history"><br></div><div class="battle-history">Lillie the last used <strong>Giga Drain</strong>!<br></div><div class="battle-history"><small>It's super effective!</small><br></div><div class="battle-history"><small>(The opposing Poliwrath lost <abbr title="−384/384">100%</abbr> of its health!)</small><br></div><div class="spacer battle-history"><br></div><div class="battle-history">The opposing Poliwrath fainted!<br></div><div class="spacer battle-history"><br></div><div class="battle-history">CraneHermit sent out <strong>Slaking</strong>!<br></div><div class="spacer battle-history"><br></div><h2 class="battle-history">Turn 9</h2><div class="spacer battle-history"><br></div><div class="battle-history">Lillie the last used <strong>Sleep Powder</strong>!<br></div><div class="battle-history"><small>The opposing Slaking avoided the attack!</small><br></div><div class="spacer battle-history"><br></div><div class="battle-history">The opposing Slaking used <strong>Retaliate</strong>!<br></div><div class="battle-history"><small>(Lillie the last lost <abbr title="−281/281">100%</abbr> of its health!)</small><br></div><div class="spacer battle-history"><br></div><div class="battle-history">Lillie the last fainted!<br></div><div class="spacer battle-history"><br></div><div class="battle-history">Go! HyperBug (<strong>Scyther</strong>)!<br></div><div class="spacer battle-history"><br></div><h2 class="battle-history">Turn 10</h2><div class="spacer battle-history"><br></div><div class="battle-history">CraneHermit withdrew Slaking!<br></div><div class="battle-history">CraneHermit sent out <strong>Pikachu</strong>!<br></div><div class="spacer battle-history"><br></div><div class="battle-history">HyperBug used <strong>Knock Off</strong>!<br></div><div class="battle-history"><small>(The opposing Pikachu lost <abbr title="−211/211">100%</abbr> of its health!)</small><br></div><div class="battle-history"><small>HyperBug knocked off the opposing Pikachu's Light Ball!</small><br></div><div class="spacer battle-history"><br></div><div class="battle-history">The opposing Pikachu fainted!<br></div><div class="spacer battle-history"><br></div><div class="battle-history">CraneHermit sent out <strong>Slaking</strong>!<br></div><div class="spacer battle-history"><br></div><h2 class="battle-history">Turn 11</h2><div class="spacer battle-history"><br></div><div class="battle-history">HyperBug used <strong>U-turn</strong>!<br></div><div class="battle-history"><small>(The opposing Slaking lost <abbr title="−105/441">23.8%</abbr> of its health!)</small><br></div><div class="spacer battle-history"><br></div><div class="battle-history">HyperBug went back to Shoutter♫!<br></div><div class="battle-history">Go! <strong>Aggron</strong>!<br></div><div class="spacer battle-history"><br></div><div class="battle-history">The opposing Slaking used <strong>Earthquake</strong>!<br></div><div class="battle-history"><small>It's super effective!</small><br></div><div class="battle-history"><small>(Aggron lost <abbr title="−344/344">100%</abbr> of its health!)</small><br></div><div class="spacer battle-history"><br></div><div class="battle-history">Aggron fainted!<br></div><div class="spacer battle-history"><br></div><div class="battle-history">Go! Generock (<strong>Kabutops</strong>)!<br></div><div class="spacer battle-history"><br></div><h2 class="battle-history">Turn 12</h2><div class="spacer battle-history"><br></div><div class="battle-history">Generock used <strong>Superpower</strong>!<br></div><div class="battle-history"><small>It's super effective!</small><br></div><div class="battle-history"><small>(The opposing Slaking lost <abbr title="−288/441">65.3%</abbr> of its health!)</small><br></div><div class="battle-history"><small>Generock's Attack fell!</small><br></div><div class="battle-history"><small>Generock's Defense fell!</small><br></div><div class="spacer battle-history"><br></div><div class="battle-history"><small>[The opposing Slaking's Truant]</small><br>The opposing Slaking is loafing around!<br></div><div class="spacer battle-history"><br></div><h2 class="battle-history">Turn 13</h2><div class="spacer battle-history"><br></div><div class="battle-history">Generock used <strong>Superpower</strong>!<br></div><div class="battle-history"><small>It's super effective!</small><br></div><div class="battle-history"><small>(The opposing Slaking lost <abbr title="−48/441">10.9%</abbr> of its health!)</small><br></div><div class="battle-history"><small>Generock's Attack fell!</small><br></div><div class="battle-history"><small>Generock's Defense fell!</small><br></div><div class="spacer battle-history"><br></div><div class="battle-history">The opposing Slaking fainted!<br></div><div class="spacer battle-history"><br></div><div class="battle-history">CraneHermit sent out <strong>Haunter</strong>!<br></div><div class="spacer battle-history"><br></div><h2 class="battle-history">Turn 14</h2><div class="spacer battle-history"><br></div><div class="battle-history">Generock, come back!<br></div><div class="battle-history">Go! ElectricFish (<strong>Lanturn</strong>)!<br></div><div class="spacer battle-history"><br></div><div class="battle-history">The opposing Haunter used <strong>Will-O-Wisp</strong>!<br></div><div class="battle-history"><small>ElectricFish was burned!</small><br></div><div class="spacer battle-history"><br></div><div class="battle-history"><small>ElectricFish was hurt by its burn!</small><br></div><div class="spacer battle-history"><br></div><h2 class="battle-history">Turn 15</h2><div class="spacer battle-history"><br></div><div class="battle-history">The opposing Haunter used <strong>Hex</strong>!<br></div><div class="battle-history"><small>(ElectricFish lost <abbr title="−261/426">61.3%</abbr> of its health!)</small><br></div><div class="spacer battle-history"><br></div><div class="battle-history">ElectricFish used <strong>Scald</strong>!<br></div><div class="battle-history"><small>A critical hit!</small><br></div><div class="battle-history"><small>The opposing Haunter hung on using its Focus Sash!</small><br></div><div class="battle-history"><small>(The opposing Haunter lost <abbr title="−230/231">99.6%</abbr> of its health!)</small><br></div><div class="spacer battle-history"><br></div><div class="battle-history"><small>ElectricFish was hurt by its burn!</small><br></div><div class="spacer battle-history"><br></div><h2 class="battle-history">Turn 16</h2><div class="spacer battle-history"><br></div><div class="battle-history">The opposing Haunter used <strong>Sludge Wave</strong>!<br></div><div class="battle-history"><small>(ElectricFish lost <abbr title="−59/426">13.8%</abbr> of its health!)</small><br></div><div class="spacer battle-history"><br></div><div class="battle-history">ElectricFish fainted!<br></div><div class="spacer battle-history"><br></div><div class="battle-history">Go! Generock (<strong>Kabutops</strong>)!<br></div><div class="spacer battle-history"><br></div><h2 class="battle-history">Turn 17</h2><div class="spacer battle-history"><br></div><div class="battle-history">Generock used <strong>X-Scissor</strong>!<br></div><div class="battle-history"><small>It's not very effective...</small><br></div><div class="battle-history"><small>(The opposing Haunter lost <abbr title="−1/231">0.4%</abbr> of its health!)</small><br></div><div class="spacer battle-history"><br></div><div class="battle-history">The opposing Haunter fainted!<br></div><div class="spacer battle-history"><br></div><div class="battle-history">CraneHermit sent out <strong>Shiftry</strong>!<br></div><div class="spacer battle-history"><br></div><h2 class="battle-history">Turn 18</h2><div class="spacer battle-history"><br></div><div class="battle-history">The opposing Shiftry used <strong>Sucker Punch</strong>!<br></div><div class="battle-history"><small>(Generock lost <abbr title="−149/261">57.1%</abbr> of its health!)</small><br></div><div class="battle-history"><small>The opposing Shiftry lost some of its HP!</small><br></div><div class="spacer battle-history"><br></div><div class="battle-history">Generock used <strong>X-Scissor</strong>!<br></div><div class="battle-history"><small>It's super effective!</small><br></div><div class="battle-history"><small>(The opposing Shiftry lost <abbr title="−257/321">80.1%</abbr> of its health!)</small><br></div><div class="spacer battle-history"><br></div><div class="battle-history">The opposing Shiftry fainted!<br></div><div class="spacer battle-history"><br></div><div class="battle-history"><strong>Shoutter♫</strong> won the battle!<br></div><div class="chat"><small>CraneHermit left.</small></div><div class="chat">Shoutter♫'s rating: 1230 → <strong>1254</strong><br>(+24 for winning)</div><div class="chat">CraneHermit's rating: 1221 → <strong>1197</strong><br>(-24 for losing)</div></div><div class="inner-preempt"></div></div></div>
</div>
<script>
let daily = Math.floor(Date.now()/1000/60/60/24);document.write('<script src="https://play.pokemonshowdown.com/js/replay-embed.js?version'+daily+'"></'+'script>');
</script>
