<!DOCTYPE html>
<meta charset="utf-8" />
<!-- version 1 -->
<title>NU replay: Lynks vs. Kajitsu</title>
<style>
html,body {font-family:Verdana, sans-serif;font-size:10pt;margin:0;padding:0;}body{padding:12px 0;} .battle-log {font-family:Verdana, sans-serif;font-size:10pt;} .battle-log-inline {border:1px solid #AAAAAA;background:#EEF2F5;color:black;max-width:640px;margin:0 auto 80px;padding-bottom:5px;} .battle-log .inner {padding:4px 8px 0px 8px;} .battle-log .inner-preempt {padding:0 8px 4px 8px;} .battle-log .inner-after {margin-top:0.5em;} .battle-log h2 {margin:0.5em -8px;padding:4px 8px;border:1px solid #AAAAAA;background:#E0E7EA;border-left:0;border-right:0;font-family:Verdana, sans-serif;font-size:13pt;} .battle-log .chat {vertical-align:middle;padding:3px 0 3px 0;font-size:8pt;} .battle-log .chat strong {color:#40576A;} .battle-log .chat em {padding:1px 4px 1px 3px;color:#000000;font-style:normal;} .chat.mine {background:rgba(0,0,0,0.05);margin-left:-8px;margin-right:-8px;padding-left:8px;padding-right:8px;} .spoiler {color:#BBBBBB;background:#BBBBBB;padding:0px 3px;} .spoiler:hover, .spoiler:active, .spoiler-shown {color:#000000;background:#E2E2E2;padding:0px 3px;} .spoiler a {color:#BBBBBB;} .spoiler:hover a, .spoiler:active a, .spoiler-shown a {color:#2288CC;} .chat code, .chat .spoiler:hover code, .chat .spoiler:active code, .chat .spoiler-shown code {border:1px solid #C0C0C0;background:#EEEEEE;color:black;padding:0 2px;} .chat .spoiler code {border:1px solid #CCCCCC;background:#CCCCCC;color:#CCCCCC;} .battle-log .rated {padding:3px 4px;} .battle-log .rated strong {color:white;background:#89A;padding:1px 4px;border-radius:4px;} .spacer {margin-top:0.5em;} .message-announce {background:#6688AA;color:white;padding:1px 4px 2px;} .message-announce a, .broadcast-green a, .broadcast-blue a, .broadcast-red a {color:#DDEEFF;} .broadcast-green {background-color:#559955;color:white;padding:2px 4px;} .broadcast-blue {background-color:#6688AA;color:white;padding:2px 4px;} .infobox {border:1px solid #6688AA;padding:2px 4px;} .infobox-limited {max-height:200px;overflow:auto;overflow-x:hidden;} .broadcast-red {background-color:#AA5544;color:white;padding:2px 4px;} .message-learn-canlearn {font-weight:bold;color:#228822;text-decoration:underline;} .message-learn-cannotlearn {font-weight:bold;color:#CC2222;text-decoration:underline;} .message-effect-weak {font-weight:bold;color:#CC2222;} .message-effect-resist {font-weight:bold;color:#6688AA;} .message-effect-immune {font-weight:bold;color:#666666;} .message-learn-list {margin-top:0;margin-bottom:0;} .message-throttle-notice, .message-error {color:#992222;} .message-overflow, .chat small.message-overflow {font-size:0pt;} .message-overflow::before {font-size:9pt;content:'...';} .subtle {color:#3A4A66;}
</style>
<div class="wrapper replay-wrapper" style="max-width:1180px;margin:0 auto">
<input type="hidden" name="replayid" value="pokestrat-nu-1395" />
<div class="battle"></div><div class="battle-log"></div><div class="replay-controls"></div><div class="replay-controls-2"></div>
<h1 style="font-weight:normal;text-align:center"><strong>NU</strong><br /><a href="http://pokemonshowdown.com/users/lynks" class="subtle" target="_blank">Lynks</a> vs. <a href="http://pokemonshowdown.com/users/kajitsu" class="subtle" target="_blank">Kajitsu</a></h1>
<script type="text/plain" class="battle-log-data">|j|Lynks
|j|Kajitsu
|player|p1|Lynks|144
|player|p2|Kajitsu|34
|gametype|singles
|gen|6
|tier|NU
|seed|60837,17361,50052,6077
|rule|Sleep Clause Mod: Limit one foe put to sleep
|rule|Species Clause: Limit one of each Pokémon
|rule|OHKO Clause: OHKO moves are banned
|rule|Moody Clause: Moody is banned
|rule|Evasion Moves Clause: Evasion moves are banned
|rule|Endless Battle Clause: Forcing endless battles is banned
|rule|HP Percentage Mod: HP is shown in percentages
|clearpoke
|poke|p1|Rotom|item
|poke|p1|Lanturn, M|item
|poke|p1|Scyther, F|item
|poke|p1|Magmortar, M|item
|poke|p1|Garbodor, F|item
|poke|p1|Claydol|item
|poke|p2|Archeops, M|
|poke|p2|Piloswine, F|item
|poke|p2|Ferroseed, F|item
|poke|p2|Skuntank, F|item
|poke|p2|Hitmonchan, M|item
|poke|p2|Mismagius, F|item
|rule|Swagger Clause: Swagger is banned
|rule|Baton Pass Clause: Limit one Baton Passer, can't pass Spe and other stats simultaneously
|teampreview
|j|CharizardX56
|c|☆Lynks|hf
|c|☆Kajitsu|hf
|j|Maxance
|c| CharizardX56|gl a vous deux
|j|Aegi tout court
|c|☆Lynks|pk jai aps de switch in a cohignon
|c|☆Lynks|cochignon*
|c|☆Kajitsu|pck c trop fort cochignon
|c|☆Lynks|Lovely Togekiss aurait crié au ct Kajitsu
|c|☆Lynks|pas gg
|c| Maxance|I hate NU
|l|Maxance
|choice|team 5, team 2, team 3, team 4, team 1, team 6|team 1, team 2, team 3, team 4, team 5, team 6
|
|start
|switch|p1a: Garbodor|Garbodor, F|364\/364
|switch|p2a: Archeops|Archeops, M|291\/291
|turn|1
|choice|move seedbomb|move earthpower
|
|move|p2a: Archeops|Earth Power|p1a: Garbodor
|-supereffective|p1a: Garbodor
|-damage|p1a: Garbodor|172\/364
|move|p1a: Garbodor|Seed Bomb|p2a: Archeops
|-damage|p2a: Archeops|194\/291
|
|upkeep
|turn|2
|c| CharizardX56|il faut bien des tiers bas non maxance ?
|c|☆Lynks|;_;
|choice|switch 6|move acrobatics
|
|switch|p1a: Claydol|Claydol|324\/324
|move|p2a: Archeops|Acrobatics|p1a: Claydol
|-damage|p1a: Claydol|141\/324
|
|upkeep
|turn|3
|c|☆Lynks|mais putain
|c|☆Lynks|ce truc sale
|c|☆Lynks|tu m'as ct pour vari kajitsu
|c|☆Lynks|--'
|c|☆Kajitsu|j'adore ce archeops
|c| CharizardX56|il est bon archeops
|choice|move psyshock|move acrobatics
|
|move|p2a: Archeops|Acrobatics|p1a: Claydol
|-damage|p1a: Claydol|0 fnt
|faint|p1a: Claydol
|
|upkeep
|choice|switch 5|
|
|switch|p1a: Rotom|Rotom|241\/241
|turn|4
|c| CharizardX56|son talent gache tout
|choice|move shadowball|switch 2
|
|switch|p2a: Piloswine|Piloswine, F|391\/391
|move|p1a: Rotom|Shadow Ball|p2a: Piloswine
|-damage|p2a: Piloswine|265\/391
|
|upkeep
|turn|5
|l|Aegi tout court
|choice|switch 6|move stealthrock
|
|switch|p1a: Garbodor|Garbodor, F|172\/364
|move|p2a: Piloswine|Stealth Rock|p1a: Garbodor
|-sidestart|p1: Lynks|move: Stealth Rock
|
|upkeep
|turn|6
|c|☆Lynks|ma game en 100
|choice|move seedbomb|move earthquake
|
|move|p1a: Garbodor|Seed Bomb|p2a: Piloswine
|-supereffective|p2a: Piloswine
|-damage|p2a: Piloswine|163\/391
|move|p2a: Piloswine|Earthquake|p1a: Garbodor
|-supereffective|p1a: Garbodor
|-damage|p1a: Garbodor|0 fnt
|faint|p1a: Garbodor
|
|upkeep
|choice|switch 4|
|
|switch|p1a: Magmortar|Magmortar, M|291\/291
|-damage|p1a: Magmortar|219\/291|[from] Stealth Rock
|turn|7
|c|☆Kajitsu|g oublié un fire check p-e
|c|☆Kajitsu|:|
|c|☆Lynks|cochignon
|c|☆Lynks|archeops
|choice|move fireblast|switch 3
|
|switch|p2a: Ferroseed|Ferroseed, F|291\/291
|move|p1a: Magmortar|Fire Blast|p2a: Ferroseed|[miss]
|-miss|p1a: Magmortar|p2a: Ferroseed
|
|upkeep
|turn|8
|c|☆Lynks|kek
|choice|move fireblast|move spikes
|
|move|p1a: Magmortar|Fire Blast|p2a: Ferroseed|[miss]
|-miss|p1a: Magmortar|p2a: Ferroseed
|move|p2a: Ferroseed|Spikes|p1a: Magmortar
|-sidestart|p1: Lynks|Spikes
|
|upkeep
|turn|9
|c|☆Lynks|mais non
|c|☆Kajitsu|D:
|c|☆Lynks|ok je rage quit
|c|☆Lynks|jvais lose sur ce spike
|c|☆Lynks|je le sens
|choice|move fireblast|move spikes
|
|move|p1a: Magmortar|Fire Blast|p2a: Ferroseed
|-supereffective|p2a: Ferroseed
|-damage|p2a: Ferroseed|0 fnt
|faint|p2a: Ferroseed
|
|upkeep
|choice||switch 2
|
|switch|p2a: Archeops|Archeops, M|194\/291
|turn|10
|choice|switch 3|move acrobatics
|
|switch|p1a: Scyther|Scyther, F|343\/343
|-damage|p1a: Scyther|172\/343|[from] Stealth Rock
|move|p2a: Archeops|Acrobatics|p1a: Scyther
|-supereffective|p1a: Scyther
|-damage|p1a: Scyther|0 fnt
|faint|p1a: Scyther
|
|upkeep
|choice|switch 2|
|
|switch|p1a: Lanturn|Lanturn, M|391\/391
|-damage|p1a: Lanturn|343\/391|[from] Spikes
|-damage|p1a: Lanturn|295\/391|[from] Stealth Rock
|turn|11
|c|☆Lynks|ce 12%
|c|☆Lynks|tss
|choice|move hydropump|switch 6
|
|switch|p2a: Mismagius|Mismagius, F|324\/324
|move|p1a: Lanturn|Hydro Pump|p2a: Mismagius
|-damage|p2a: Mismagius|180\/324
|
|upkeep
|turn|12
|c|☆Lynks|bon bah y
|c|☆Lynks|jai lose
|c|☆Kajitsu|ye ton match up était horrible
|c|☆Lynks|le struggle a archeops est trop intense
|c|☆Lynks|couplé a cochignon
|choice|move hydropump|move hex
|
|move|p2a: Mismagius|Hex|p1a: Lanturn
|-damage|p1a: Lanturn|234\/391
|move|p1a: Lanturn|Hydro Pump|p2a: Mismagius
|-damage|p2a: Mismagius|45\/324
|
|upkeep
|turn|13
|c|☆Kajitsu|et encore à la base j'avais lum foresight hitmonchan
|c|☆Kajitsu|g changé ça pour pas que ça passe pour un ct heh
|choice|move hydropump|move painsplit
|
|move|p2a: Mismagius|Pain Split|p1a: Lanturn
|-sethp|p1a: Lanturn|139\/391|p2a: Mismagius|139\/324|[from] move: Pain Split
|move|p1a: Lanturn|Hydro Pump|p2a: Mismagius
|-damage|p2a: Mismagius|0 fnt
|faint|p2a: Mismagius
|
|upkeep
|c|☆Lynks|-_-
|choice||switch 5
|
|switch|p2a: Hitmonchan|Hitmonchan, M|273\/273
|turn|14
|choice|switch 6|move drainpunch
|
|switch|p1a: Rotom|Rotom|241\/241
|-damage|p1a: Rotom|211\/241|[from] Stealth Rock
|move|p2a: Hitmonchan|Drain Punch|p1a: Rotom
|-immune|p1a: Rotom|[msg]
|
|upkeep
|turn|15
|choice|switch 3|switch 3
|
|switch|p1a: Magmortar|Magmortar, M|219\/291
|-damage|p1a: Magmortar|183\/291|[from] Spikes
|-damage|p1a: Magmortar|111\/291|[from] Stealth Rock
|switch|p2a: Piloswine|Piloswine, F|163\/391
|
|upkeep
|turn|16
|choice|move fireblast|move earthquake
|
|move|p1a: Magmortar|Fire Blast|p2a: Piloswine|[miss]
|-miss|p1a: Magmortar|p2a: Piloswine
|move|p2a: Piloswine|Earthquake|p1a: Magmortar
|-supereffective|p1a: Magmortar
|-damage|p1a: Magmortar|0 fnt
|faint|p1a: Magmortar
|
|upkeep
|j|Maxance
|c|☆Lynks|hum hum
|c|☆Lynks|j'me barre j'en ai assez vu
|-message|Lynks forfeited.
|
|win|Kajitsu
|player|p1
|player|p2
|l|Lynks</script>
</div>
<div class="battle-log battle-log-inline"><div class="inner"><div class="battle-options"></div><div class="inner"><div class="chat"><small>Lynks joined.</small></div><div class="chat"><small>Kajitsu joined.</small></div><div class=""><small>Format:</small> <br><strong>NU</strong></div><div class=""><small><em>Sleep Clause Mod:</em> Limit one foe put to sleep</small></div><div class=""><small><em>Species Clause:</em> Limit one of each Pokémon</small></div><div class=""><small><em>OHKO Clause:</em> OHKO moves are banned</small></div><div class=""><small><em>Moody Clause:</em> Moody is banned</small></div><div class=""><small><em>Evasion Moves Clause:</em> Evasion moves are banned</small></div><div class=""><small><em>Endless Battle Clause:</em> Forcing endless battles is banned</small></div><div class=""><small><em>HP Percentage Mod:</em> HP is shown in percentages</small></div><div class=""><small><em>Swagger Clause:</em> Swagger is banned</small></div><div class=""><small><em>Baton Pass Clause:</em> Limit one Baton Passer, can't pass Spe and other stats simultaneously</small></div><div class="chat battle-history"><strong>Lynks's team:</strong> <em style="color:#445566;display:block;">Rotom / Lanturn / Scyther / Magmortar / Garbodor / Claydol</em></div><div class="chat battle-history"><strong>Kajitsu's team:</strong> <em style="color:#445566;display:block;">Archeops / Piloswine / Ferroseed / Skuntank / Hitmonchan / Mismagius</em></div><div class="chat"><small>CharizardX56 joined.</small></div><div class="chat chatmessage-lynks"><strong style="color:hsl(298,42%,49%)"><small>☆</small><span class="username" data-name="Lynks">Lynks</span>:</strong> <em>hf</em></div><div class="chat chatmessage-kajitsu"><strong style="color:hsl(300,62%,45.575076351116806%)"><small>☆</small><span class="username" data-name="Kajitsu">Kajitsu</span>:</strong> <em>hf</em></div><div class="chat"><small>Maxance joined.</small></div><div class="chat chatmessage-charizardx56"><strong style="color:hsl(275,82%,52.849043564923214%)"><small> </small><span class="username" data-name="CharizardX56">CharizardX56</span>:</strong> <em>gl a vous deux</em></div><div class="chat"><small>Aegi tout court joined.</small></div><div class="chat chatmessage-lynks"><strong style="color:hsl(298,42%,49%)"><small>☆</small><span class="username" data-name="Lynks">Lynks</span>:</strong> <em>pk jai aps de switch in a cohignon</em></div><div class="chat chatmessage-lynks"><strong style="color:hsl(298,42%,49%)"><small>☆</small><span class="username" data-name="Lynks">Lynks</span>:</strong> <em>cochignon*</em></div><div class="chat chatmessage-kajitsu"><strong style="color:hsl(300,62%,45.575076351116806%)"><small>☆</small><span class="username" data-name="Kajitsu">Kajitsu</span>:</strong> <em>pck c trop fort cochignon</em></div><div class="chat chatmessage-lynks"><strong style="color:hsl(298,42%,49%)"><small>☆</small><span class="username" data-name="Lynks">Lynks</span>:</strong> <em>Lovely Togekiss aurait crié au ct Kajitsu</em></div><div class="chat chatmessage-lynks"><strong style="color:hsl(298,42%,49%)"><small>☆</small><span class="username" data-name="Lynks">Lynks</span>:</strong> <em>pas gg</em></div><div class="chat chatmessage-maxance"><strong style="color:hsl(19,72%,42%)"><small> </small><span class="username" data-name="Maxance">Maxance</span>:</strong> <em>I hate NU</em></div><div class="chat"><small>Maxance left.</small></div><div class="spacer battle-history"><br></div><div class="battle-history">Battle started between Lynks and Kajitsu!<br></div><div class="spacer battle-history"><br></div><div class="battle-history">Go! <strong>Garbodor</strong>!<br></div><div class="spacer battle-history"><br></div><div class="battle-history">Kajitsu sent out <strong>Archeops</strong>!<br></div><div class="spacer battle-history"><br></div><h2 class="battle-history">Turn 1</h2><div class="spacer battle-history"><br></div><div class="battle-history">The opposing Archeops used <strong>Earth Power</strong>!<br></div><div class="battle-history"><small>It's super effective!</small><br></div><div class="battle-history"><small>(Garbodor lost <abbr title="−192/364">52.7%</abbr> of its health!)</small><br></div><div class="spacer battle-history"><br></div><div class="battle-history">Garbodor used <strong>Seed Bomb</strong>!<br></div><div class="battle-history"><small>(The opposing Archeops lost <abbr title="−97/291">33.3%</abbr> of its health!)</small><br></div><div class="spacer battle-history"><br></div><h2 class="battle-history">Turn 2</h2><div class="chat chatmessage-charizardx56"><strong style="color:hsl(275,82%,52.849043564923214%)"><small> </small><span class="username" data-name="CharizardX56">CharizardX56</span>:</strong> <em>il faut bien des tiers bas non maxance ?</em></div><div class="chat chatmessage-lynks"><strong style="color:hsl(298,42%,49%)"><small>☆</small><span class="username" data-name="Lynks">Lynks</span>:</strong> <em>;_;</em></div><div class="spacer battle-history"><br></div><div class="battle-history">Garbodor, come back!<br></div><div class="battle-history">Go! <strong>Claydol</strong>!<br></div><div class="spacer battle-history"><br></div><div class="battle-history">The opposing Archeops used <strong>Acrobatics</strong>!<br></div><div class="battle-history"><small>(Claydol lost <abbr title="−183/324">56.5%</abbr> of its health!)</small><br></div><div class="spacer battle-history"><br></div><h2 class="battle-history">Turn 3</h2><div class="chat chatmessage-lynks"><strong style="color:hsl(298,42%,49%)"><small>☆</small><span class="username" data-name="Lynks">Lynks</span>:</strong> <em>mais putain</em></div><div class="chat chatmessage-lynks"><strong style="color:hsl(298,42%,49%)"><small>☆</small><span class="username" data-name="Lynks">Lynks</span>:</strong> <em>ce truc sale</em></div><div class="chat chatmessage-lynks"><strong style="color:hsl(298,42%,49%)"><small>☆</small><span class="username" data-name="Lynks">Lynks</span>:</strong> <em>tu m'as ct pour vari kajitsu</em></div><div class="chat chatmessage-lynks"><strong style="color:hsl(298,42%,49%)"><small>☆</small><span class="username" data-name="Lynks">Lynks</span>:</strong> <em>--'</em></div><div class="chat chatmessage-kajitsu"><strong style="color:hsl(300,62%,45.575076351116806%)"><small>☆</small><span class="username" data-name="Kajitsu">Kajitsu</span>:</strong> <em>j'adore ce archeops</em></div><div class="chat chatmessage-charizardx56"><strong style="color:hsl(275,82%,52.849043564923214%)"><small> </small><span class="username" data-name="CharizardX56">CharizardX56</span>:</strong> <em>il est bon archeops</em></div><div class="spacer battle-history"><br></div><div class="battle-history">The opposing Archeops used <strong>Acrobatics</strong>!<br></div><div class="battle-history"><small>(Claydol lost <abbr title="−141/324">43.5%</abbr> of its health!)</small><br></div><div class="spacer battle-history"><br></div><div class="battle-history">Claydol fainted!<br></div><div class="spacer battle-history"><br></div><div class="battle-history">Go! <strong>Rotom</strong>!<br></div><div class="spacer battle-history"><br></div><h2 class="battle-history">Turn 4</h2><div class="chat chatmessage-charizardx56"><strong style="color:hsl(275,82%,52.849043564923214%)"><small> </small><span class="username" data-name="CharizardX56">CharizardX56</span>:</strong> <em>son talent gache tout</em></div><div class="spacer battle-history"><br></div><div class="battle-history">Kajitsu withdrew Archeops!<br></div><div class="battle-history">Kajitsu sent out <strong>Piloswine</strong>!<br></div><div class="spacer battle-history"><br></div><div class="battle-history">Rotom used <strong>Shadow Ball</strong>!<br></div><div class="battle-history"><small>(The opposing Piloswine lost <abbr title="−126/391">32.2%</abbr> of its health!)</small><br></div><div class="spacer battle-history"><br></div><h2 class="battle-history">Turn 5</h2><div class="chat"><small>Aegi tout court left.</small></div><div class="spacer battle-history"><br></div><div class="battle-history">Rotom, come back!<br></div><div class="battle-history">Go! <strong>Garbodor</strong>!<br></div><div class="spacer battle-history"><br></div><div class="battle-history">The opposing Piloswine used <strong>Stealth Rock</strong>!<br></div><div class="battle-history"><small>Pointed stones float in the air around your team!</small><br></div><div class="spacer battle-history"><br></div><h2 class="battle-history">Turn 6</h2><div class="chat chatmessage-lynks"><strong style="color:hsl(298,42%,49%)"><small>☆</small><span class="username" data-name="Lynks">Lynks</span>:</strong> <em>ma game en 100</em></div><div class="spacer battle-history"><br></div><div class="battle-history">Garbodor used <strong>Seed Bomb</strong>!<br></div><div class="battle-history"><small>It's super effective!</small><br></div><div class="battle-history"><small>(The opposing Piloswine lost <abbr title="−102/391">26.1%</abbr> of its health!)</small><br></div><div class="spacer battle-history"><br></div><div class="battle-history">The opposing Piloswine used <strong>Earthquake</strong>!<br></div><div class="battle-history"><small>It's super effective!</small><br></div><div class="battle-history"><small>(Garbodor lost <abbr title="−172/364">47.3%</abbr> of its health!)</small><br></div><div class="spacer battle-history"><br></div><div class="battle-history">Garbodor fainted!<br></div><div class="spacer battle-history"><br></div><div class="battle-history">Go! <strong>Magmortar</strong>!<br></div><div class="battle-history"><small>Pointed stones dug into Magmortar!</small><br></div><div class="spacer battle-history"><br></div><h2 class="battle-history">Turn 7</h2><div class="chat chatmessage-kajitsu"><strong style="color:hsl(300,62%,45.575076351116806%)"><small>☆</small><span class="username" data-name="Kajitsu">Kajitsu</span>:</strong> <em>g oublié un fire check p-e</em></div><div class="chat chatmessage-kajitsu"><strong style="color:hsl(300,62%,45.575076351116806%)"><small>☆</small><span class="username" data-name="Kajitsu">Kajitsu</span>:</strong> <em>:|</em></div><div class="chat chatmessage-lynks"><strong style="color:hsl(298,42%,49%)"><small>☆</small><span class="username" data-name="Lynks">Lynks</span>:</strong> <em>cochignon</em></div><div class="chat chatmessage-lynks"><strong style="color:hsl(298,42%,49%)"><small>☆</small><span class="username" data-name="Lynks">Lynks</span>:</strong> <em>archeops</em></div><div class="spacer battle-history"><br></div><div class="battle-history">Kajitsu withdrew Piloswine!<br></div><div class="battle-history">Kajitsu sent out <strong>Ferroseed</strong>!<br></div><div class="spacer battle-history"><br></div><div class="battle-history">Magmortar used <strong>Fire Blast</strong>!<br></div><div class="battle-history"><small>The opposing Ferroseed avoided the attack!</small><br></div><div class="spacer battle-history"><br></div><h2 class="battle-history">Turn 8</h2><div class="chat chatmessage-lynks"><strong style="color:hsl(298,42%,49%)"><small>☆</small><span class="username" data-name="Lynks">Lynks</span>:</strong> <em>kek</em></div><div class="spacer battle-history"><br></div><div class="battle-history">Magmortar used <strong>Fire Blast</strong>!<br></div><div class="battle-history"><small>The opposing Ferroseed avoided the attack!</small><br></div><div class="spacer battle-history"><br></div><div class="battle-history">The opposing Ferroseed used <strong>Spikes</strong>!<br></div><div class="battle-history"><small>Spikes were scattered on the ground all around your team!</small><br></div><div class="spacer battle-history"><br></div><h2 class="battle-history">Turn 9</h2><div class="chat chatmessage-lynks"><strong style="color:hsl(298,42%,49%)"><small>☆</small><span class="username" data-name="Lynks">Lynks</span>:</strong> <em>mais non</em></div><div class="chat chatmessage-kajitsu"><strong style="color:hsl(300,62%,45.575076351116806%)"><small>☆</small><span class="username" data-name="Kajitsu">Kajitsu</span>:</strong> <em>D:</em></div><div class="chat chatmessage-lynks"><strong style="color:hsl(298,42%,49%)"><small>☆</small><span class="username" data-name="Lynks">Lynks</span>:</strong> <em>ok je rage quit</em></div><div class="chat chatmessage-lynks"><strong style="color:hsl(298,42%,49%)"><small>☆</small><span class="username" data-name="Lynks">Lynks</span>:</strong> <em>jvais lose sur ce spike</em></div><div class="chat chatmessage-lynks"><strong style="color:hsl(298,42%,49%)"><small>☆</small><span class="username" data-name="Lynks">Lynks</span>:</strong> <em>je le sens</em></div><div class="spacer battle-history"><br></div><div class="battle-history">Magmortar used <strong>Fire Blast</strong>!<br></div><div class="battle-history"><small>It's super effective!</small><br></div><div class="battle-history"><small>(The opposing Ferroseed lost <abbr title="−291/291">100%</abbr> of its health!)</small><br></div><div class="spacer battle-history"><br></div><div class="battle-history">The opposing Ferroseed fainted!<br></div><div class="spacer battle-history"><br></div><div class="battle-history">Kajitsu sent out <strong>Archeops</strong>!<br></div><div class="spacer battle-history"><br></div><h2 class="battle-history">Turn 10</h2><div class="spacer battle-history"><br></div><div class="battle-history">Magmortar, come back!<br></div><div class="battle-history">Go! <strong>Scyther</strong>!<br></div><div class="battle-history"><small>Pointed stones dug into Scyther!</small><br></div><div class="spacer battle-history"><br></div><div class="battle-history">The opposing Archeops used <strong>Acrobatics</strong>!<br></div><div class="battle-history"><small>It's super effective!</small><br></div><div class="battle-history"><small>(Scyther lost <abbr title="−172/343">50.1%</abbr> of its health!)</small><br></div><div class="spacer battle-history"><br></div><div class="battle-history">Scyther fainted!<br></div><div class="spacer battle-history"><br></div><div class="battle-history">Go! <strong>Lanturn</strong>!<br></div><div class="battle-history"><small>Lanturn is hurt by the spikes!</small><br></div><div class="battle-history"><small>Pointed stones dug into Lanturn!</small><br></div><div class="spacer battle-history"><br></div><h2 class="battle-history">Turn 11</h2><div class="chat chatmessage-lynks"><strong style="color:hsl(298,42%,49%)"><small>☆</small><span class="username" data-name="Lynks">Lynks</span>:</strong> <em>ce 12%</em></div><div class="chat chatmessage-lynks"><strong style="color:hsl(298,42%,49%)"><small>☆</small><span class="username" data-name="Lynks">Lynks</span>:</strong> <em>tss</em></div><div class="spacer battle-history"><br></div><div class="battle-history">Kajitsu withdrew Archeops!<br></div><div class="battle-history">Kajitsu sent out <strong>Mismagius</strong>!<br></div><div class="spacer battle-history"><br></div><div class="battle-history">Lanturn used <strong>Hydro Pump</strong>!<br></div><div class="battle-history"><small>(The opposing Mismagius lost <abbr title="−144/324">44.4%</abbr> of its health!)</small><br></div><div class="spacer battle-history"><br></div><h2 class="battle-history">Turn 12</h2><div class="chat chatmessage-lynks"><strong style="color:hsl(298,42%,49%)"><small>☆</small><span class="username" data-name="Lynks">Lynks</span>:</strong> <em>bon bah y</em></div><div class="chat chatmessage-lynks"><strong style="color:hsl(298,42%,49%)"><small>☆</small><span class="username" data-name="Lynks">Lynks</span>:</strong> <em>jai lose</em></div><div class="chat chatmessage-kajitsu"><strong style="color:hsl(300,62%,45.575076351116806%)"><small>☆</small><span class="username" data-name="Kajitsu">Kajitsu</span>:</strong> <em>ye ton match up était horrible</em></div><div class="chat chatmessage-lynks"><strong style="color:hsl(298,42%,49%)"><small>☆</small><span class="username" data-name="Lynks">Lynks</span>:</strong> <em>le struggle a archeops est trop intense</em></div><div class="chat chatmessage-lynks"><strong style="color:hsl(298,42%,49%)"><small>☆</small><span class="username" data-name="Lynks">Lynks</span>:</strong> <em>couplé a cochignon</em></div><div class="spacer battle-history"><br></div><div class="battle-history">The opposing Mismagius used <strong>Hex</strong>!<br></div><div class="battle-history"><small>(Lanturn lost <abbr title="−61/391">15.6%</abbr> of its health!)</small><br></div><div class="spacer battle-history"><br></div><div class="battle-history">Lanturn used <strong>Hydro Pump</strong>!<br></div><div class="battle-history"><small>(The opposing Mismagius lost <abbr title="−135/324">41.7%</abbr> of its health!)</small><br></div><div class="spacer battle-history"><br></div><h2 class="battle-history">Turn 13</h2><div class="chat chatmessage-kajitsu"><strong style="color:hsl(300,62%,45.575076351116806%)"><small>☆</small><span class="username" data-name="Kajitsu">Kajitsu</span>:</strong> <em>et encore à la base j'avais lum foresight hitmonchan</em></div><div class="chat chatmessage-kajitsu"><strong style="color:hsl(300,62%,45.575076351116806%)"><small>☆</small><span class="username" data-name="Kajitsu">Kajitsu</span>:</strong> <em>g changé ça pour pas que ça passe pour un ct heh</em></div><div class="spacer battle-history"><br></div><div class="battle-history">The opposing Mismagius used <strong>Pain Split</strong>!<br></div><div class="battle-history"><small>The battlers shared their pain!</small><br></div><div class="spacer battle-history"><br></div><div class="battle-history">Lanturn used <strong>Hydro Pump</strong>!<br></div><div class="battle-history"><small>(The opposing Mismagius lost <abbr title="−139/324">42.9%</abbr> of its health!)</small><br></div><div class="spacer battle-history"><br></div><div class="battle-history">The opposing Mismagius fainted!<br></div><div class="chat chatmessage-lynks"><strong style="color:hsl(298,42%,49%)"><small>☆</small><span class="username" data-name="Lynks">Lynks</span>:</strong> <em>-_-</em></div><div class="spacer battle-history"><br></div><div class="battle-history">Kajitsu sent out <strong>Hitmonchan</strong>!<br></div><div class="spacer battle-history"><br></div><h2 class="battle-history">Turn 14</h2><div class="spacer battle-history"><br></div><div class="battle-history">Lanturn, come back!<br></div><div class="battle-history">Go! <strong>Rotom</strong>!<br></div><div class="battle-history"><small>Pointed stones dug into Rotom!</small><br></div><div class="spacer battle-history"><br></div><div class="battle-history">The opposing Hitmonchan used <strong>Drain Punch</strong>!<br></div><div class="battle-history"><small>It doesn't affect Rotom...</small><br></div><div class="spacer battle-history"><br></div><h2 class="battle-history">Turn 15</h2><div class="spacer battle-history"><br></div><div class="battle-history">Rotom, come back!<br></div><div class="battle-history">Go! <strong>Magmortar</strong>!<br></div><div class="battle-history"><small>Magmortar is hurt by the spikes!</small><br></div><div class="battle-history"><small>Pointed stones dug into Magmortar!</small><br></div><div class="spacer battle-history"><br></div><div class="battle-history">Kajitsu withdrew Hitmonchan!<br></div><div class="battle-history">Kajitsu sent out <strong>Piloswine</strong>!<br></div><div class="spacer battle-history"><br></div><h2 class="battle-history">Turn 16</h2><div class="spacer battle-history"><br></div><div class="battle-history">Magmortar used <strong>Fire Blast</strong>!<br></div><div class="battle-history"><small>The opposing Piloswine avoided the attack!</small><br></div><div class="spacer battle-history"><br></div><div class="battle-history">The opposing Piloswine used <strong>Earthquake</strong>!<br></div><div class="battle-history"><small>It's super effective!</small><br></div><div class="battle-history"><small>(Magmortar lost <abbr title="−111/291">38.1%</abbr> of its health!)</small><br></div><div class="spacer battle-history"><br></div><div class="battle-history">Magmortar fainted!<br></div><div class="chat"><small>Maxance joined.</small></div><div class="chat chatmessage-lynks"><strong style="color:hsl(298,42%,49%)"><small>☆</small><span class="username" data-name="Lynks">Lynks</span>:</strong> <em>hum hum</em></div><div class="chat chatmessage-lynks"><strong style="color:hsl(298,42%,49%)"><small>☆</small><span class="username" data-name="Lynks">Lynks</span>:</strong> <em>j'me barre j'en ai assez vu</em></div><div class="spacer battle-history"><br></div><div class="battle-history"><small>Lynks forfeited.</small><br></div><div class="spacer battle-history"><br></div><div class="battle-history"><strong>Kajitsu</strong> won the battle!<br></div><div class="chat"><small>Lynks left.</small></div></div><div class="inner-preempt"></div></div></div>
</div>
<script>
let daily = Math.floor(Date.now()/1000/60/60/24);document.write('<script src="https://play.pokemonshowdown.com/js/replay-embed.js?version'+daily+'"></'+'script>');
</script>
