<!DOCTYPE html>
<meta charset="utf-8" />
<!-- version 1 -->
<title>NU replay: Pack The Juice vs. ParnStar</title>
<style>
html,body {font-family:Verdana, sans-serif;font-size:10pt;margin:0;padding:0;}body{padding:12px 0;} .battle-log {font-family:Verdana, sans-serif;font-size:10pt;} .battle-log-inline {border:1px solid #AAAAAA;background:#EEF2F5;color:black;max-width:640px;margin:0 auto 80px;padding-bottom:5px;} .battle-log .inner {padding:4px 8px 0px 8px;} .battle-log .inner-preempt {padding:0 8px 4px 8px;} .battle-log .inner-after {margin-top:0.5em;} .battle-log h2 {margin:0.5em -8px;padding:4px 8px;border:1px solid #AAAAAA;background:#E0E7EA;border-left:0;border-right:0;font-family:Verdana, sans-serif;font-size:13pt;} .battle-log .chat {vertical-align:middle;padding:3px 0 3px 0;font-size:8pt;} .battle-log .chat strong {color:#40576A;} .battle-log .chat em {padding:1px 4px 1px 3px;color:#000000;font-style:normal;} .chat.mine {background:rgba(0,0,0,0.05);margin-left:-8px;margin-right:-8px;padding-left:8px;padding-right:8px;} .spoiler {color:#BBBBBB;background:#BBBBBB;padding:0px 3px;} .spoiler:hover, .spoiler:active, .spoiler-shown {color:#000000;background:#E2E2E2;padding:0px 3px;} .spoiler a {color:#BBBBBB;} .spoiler:hover a, .spoiler:active a, .spoiler-shown a {color:#2288CC;} .chat code, .chat .spoiler:hover code, .chat .spoiler:active code, .chat .spoiler-shown code {border:1px solid #C0C0C0;background:#EEEEEE;color:black;padding:0 2px;} .chat .spoiler code {border:1px solid #CCCCCC;background:#CCCCCC;color:#CCCCCC;} .battle-log .rated {padding:3px 4px;} .battle-log .rated strong {color:white;background:#89A;padding:1px 4px;border-radius:4px;} .spacer {margin-top:0.5em;} .message-announce {background:#6688AA;color:white;padding:1px 4px 2px;} .message-announce a, .broadcast-green a, .broadcast-blue a, .broadcast-red a {color:#DDEEFF;} .broadcast-green {background-color:#559955;color:white;padding:2px 4px;} .broadcast-blue {background-color:#6688AA;color:white;padding:2px 4px;} .infobox {border:1px solid #6688AA;padding:2px 4px;} .infobox-limited {max-height:200px;overflow:auto;overflow-x:hidden;} .broadcast-red {background-color:#AA5544;color:white;padding:2px 4px;} .message-learn-canlearn {font-weight:bold;color:#228822;text-decoration:underline;} .message-learn-cannotlearn {font-weight:bold;color:#CC2222;text-decoration:underline;} .message-effect-weak {font-weight:bold;color:#CC2222;} .message-effect-resist {font-weight:bold;color:#6688AA;} .message-effect-immune {font-weight:bold;color:#666666;} .message-learn-list {margin-top:0;margin-bottom:0;} .message-throttle-notice, .message-error {color:#992222;} .message-overflow, .chat small.message-overflow {font-size:0pt;} .message-overflow::before {font-size:9pt;content:'...';} .subtle {color:#3A4A66;}
</style>
<div class="wrapper replay-wrapper" style="max-width:1180px;margin:0 auto">
<input type="hidden" name="replayid" value="nu-519812997" />
<div class="battle"></div><div class="battle-log"></div><div class="replay-controls"></div><div class="replay-controls-2"></div>
<h1 style="font-weight:normal;text-align:center"><strong>NU</strong><br /><a href="http://pokemonshowdown.com/users/packthejuice" class="subtle" target="_blank">Pack The Juice</a> vs. <a href="http://pokemonshowdown.com/users/parnstar" class="subtle" target="_blank">ParnStar</a></h1>
<script type="text/plain" class="battle-log-data">|j|Pack The Juice
|j|ParnStar
|player|p1|Pack The Juice|153
|player|p2|ParnStar|21
|gametype|singles
|gen|6
|tier|NU
|rated
|seed|4866,16554,50628,16668
|rule|Sleep Clause Mod: Limit one foe put to sleep
|rule|Species Clause: Limit one of each Pokémon
|rule|OHKO Clause: OHKO moves are banned
|rule|Moody Clause: Moody is banned
|rule|Evasion Moves Clause: Evasion moves are banned
|rule|Endless Battle Clause: Forcing endless battles is banned
|rule|HP Percentage Mod: HP is shown in percentages
|clearpoke
|poke|p1|Jynx, F|item
|poke|p1|Rhydon, F|item
|poke|p1|Ferroseed, M|item
|poke|p1|Dusknoir, M|item
|poke|p1|Hitmonchan, M|item
|poke|p1|Scyther, F|item
|poke|p2|Audino, M|item
|poke|p2|Pyroar, M|item
|poke|p2|Liepard, M|item
|poke|p2|Pelipper, M|item
|poke|p2|Scyther, M|item
|poke|p2|Trevenant, F|item
|rule|Swagger Clause: Swagger is banned
|rule|Baton Pass Clause: Limit one Baton Passer, can't pass Spe and other stats simultaneously
|teampreview
|choice|team 3, team 2, team 1, team 4, team 5, team 6|team 2, team 1, team 3, team 4, team 5, team 6
|
|start
|switch|p1a: Ferroseed|Ferroseed, M|291\/291
|switch|p2a: Pyroar|Pyroar, M|313\/313
|-ability|p2a: Pyroar|Unnerve|p1: Pack The Juice
|turn|1
|choice|move protect|move flamethrower
|
|move|p1a: Ferroseed|Protect|p1a: Ferroseed
|-singleturn|p1a: Ferroseed|Protect
|move|p2a: Pyroar|Flamethrower|p1a: Ferroseed
|-activate|p1a: Ferroseed|move: Protect
|
|upkeep
|turn|2
|choice|switch 4|move flamethrower
|
|switch|p1a: Dusknoir|Dusknoir, M|293\/293
|-ability|p1a: Dusknoir|Pressure
|move|p2a: Pyroar|Flamethrower|p1a: Dusknoir
|-damage|p1a: Dusknoir|130\/293
|
|upkeep
|turn|3
|choice|switch 2|move flamethrower
|
|switch|p1a: Rhydon|Rhydon, F|414\/414
|move|p2a: Pyroar|Flamethrower|p1a: Rhydon
|-resisted|p1a: Rhydon
|-damage|p1a: Rhydon|325\/414
|-status|p1a: Rhydon|brn
|
|-damage|p1a: Rhydon|274\/414 brn|[from] brn
|upkeep
|turn|4
|choice|move stealthrock|switch 2
|
|switch|p2a: Audino|Audino, M|400\/400
|move|p1a: Rhydon|Stealth Rock|p2a: Audino
|-sidestart|p2: ParnStar|move: Stealth Rock
|
|-damage|p1a: Rhydon|223\/414 brn|[from] brn
|upkeep
|turn|5
|choice|move earthquake|move calmmind
|
|move|p2a: Audino|Calm Mind|p2a: Audino
|-boost|p2a: Audino|spa|1
|-boost|p2a: Audino|spd|1
|move|p1a: Rhydon|Earthquake|p2a: Audino
|-damage|p2a: Audino|310\/400
|
|-damage|p1a: Rhydon|172\/414 brn|[from] brn
|upkeep
|turn|6
|choice|switch 4|move calmmind
|
|switch|p1a: Ferroseed|Ferroseed, M|291\/291
|move|p2a: Audino|Calm Mind|p2a: Audino
|-boost|p2a: Audino|spa|1
|-boost|p2a: Audino|spd|1
|
|upkeep
|turn|7
|choice|move leechseed|move fireblast
|
|move|p2a: Audino|Fire Blast|p1a: Ferroseed
|-supereffective|p1a: Ferroseed
|-damage|p1a: Ferroseed|0 fnt
|faint|p1a: Ferroseed
|
|upkeep
|choice|switch 5|
|
|switch|p1a: Hitmonchan|Hitmonchan, M|303\/303
|turn|8
|choice|move drainpunch|move drainingkiss mega
|
|detailschange|p2a: Audino|Audino-Mega, M
|-mega|p2a: Audino|Audino|Audinite
|move|p1a: Hitmonchan|Drain Punch|p2a: Audino
|-crit|p2a: Audino
|-damage|p2a: Audino|145\/400
|move|p2a: Audino|Draining Kiss|p1a: Hitmonchan
|-supereffective|p1a: Hitmonchan
|-damage|p1a: Hitmonchan|177\/303
|-heal|p2a: Audino|240\/400|[from] drain|[of] p1a: Hitmonchan
|
|upkeep
|turn|9
|choice|move drainpunch|move drainingkiss
|
|move|p1a: Hitmonchan|Drain Punch|p2a: Audino
|-damage|p2a: Audino|117\/400
|-heal|p1a: Hitmonchan|239\/303|[from] drain|[of] p2a: Audino
|move|p2a: Audino|Draining Kiss|p1a: Hitmonchan
|-supereffective|p1a: Hitmonchan
|-damage|p1a: Hitmonchan|113\/303
|-heal|p2a: Audino|212\/400|[from] drain|[of] p1a: Hitmonchan
|
|upkeep
|turn|10
|choice|switch 2|move drainingkiss
|
|switch|p1a: Dusknoir|Dusknoir, M|130\/293
|-ability|p1a: Dusknoir|Pressure
|move|p2a: Audino|Draining Kiss|p1a: Dusknoir
|-damage|p1a: Dusknoir|40\/293
|-heal|p2a: Audino|280\/400|[from] drain|[of] p1a: Dusknoir
|
|upkeep
|turn|11
|choice|move earthquake|move wish
|
|move|p2a: Audino|Wish|p2a: Audino
|move|p1a: Dusknoir|Earthquake|p2a: Audino
|-damage|p2a: Audino|159\/400
|
|upkeep
|turn|12
|choice|move earthquake|move drainingkiss
|
|move|p2a: Audino|Draining Kiss|p1a: Dusknoir
|-damage|p1a: Dusknoir|0 fnt
|-heal|p2a: Audino|189\/400|[from] drain|[of] p1a: Dusknoir
|faint|p1a: Dusknoir
|
|-heal|p2a: Audino|389\/400|[from] move: Wish|[wisher] Audino
|upkeep
|-message|Pack The Juice forfeited.
|
|win|ParnStar
|player|p1
|player|p2
|l|Pack The Juice
|raw|Pack The Juice's rating: 1343 &rarr; <strong>1311<\/strong><br \/>(-32 for losing)
|raw|ParnStar's rating: 1094 &rarr; <strong>1136<\/strong><br \/>(+42 for winning)</script>
</div>
<div class="battle-log battle-log-inline"><div class="inner"><div class="battle-options"></div><div class="inner"><div class="chat"><small>Pack The Juice joined.</small></div><div class="chat"><small>ParnStar joined.</small></div><div class=""><small>Format:</small> <br><strong>NU</strong></div><div class="rated"><strong>Rated battle</strong></div><div class=""><small><em>Sleep Clause Mod:</em> Limit one foe put to sleep</small></div><div class=""><small><em>Species Clause:</em> Limit one of each Pokémon</small></div><div class=""><small><em>OHKO Clause:</em> OHKO moves are banned</small></div><div class=""><small><em>Moody Clause:</em> Moody is banned</small></div><div class=""><small><em>Evasion Moves Clause:</em> Evasion moves are banned</small></div><div class=""><small><em>Endless Battle Clause:</em> Forcing endless battles is banned</small></div><div class=""><small><em>HP Percentage Mod:</em> HP is shown in percentages</small></div><div class=""><small><em>Swagger Clause:</em> Swagger is banned</small></div><div class=""><small><em>Baton Pass Clause:</em> Limit one Baton Passer, can't pass Spe and other stats simultaneously</small></div><div class="chat battle-history"><strong>Pack The Juice's team:</strong> <em style="color:#445566;display:block;">Jynx / Rhydon / Ferroseed / Dusknoir / Hitmonchan / Scyther</em></div><div class="chat battle-history"><strong>ParnStar's team:</strong> <em style="color:#445566;display:block;">Audino / Pyroar / Liepard / Pelipper / Scyther / Trevenant</em></div><div class="spacer battle-history"><br></div><div class="battle-history">Battle started between Pack The Juice and ParnStar!<br></div><div class="spacer battle-history"><br></div><div class="battle-history">Go! <strong>Ferroseed</strong>!<br></div><div class="spacer battle-history"><br></div><div class="battle-history">ParnStar sent out <strong>Pyroar</strong>!<br></div><div class="battle-history"><small>[The opposing Pyroar's Unnerve]</small><br><small>Your team is too nervous to eat Berries!</small><br></div><div class="spacer battle-history"><br></div><h2 class="battle-history">Turn 1</h2><div class="spacer battle-history"><br></div><div class="battle-history">Ferroseed used <strong>Protect</strong>!<br></div><div class="battle-history"><small>Ferroseed protected itself!</small><br></div><div class="spacer battle-history"><br></div><div class="battle-history">The opposing Pyroar used <strong>Flamethrower</strong>!<br></div><div class="battle-history"><small>Ferroseed protected itself!</small><br></div><div class="spacer battle-history"><br></div><h2 class="battle-history">Turn 2</h2><div class="spacer battle-history"><br></div><div class="battle-history">Ferroseed, come back!<br></div><div class="battle-history">Go! <strong>Dusknoir</strong>!<br></div><div class="battle-history"><small>[Dusknoir's Pressure]</small><br><small>Dusknoir is exerting its pressure!</small><br></div><div class="spacer battle-history"><br></div><div class="battle-history">The opposing Pyroar used <strong>Flamethrower</strong>!<br></div><div class="battle-history"><small>(Dusknoir lost <abbr title="−163/293">55.6%</abbr> of its health!)</small><br></div><div class="spacer battle-history"><br></div><h2 class="battle-history">Turn 3</h2><div class="spacer battle-history"><br></div><div class="battle-history">Dusknoir, come back!<br></div><div class="battle-history">Go! <strong>Rhydon</strong>!<br></div><div class="spacer battle-history"><br></div><div class="battle-history">The opposing Pyroar used <strong>Flamethrower</strong>!<br></div><div class="battle-history"><small>It's not very effective...</small><br></div><div class="battle-history"><small>(Rhydon lost <abbr title="−89/414">21.5%</abbr> of its health!)</small><br></div><div class="battle-history"><small>Rhydon was burned!</small><br></div><div class="spacer battle-history"><br></div><div class="battle-history"><small>Rhydon was hurt by its burn!</small><br></div><div class="spacer battle-history"><br></div><h2 class="battle-history">Turn 4</h2><div class="spacer battle-history"><br></div><div class="battle-history">ParnStar withdrew Pyroar!<br></div><div class="battle-history">ParnStar sent out <strong>Audino</strong>!<br></div><div class="spacer battle-history"><br></div><div class="battle-history">Rhydon used <strong>Stealth Rock</strong>!<br></div><div class="battle-history"><small>Pointed stones float in the air around the opposing team!</small><br></div><div class="spacer battle-history"><br></div><div class="battle-history"><small>Rhydon was hurt by its burn!</small><br></div><div class="spacer battle-history"><br></div><h2 class="battle-history">Turn 5</h2><div class="spacer battle-history"><br></div><div class="battle-history">The opposing Audino used <strong>Calm Mind</strong>!<br></div><div class="battle-history"><small>The opposing Audino's Special Attack rose!</small><br></div><div class="battle-history"><small>The opposing Audino's Special Defense rose!</small><br></div><div class="spacer battle-history"><br></div><div class="battle-history">Rhydon used <strong>Earthquake</strong>!<br></div><div class="battle-history"><small>(The opposing Audino lost <abbr title="−90/400">22.5%</abbr> of its health!)</small><br></div><div class="spacer battle-history"><br></div><div class="battle-history"><small>Rhydon was hurt by its burn!</small><br></div><div class="spacer battle-history"><br></div><h2 class="battle-history">Turn 6</h2><div class="spacer battle-history"><br></div><div class="battle-history">Rhydon, come back!<br></div><div class="battle-history">Go! <strong>Ferroseed</strong>!<br></div><div class="spacer battle-history"><br></div><div class="battle-history">The opposing Audino used <strong>Calm Mind</strong>!<br></div><div class="battle-history"><small>The opposing Audino's Special Attack rose!</small><br></div><div class="battle-history"><small>The opposing Audino's Special Defense rose!</small><br></div><div class="spacer battle-history"><br></div><h2 class="battle-history">Turn 7</h2><div class="spacer battle-history"><br></div><div class="battle-history">The opposing Audino used <strong>Fire Blast</strong>!<br></div><div class="battle-history"><small>It's super effective!</small><br></div><div class="battle-history"><small>(Ferroseed lost <abbr title="−291/291">100%</abbr> of its health!)</small><br></div><div class="spacer battle-history"><br></div><div class="battle-history">Ferroseed fainted!<br></div><div class="spacer battle-history"><br></div><div class="battle-history">Go! <strong>Hitmonchan</strong>!<br></div><div class="spacer battle-history"><br></div><h2 class="battle-history">Turn 8</h2><div class="spacer battle-history"><br></div><div class="battle-history"><small>The opposing Audino's Audinite is reacting to ParnStar's Mega Bracelet!</small><br>The opposing Audino has Mega Evolved into Mega Audino!<br></div><div class="spacer battle-history"><br></div><div class="battle-history">Hitmonchan used <strong>Drain Punch</strong>!<br></div><div class="battle-history"><small>A critical hit!</small><br></div><div class="battle-history"><small>(The opposing Audino lost <abbr title="−165/400">41.3%</abbr> of its health!)</small><br></div><div class="spacer battle-history"><br></div><div class="battle-history">The opposing Audino used <strong>Draining Kiss</strong>!<br></div><div class="battle-history"><small>It's super effective!</small><br></div><div class="battle-history"><small>(Hitmonchan lost <abbr title="−126/303">41.6%</abbr> of its health!)</small><br></div><div class="battle-history"><small>Hitmonchan had its energy drained!</small><br></div><div class="spacer battle-history"><br></div><h2 class="battle-history">Turn 9</h2><div class="spacer battle-history"><br></div><div class="battle-history">Hitmonchan used <strong>Drain Punch</strong>!<br></div><div class="battle-history"><small>(The opposing Audino lost <abbr title="−123/400">30.8%</abbr> of its health!)</small><br></div><div class="battle-history"><small>The opposing Audino had its energy drained!</small><br></div><div class="spacer battle-history"><br></div><div class="battle-history">The opposing Audino used <strong>Draining Kiss</strong>!<br></div><div class="battle-history"><small>It's super effective!</small><br></div><div class="battle-history"><small>(Hitmonchan lost <abbr title="−126/303">41.6%</abbr> of its health!)</small><br></div><div class="battle-history"><small>Hitmonchan had its energy drained!</small><br></div><div class="spacer battle-history"><br></div><h2 class="battle-history">Turn 10</h2><div class="spacer battle-history"><br></div><div class="battle-history">Hitmonchan, come back!<br></div><div class="battle-history">Go! <strong>Dusknoir</strong>!<br></div><div class="battle-history"><small>[Dusknoir's Pressure]</small><br><small>Dusknoir is exerting its pressure!</small><br></div><div class="spacer battle-history"><br></div><div class="battle-history">The opposing Audino used <strong>Draining Kiss</strong>!<br></div><div class="battle-history"><small>(Dusknoir lost <abbr title="−90/293">30.7%</abbr> of its health!)</small><br></div><div class="battle-history"><small>Dusknoir had its energy drained!</small><br></div><div class="spacer battle-history"><br></div><h2 class="battle-history">Turn 11</h2><div class="spacer battle-history"><br></div><div class="battle-history">The opposing Audino used <strong>Wish</strong>!<br></div><div class="spacer battle-history"><br></div><div class="battle-history">Dusknoir used <strong>Earthquake</strong>!<br></div><div class="battle-history"><small>(The opposing Audino lost <abbr title="−121/400">30.3%</abbr> of its health!)</small><br></div><div class="spacer battle-history"><br></div><h2 class="battle-history">Turn 12</h2><div class="spacer battle-history"><br></div><div class="battle-history">The opposing Audino used <strong>Draining Kiss</strong>!<br></div><div class="battle-history"><small>(Dusknoir lost <abbr title="−40/293">13.7%</abbr> of its health!)</small><br></div><div class="battle-history"><small>Dusknoir had its energy drained!</small><br></div><div class="spacer battle-history"><br></div><div class="battle-history">Dusknoir fainted!<br></div><div class="spacer battle-history"><br></div><div class="battle-history"><small>Audino's wish came true!</small><br></div><div class="spacer battle-history"><br></div><div class="battle-history"><small>Pack The Juice forfeited.</small><br></div><div class="spacer battle-history"><br></div><div class="battle-history"><strong>ParnStar</strong> won the battle!<br></div><div class="chat"><small>Pack The Juice left.</small></div><div class="chat">Pack The Juice's rating: 1343 → <strong>1311</strong><br>(-32 for losing)</div><div class="chat">ParnStar's rating: 1094 → <strong>1136</strong><br>(+42 for winning)</div></div><div class="inner-preempt"></div></div></div>
</div>
<script>
let daily = Math.floor(Date.now()/1000/60/60/24);document.write('<script src="https://play.pokemonshowdown.com/js/replay-embed.js?version'+daily+'"></'+'script>');
</script>
