<!DOCTYPE html>
<meta charset="utf-8" />
<!-- version 1 -->
<title>NU replay: Based Loser vs. Thomas_633</title>
<style>
html,body {font-family:Verdana, sans-serif;font-size:10pt;margin:0;padding:0;}body{padding:12px 0;} .battle-log {font-family:Verdana, sans-serif;font-size:10pt;} .battle-log-inline {border:1px solid #AAAAAA;background:#EEF2F5;color:black;max-width:640px;margin:0 auto 80px;padding-bottom:5px;} .battle-log .inner {padding:4px 8px 0px 8px;} .battle-log .inner-preempt {padding:0 8px 4px 8px;} .battle-log .inner-after {margin-top:0.5em;} .battle-log h2 {margin:0.5em -8px;padding:4px 8px;border:1px solid #AAAAAA;background:#E0E7EA;border-left:0;border-right:0;font-family:Verdana, sans-serif;font-size:13pt;} .battle-log .chat {vertical-align:middle;padding:3px 0 3px 0;font-size:8pt;} .battle-log .chat strong {color:#40576A;} .battle-log .chat em {padding:1px 4px 1px 3px;color:#000000;font-style:normal;} .chat.mine {background:rgba(0,0,0,0.05);margin-left:-8px;margin-right:-8px;padding-left:8px;padding-right:8px;} .spoiler {color:#BBBBBB;background:#BBBBBB;padding:0px 3px;} .spoiler:hover, .spoiler:active, .spoiler-shown {color:#000000;background:#E2E2E2;padding:0px 3px;} .spoiler a {color:#BBBBBB;} .spoiler:hover a, .spoiler:active a, .spoiler-shown a {color:#2288CC;} .chat code, .chat .spoiler:hover code, .chat .spoiler:active code, .chat .spoiler-shown code {border:1px solid #C0C0C0;background:#EEEEEE;color:black;padding:0 2px;} .chat .spoiler code {border:1px solid #CCCCCC;background:#CCCCCC;color:#CCCCCC;} .battle-log .rated {padding:3px 4px;} .battle-log .rated strong {color:white;background:#89A;padding:1px 4px;border-radius:4px;} .spacer {margin-top:0.5em;} .message-announce {background:#6688AA;color:white;padding:1px 4px 2px;} .message-announce a, .broadcast-green a, .broadcast-blue a, .broadcast-red a {color:#DDEEFF;} .broadcast-green {background-color:#559955;color:white;padding:2px 4px;} .broadcast-blue {background-color:#6688AA;color:white;padding:2px 4px;} .infobox {border:1px solid #6688AA;padding:2px 4px;} .infobox-limited {max-height:200px;overflow:auto;overflow-x:hidden;} .broadcast-red {background-color:#AA5544;color:white;padding:2px 4px;} .message-learn-canlearn {font-weight:bold;color:#228822;text-decoration:underline;} .message-learn-cannotlearn {font-weight:bold;color:#CC2222;text-decoration:underline;} .message-effect-weak {font-weight:bold;color:#CC2222;} .message-effect-resist {font-weight:bold;color:#6688AA;} .message-effect-immune {font-weight:bold;color:#666666;} .message-learn-list {margin-top:0;margin-bottom:0;} .message-throttle-notice, .message-error {color:#992222;} .message-overflow, .chat small.message-overflow {font-size:0pt;} .message-overflow::before {font-size:9pt;content:'...';} .subtle {color:#3A4A66;}
</style>
<div class="wrapper replay-wrapper" style="max-width:1180px;margin:0 auto">
<input type="hidden" name="replayid" value="nu-552769639" />
<div class="battle"></div><div class="battle-log"></div><div class="replay-controls"></div><div class="replay-controls-2"></div>
<h1 style="font-weight:normal;text-align:center"><strong>NU</strong><br /><a href="http://pokemonshowdown.com/users/basedloser" class="subtle" target="_blank">Based Loser</a> vs. <a href="http://pokemonshowdown.com/users/thomas633" class="subtle" target="_blank">Thomas_633</a></h1>
<script type="text/plain" class="battle-log-data">|j|Based Loser
|j|Thomas_633
|player|p1|Based Loser|281
|player|p2|Thomas_633|7
|gametype|singles
|gen|6
|tier|NU
|seed|3351,10317,19125,26236
|rule|Sleep Clause Mod: Limit one foe put to sleep
|rule|Species Clause: Limit one of each Pokémon
|rule|OHKO Clause: OHKO moves are banned
|rule|Moody Clause: Moody is banned
|rule|Evasion Moves Clause: Evasion moves are banned
|rule|Endless Battle Clause: Forcing endless battles is banned
|rule|HP Percentage Mod: HP is shown in percentages
|clearpoke
|poke|p1|Steelix, F|item
|poke|p1|Mesprit|item
|poke|p1|Lanturn, F|item
|poke|p1|Scyther, M|item
|poke|p1|Vileplume, F|item
|poke|p1|Hitmonchan, M|item
|poke|p2|Quagsire, M|item
|poke|p2|Hitmonchan, M, shiny|item
|poke|p2|Aurorus, F|item
|poke|p2|Magmortar, F|item
|poke|p2|Vileplume, F|item
|poke|p2|Mesprit|item
|rule|Swagger Clause: Swagger is banned
|rule|Baton Pass Clause: Limit one Baton Passer, can't pass Spe and other stats simultaneously
|teampreview
|c|☆Thomas_633|hello
|choice|team 6, team 2, team 3, team 4, team 5, team 1|team 6, team 2, team 3, team 4, team 5, team 1
|
|start
|switch|p1a: Hitmonchan|Hitmonchan, M|241\/241
|switch|p2a: Mesprit|Mesprit|364\/364
|turn|1
|choice|switch 3|move thunderwave
|
|switch|p1a: Lanturn|Lanturn, F|401\/401
|move|p2a: Mesprit|Thunder Wave|p1a: Lanturn
|-immune|p1a: Lanturn|[msg]|[from] ability: Volt Absorb
|
|upkeep
|turn|2
|choice|move voltswitch|move stealthrock
|
|move|p2a: Mesprit|Stealth Rock|p1a: Lanturn
|-sidestart|p1: Based Loser|move: Stealth Rock
|move|p1a: Lanturn|Volt Switch|p2a: Mesprit
|-damage|p2a: Mesprit|306\/364
|choice|switch 6|
|
|switch|p1a: Steelix|Steelix, F|352\/352
|-damage|p1a: Steelix|341\/352|[from] Stealth Rock
|
|-heal|p2a: Mesprit|328\/364|[from] item: Leftovers
|-heal|p1a: Steelix|352\/352|[from] item: Leftovers
|upkeep
|turn|3
|choice|move stealthrock|move uturn
|
|move|p2a: Mesprit|U-turn|p1a: Steelix
|-resisted|p1a: Steelix
|-damage|p1a: Steelix|339\/352
|choice||switch 4
|
|switch|p2a: Artillery|Magmortar, F|307\/307
|move|p1a: Steelix|Stealth Rock|p2a: Artillery
|-sidestart|p2: Thomas_633|move: Stealth Rock
|
|-heal|p1a: Steelix|352\/352|[from] item: Leftovers
|upkeep
|turn|4
|c|☆Based Loser|sup
|choice|switch 6|move flamecharge
|
|switch|p1a: Lanturn|Lanturn, F|401\/401
|-damage|p1a: Lanturn|351\/401|[from] Stealth Rock
|move|p2a: Artillery|Flame Charge|p1a: Lanturn
|-resisted|p1a: Lanturn
|-damage|p1a: Lanturn|319\/401
|-boost|p2a: Artillery|spe|1
|
|-heal|p1a: Lanturn|344\/401|[from] item: Leftovers
|upkeep
|turn|5
|choice|move scald|move hiddenpower
|
|move|p2a: Artillery|Hidden Power|p1a: Lanturn
|-supereffective|p1a: Lanturn
|-damage|p1a: Lanturn|196\/401
|move|p1a: Lanturn|Scald|p2a: Artillery
|-supereffective|p2a: Artillery
|-damage|p2a: Artillery|199\/307
|
|-heal|p1a: Lanturn|221\/401|[from] item: Leftovers
|upkeep
|turn|6
|c|☆Thomas_633|i expected a lot more tbh
|choice|move scald|move hiddenpower
|
|move|p2a: Artillery|Hidden Power|p1a: Lanturn
|-supereffective|p1a: Lanturn
|-damage|p1a: Lanturn|81\/401
|move|p1a: Lanturn|Scald|p2a: Artillery
|-supereffective|p2a: Artillery
|-damage|p2a: Artillery|85\/307
|
|-heal|p1a: Lanturn|106\/401|[from] item: Leftovers
|upkeep
|turn|7
|choice|switch 3|move hiddenpower
|
|switch|p1a: Hitmonchan|Hitmonchan, M|241\/241
|-damage|p1a: Hitmonchan|226\/241|[from] Stealth Rock
|move|p2a: Artillery|Hidden Power|p1a: Hitmonchan
|-damage|p1a: Hitmonchan|150\/241
|
|upkeep
|turn|8
|choice|move machpunch|move fireblast
|
|move|p1a: Hitmonchan|Mach Punch|p2a: Artillery
|-damage|p2a: Artillery|0 fnt
|faint|p2a: Artillery
|
|upkeep
|choice||switch 4
|
|switch|p2a: Mesprit|Mesprit|328\/364
|-damage|p2a: Mesprit|283\/364|[from] Stealth Rock
|turn|9
|choice|switch 6|move thunderwave
|
|switch|p1a: Steelix|Steelix, F|352\/352
|-damage|p1a: Steelix|341\/352|[from] Stealth Rock
|move|p2a: Mesprit|Thunder Wave|p1a: Steelix
|-immune|p1a: Steelix|[msg]
|
|-heal|p2a: Mesprit|305\/364|[from] item: Leftovers
|-heal|p1a: Steelix|352\/352|[from] item: Leftovers
|upkeep
|turn|10
|choice|move toxic|move uturn
|
|move|p2a: Mesprit|U-turn|p1a: Steelix
|-resisted|p1a: Steelix
|-damage|p1a: Steelix|338\/352
|choice||switch 2
|
|switch|p2a: Hitmonchan|Hitmonchan, M, shiny|241\/241
|-damage|p2a: Hitmonchan|226\/241|[from] Stealth Rock
|move|p1a: Steelix|Toxic|p2a: Hitmonchan
|-status|p2a: Hitmonchan|tox
|
|-heal|p1a: Steelix|352\/352|[from] item: Leftovers
|-damage|p2a: Hitmonchan|211\/241 tox|[from] psn
|upkeep
|turn|11
|choice|switch 5|move drainpunch
|
|switch|p1a: Vileplume|Vileplume, F|354\/354
|-damage|p1a: Vileplume|310\/354|[from] Stealth Rock
|move|p2a: Hitmonchan|Drain Punch|p1a: Vileplume
|-resisted|p1a: Vileplume
|-damage|p1a: Vileplume|228\/354
|-heal|p2a: Hitmonchan|241\/241 tox|[from] drain|[of] p1a: Vileplume
|-damage|p2a: Hitmonchan|217\/241 tox|[from] item: Life Orb
|
|-heal|p1a: Vileplume|250\/354|[from] item: Black Sludge
|-damage|p2a: Hitmonchan|187\/241 tox|[from] psn
|upkeep
|turn|12
|choice|switch 5|move icepunch
|
|switch|p1a: Steelix|Steelix, F|352\/352
|-damage|p1a: Steelix|341\/352|[from] Stealth Rock
|move|p2a: Hitmonchan|Ice Punch|p1a: Steelix
|-damage|p1a: Steelix|271\/352
|-damage|p2a: Hitmonchan|163\/241 tox|[from] item: Life Orb
|
|-heal|p1a: Steelix|293\/352|[from] item: Leftovers
|-damage|p2a: Hitmonchan|118\/241 tox|[from] psn
|upkeep
|turn|13
|c|☆Thomas_633|u could send in scyther
|choice|move earthquake|move drainpunch
|
|move|p2a: Hitmonchan|Drain Punch|p1a: Steelix
|-supereffective|p1a: Steelix
|-damage|p1a: Steelix|72\/352
|-heal|p2a: Hitmonchan|229\/241 tox|[from] drain|[of] p1a: Steelix
|-damage|p2a: Hitmonchan|205\/241 tox|[from] item: Life Orb
|move|p1a: Steelix|Earthquake|p2a: Hitmonchan
|-damage|p2a: Hitmonchan|43\/241 tox
|
|-heal|p1a: Steelix|94\/352|[from] item: Leftovers
|-damage|p2a: Hitmonchan|0 fnt|[from] psn
|upkeep
|faint|p2a: Hitmonchan
|c|☆Thomas_633|and just beat me p much
|choice||switch 6
|
|switch|p2a: Swagsire|Quagsire, M|394\/394
|-damage|p2a: Swagsire|370\/394|[from] Stealth Rock
|turn|14
|choice|switch 5|move scald
|
|switch|p1a: Vileplume|Vileplume, F|250\/354
|-damage|p1a: Vileplume|206\/354|[from] Stealth Rock
|move|p2a: Swagsire|Scald|p1a: Vileplume
|-resisted|p1a: Vileplume
|-damage|p1a: Vileplume|170\/354
|
|-heal|p1a: Vileplume|192\/354|[from] item: Black Sludge
|-heal|p2a: Swagsire|394\/394|[from] item: Leftovers
|upkeep
|turn|15
|choice|move gigadrain|switch 5
|
|switch|p2a: Vileplume|Vileplume, F|354\/354
|-damage|p2a: Vileplume|310\/354|[from] Stealth Rock
|move|p1a: Vileplume|Giga Drain|p2a: Vileplume
|-resisted|p2a: Vileplume
|-damage|p2a: Vileplume|286\/354
|-heal|p1a: Vileplume|204\/354|[from] drain|[of] p2a: Vileplume
|
|-heal|p2a: Vileplume|308\/354|[from] item: Black Sludge
|-heal|p1a: Vileplume|226\/354|[from] item: Black Sludge
|upkeep
|turn|16
|choice|switch 3|move sludgebomb
|
|switch|p1a: Lanturn|Lanturn, F|106\/401
|-damage|p1a: Lanturn|56\/401|[from] Stealth Rock
|move|p2a: Vileplume|Sludge Bomb|p1a: Lanturn
|-damage|p1a: Lanturn|0 fnt
|faint|p1a: Lanturn
|
|-heal|p2a: Vileplume|330\/354|[from] item: Black Sludge
|upkeep
|choice|switch 2|
|
|switch|p1a: Mesprit|Mesprit|301\/301
|-damage|p1a: Mesprit|264\/301|[from] Stealth Rock
|turn|17
|choice|move psychic|move sleeppowder
|
|move|p1a: Mesprit|Psychic|p2a: Vileplume
|-supereffective|p2a: Vileplume
|-damage|p2a: Vileplume|0 fnt
|faint|p2a: Vileplume
|
|upkeep
|choice||switch 2
|
|switch|p2a: Mesprit|Mesprit|305\/364
|-damage|p2a: Mesprit|260\/364|[from] Stealth Rock
|turn|18
|choice|switch 5|move psychic
|
|switch|p1a: Steelix|Steelix, F|94\/352
|-damage|p1a: Steelix|83\/352|[from] Stealth Rock
|move|p2a: Mesprit|Psychic|p1a: Steelix
|-resisted|p1a: Steelix
|-damage|p1a: Steelix|23\/352
|
|-heal|p2a: Mesprit|282\/364|[from] item: Leftovers
|-heal|p1a: Steelix|45\/352|[from] item: Leftovers
|upkeep
|turn|19
|choice|move toxic|move psychic
|
|move|p2a: Mesprit|Psychic|p1a: Steelix
|-resisted|p1a: Steelix
|-damage|p1a: Steelix|0 fnt
|faint|p1a: Steelix
|
|-heal|p2a: Mesprit|304\/364|[from] item: Leftovers
|upkeep
|choice|switch 5|
|
|switch|p1a: Mesprit|Mesprit|264\/301
|-damage|p1a: Mesprit|227\/301|[from] Stealth Rock
|turn|20
|choice|move signalbeam|move thunderwave
|
|move|p1a: Mesprit|Signal Beam|p2a: Mesprit
|-supereffective|p2a: Mesprit
|-damage|p2a: Mesprit|46\/364
|move|p2a: Mesprit|Thunder Wave|p1a: Mesprit
|-status|p1a: Mesprit|par
|
|-heal|p2a: Mesprit|68\/364|[from] item: Leftovers
|upkeep
|turn|21
|choice|move signalbeam|move psychic
|
|move|p2a: Mesprit|Psychic|p1a: Mesprit
|-resisted|p1a: Mesprit
|-damage|p1a: Mesprit|175\/301 par
|cant|p1a: Mesprit|par
|
|-heal|p2a: Mesprit|90\/364|[from] item: Leftovers
|upkeep
|turn|22
|choice|move signalbeam|move uturn
|
|move|p2a: Mesprit|U-turn|p1a: Mesprit
|-supereffective|p1a: Mesprit
|-damage|p1a: Mesprit|75\/301 par
|choice||switch 5
|
|switch|p2a: Swagsire|Quagsire, M|394\/394
|-damage|p2a: Swagsire|370\/394|[from] Stealth Rock
|cant|p1a: Mesprit|par
|
|-heal|p2a: Swagsire|394\/394|[from] item: Leftovers
|upkeep
|turn|23
|choice|move signalbeam|move scald
|
|move|p2a: Swagsire|Scald|p1a: Mesprit
|-damage|p1a: Mesprit|9\/301 par
|move|p1a: Mesprit|Signal Beam|p2a: Swagsire
|-damage|p2a: Swagsire|229\/394
|
|-heal|p2a: Swagsire|253\/394|[from] item: Leftovers
|upkeep
|turn|24
|choice|move signalbeam|move scald
|
|move|p2a: Swagsire|Scald|p1a: Mesprit
|-damage|p1a: Mesprit|0 fnt
|faint|p1a: Mesprit
|
|-heal|p2a: Swagsire|277\/394|[from] item: Leftovers
|upkeep
|choice|switch 3|
|
|switch|p1a: Vileplume|Vileplume, F|226\/354
|-damage|p1a: Vileplume|182\/354|[from] Stealth Rock
|turn|25
|c|☆Thomas_633|im kinda boned
|choice|move gigadrain|move scald
|
|move|p1a: Vileplume|Giga Drain|p2a: Swagsire
|-supereffective|p2a: Swagsire
|-damage|p2a: Swagsire|0 fnt
|-heal|p1a: Vileplume|321\/354|[from] drain|[of] p2a: Swagsire
|faint|p2a: Swagsire
|
|-heal|p1a: Vileplume|343\/354|[from] item: Black Sludge
|upkeep
|choice||switch 3
|
|switch|p2a: Brontosaurus|Aurorus, F|387\/387
|-damage|p2a: Brontosaurus|291\/387|[from] Stealth Rock
|turn|26
|choice|move gigadrain|move hypervoice
|
|move|p2a: Brontosaurus|Hyper Voice|p1a: Vileplume
|-supereffective|p1a: Vileplume
|-damage|p1a: Vileplume|0 fnt
|faint|p1a: Vileplume
|
|upkeep
|choice|switch 6|
|
|switch|p1a: Hitmonchan|Hitmonchan, M|150\/241
|-damage|p1a: Hitmonchan|135\/241|[from] Stealth Rock
|turn|27
|c|☆Based Loser|gg
|choice|move machpunch|move hypervoice
|
|move|p1a: Hitmonchan|Mach Punch|p2a: Brontosaurus
|-supereffective|p2a: Brontosaurus
|-damage|p2a: Brontosaurus|0 fnt
|faint|p2a: Brontosaurus
|
|upkeep
|choice||switch 5
|
|switch|p2a: Mesprit|Mesprit|90\/364
|-damage|p2a: Mesprit|45\/364|[from] Stealth Rock
|turn|28
|choice|move icepunch|move psychic
|
|move|p1a: Hitmonchan|Ice Punch|p2a: Mesprit
|-damage|p2a: Mesprit|0 fnt
|faint|p2a: Mesprit
|
|win|Based Loser
|c|☆Based Loser|wp
|l|Thomas_633</script>
</div>
<div class="battle-log battle-log-inline"><div class="inner"><div class="battle-options"></div><div class="inner"><div class="chat"><small>Based Loser joined.</small></div><div class="chat"><small>Thomas_633 joined.</small></div><div class=""><small>Format:</small> <br><strong>NU</strong></div><div class=""><small><em>Sleep Clause Mod:</em> Limit one foe put to sleep</small></div><div class=""><small><em>Species Clause:</em> Limit one of each Pokémon</small></div><div class=""><small><em>OHKO Clause:</em> OHKO moves are banned</small></div><div class=""><small><em>Moody Clause:</em> Moody is banned</small></div><div class=""><small><em>Evasion Moves Clause:</em> Evasion moves are banned</small></div><div class=""><small><em>Endless Battle Clause:</em> Forcing endless battles is banned</small></div><div class=""><small><em>HP Percentage Mod:</em> HP is shown in percentages</small></div><div class=""><small><em>Swagger Clause:</em> Swagger is banned</small></div><div class=""><small><em>Baton Pass Clause:</em> Limit one Baton Passer, can't pass Spe and other stats simultaneously</small></div><div class="chat battle-history"><strong>Based Loser's team:</strong> <em style="color:#445566;display:block;">Steelix / Mesprit / Lanturn / Scyther / Vileplume / Hitmonchan</em></div><div class="chat battle-history"><strong>Thomas_633's team:</strong> <em style="color:#445566;display:block;">Quagsire / Hitmonchan / Aurorus / Magmortar / Vileplume / Mesprit</em></div><div class="chat chatmessage-thomas633"><strong style="color:hsl(232,76%,60.30975110061317%)"><small>☆</small><span class="username" data-name="Thomas_633">Thomas_633</span>:</strong> <em>hello</em></div><div class="spacer battle-history"><br></div><div class="battle-history">Battle started between Based Loser and Thomas_633!<br></div><div class="spacer battle-history"><br></div><div class="battle-history">Go! <strong>Hitmonchan</strong>!<br></div><div class="spacer battle-history"><br></div><div class="battle-history">Thomas_633 sent out <strong>Mesprit</strong>!<br></div><div class="spacer battle-history"><br></div><h2 class="battle-history">Turn 1</h2><div class="spacer battle-history"><br></div><div class="battle-history">Hitmonchan, come back!<br></div><div class="battle-history">Go! <strong>Lanturn</strong>!<br></div><div class="spacer battle-history"><br></div><div class="battle-history">The opposing Mesprit used <strong>Thunder Wave</strong>!<br></div><div class="battle-history"><small>[Lanturn's Volt Absorb]</small><br><small>It doesn't affect Lanturn...</small><br></div><div class="spacer battle-history"><br></div><h2 class="battle-history">Turn 2</h2><div class="spacer battle-history"><br></div><div class="battle-history">The opposing Mesprit used <strong>Stealth Rock</strong>!<br></div><div class="battle-history"><small>Pointed stones float in the air around your team!</small><br></div><div class="spacer battle-history"><br></div><div class="battle-history">Lanturn used <strong>Volt Switch</strong>!<br></div><div class="battle-history"><small>(The opposing Mesprit lost <abbr title="−58/364">15.9%</abbr> of its health!)</small><br></div><div class="spacer battle-history"><br></div><div class="battle-history">Lanturn went back to Based Loser!<br></div><div class="battle-history">Go! <strong>Steelix</strong>!<br></div><div class="battle-history"><small>Pointed stones dug into Steelix!</small><br></div><div class="spacer battle-history"><br></div><div class="battle-history"><small>The opposing Mesprit restored a little HP using its Leftovers!</small><br></div><div class="battle-history"><small>Steelix restored a little HP using its Leftovers!</small><br></div><div class="spacer battle-history"><br></div><h2 class="battle-history">Turn 3</h2><div class="spacer battle-history"><br></div><div class="battle-history">The opposing Mesprit used <strong>U-turn</strong>!<br></div><div class="battle-history"><small>It's not very effective...</small><br></div><div class="battle-history"><small>(Steelix lost <abbr title="−13/352">3.7%</abbr> of its health!)</small><br></div><div class="spacer battle-history"><br></div><div class="battle-history">The opposing Mesprit went back to Thomas_633!<br></div><div class="battle-history">Thomas_633 sent out Artillery (<strong>Magmortar</strong>)!<br></div><div class="spacer battle-history"><br></div><div class="battle-history">Steelix used <strong>Stealth Rock</strong>!<br></div><div class="battle-history"><small>Pointed stones float in the air around the opposing team!</small><br></div><div class="spacer battle-history"><br></div><div class="battle-history"><small>Steelix restored a little HP using its Leftovers!</small><br></div><div class="spacer battle-history"><br></div><h2 class="battle-history">Turn 4</h2><div class="chat chatmessage-basedloser"><strong style="color:hsl(2,89%,44.31893825281939%)"><small>☆</small><span class="username" data-name="Based Loser">Based Loser</span>:</strong> <em>sup</em></div><div class="spacer battle-history"><br></div><div class="battle-history">Steelix, come back!<br></div><div class="battle-history">Go! <strong>Lanturn</strong>!<br></div><div class="battle-history"><small>Pointed stones dug into Lanturn!</small><br></div><div class="spacer battle-history"><br></div><div class="battle-history">The opposing Artillery used <strong>Flame Charge</strong>!<br></div><div class="battle-history"><small>It's not very effective...</small><br></div><div class="battle-history"><small>(Lanturn lost <abbr title="−32/401">8.0%</abbr> of its health!)</small><br></div><div class="battle-history"><small>The opposing Artillery's Speed rose!</small><br></div><div class="spacer battle-history"><br></div><div class="battle-history"><small>Lanturn restored a little HP using its Leftovers!</small><br></div><div class="spacer battle-history"><br></div><h2 class="battle-history">Turn 5</h2><div class="spacer battle-history"><br></div><div class="battle-history">The opposing Artillery used <strong>Hidden Power</strong>!<br></div><div class="battle-history"><small>It's super effective!</small><br></div><div class="battle-history"><small>(Lanturn lost <abbr title="−148/401">36.9%</abbr> of its health!)</small><br></div><div class="spacer battle-history"><br></div><div class="battle-history">Lanturn used <strong>Scald</strong>!<br></div><div class="battle-history"><small>It's super effective!</small><br></div><div class="battle-history"><small>(The opposing Artillery lost <abbr title="−108/307">35.2%</abbr> of its health!)</small><br></div><div class="spacer battle-history"><br></div><div class="battle-history"><small>Lanturn restored a little HP using its Leftovers!</small><br></div><div class="spacer battle-history"><br></div><h2 class="battle-history">Turn 6</h2><div class="chat chatmessage-thomas633"><strong style="color:hsl(232,76%,60.30975110061317%)"><small>☆</small><span class="username" data-name="Thomas_633">Thomas_633</span>:</strong> <em>i expected a lot more tbh</em></div><div class="spacer battle-history"><br></div><div class="battle-history">The opposing Artillery used <strong>Hidden Power</strong>!<br></div><div class="battle-history"><small>It's super effective!</small><br></div><div class="battle-history"><small>(Lanturn lost <abbr title="−140/401">34.9%</abbr> of its health!)</small><br></div><div class="spacer battle-history"><br></div><div class="battle-history">Lanturn used <strong>Scald</strong>!<br></div><div class="battle-history"><small>It's super effective!</small><br></div><div class="battle-history"><small>(The opposing Artillery lost <abbr title="−114/307">37.1%</abbr> of its health!)</small><br></div><div class="spacer battle-history"><br></div><div class="battle-history"><small>Lanturn restored a little HP using its Leftovers!</small><br></div><div class="spacer battle-history"><br></div><h2 class="battle-history">Turn 7</h2><div class="spacer battle-history"><br></div><div class="battle-history">Lanturn, come back!<br></div><div class="battle-history">Go! <strong>Hitmonchan</strong>!<br></div><div class="battle-history"><small>Pointed stones dug into Hitmonchan!</small><br></div><div class="spacer battle-history"><br></div><div class="battle-history">The opposing Artillery used <strong>Hidden Power</strong>!<br></div><div class="battle-history"><small>(Hitmonchan lost <abbr title="−76/241">31.5%</abbr> of its health!)</small><br></div><div class="spacer battle-history"><br></div><h2 class="battle-history">Turn 8</h2><div class="spacer battle-history"><br></div><div class="battle-history">Hitmonchan used <strong>Mach Punch</strong>!<br></div><div class="battle-history"><small>(The opposing Artillery lost <abbr title="−85/307">27.7%</abbr> of its health!)</small><br></div><div class="spacer battle-history"><br></div><div class="battle-history">The opposing Artillery fainted!<br></div><div class="spacer battle-history"><br></div><div class="battle-history">Thomas_633 sent out <strong>Mesprit</strong>!<br></div><div class="battle-history"><small>Pointed stones dug into the opposing Mesprit!</small><br></div><div class="spacer battle-history"><br></div><h2 class="battle-history">Turn 9</h2><div class="spacer battle-history"><br></div><div class="battle-history">Hitmonchan, come back!<br></div><div class="battle-history">Go! <strong>Steelix</strong>!<br></div><div class="battle-history"><small>Pointed stones dug into Steelix!</small><br></div><div class="spacer battle-history"><br></div><div class="battle-history">The opposing Mesprit used <strong>Thunder Wave</strong>!<br></div><div class="battle-history"><small>It doesn't affect Steelix...</small><br></div><div class="spacer battle-history"><br></div><div class="battle-history"><small>The opposing Mesprit restored a little HP using its Leftovers!</small><br></div><div class="battle-history"><small>Steelix restored a little HP using its Leftovers!</small><br></div><div class="spacer battle-history"><br></div><h2 class="battle-history">Turn 10</h2><div class="spacer battle-history"><br></div><div class="battle-history">The opposing Mesprit used <strong>U-turn</strong>!<br></div><div class="battle-history"><small>It's not very effective...</small><br></div><div class="battle-history"><small>(Steelix lost <abbr title="−14/352">4.0%</abbr> of its health!)</small><br></div><div class="spacer battle-history"><br></div><div class="battle-history">The opposing Mesprit went back to Thomas_633!<br></div><div class="battle-history">Thomas_633 sent out <strong>Hitmonchan</strong>!<br></div><div class="battle-history"><small>Pointed stones dug into the opposing Hitmonchan!</small><br></div><div class="spacer battle-history"><br></div><div class="battle-history">Steelix used <strong>Toxic</strong>!<br></div><div class="battle-history"><small>The opposing Hitmonchan was badly poisoned!</small><br></div><div class="spacer battle-history"><br></div><div class="battle-history"><small>Steelix restored a little HP using its Leftovers!</small><br></div><div class="battle-history"><small>The opposing Hitmonchan was hurt by poison!</small><br></div><div class="spacer battle-history"><br></div><h2 class="battle-history">Turn 11</h2><div class="spacer battle-history"><br></div><div class="battle-history">Steelix, come back!<br></div><div class="battle-history">Go! <strong>Vileplume</strong>!<br></div><div class="battle-history"><small>Pointed stones dug into Vileplume!</small><br></div><div class="spacer battle-history"><br></div><div class="battle-history">The opposing Hitmonchan used <strong>Drain Punch</strong>!<br></div><div class="battle-history"><small>It's not very effective...</small><br></div><div class="battle-history"><small>(Vileplume lost <abbr title="−82/354">23.2%</abbr> of its health!)</small><br></div><div class="battle-history"><small>Vileplume had its energy drained!</small><br></div><div class="battle-history"><small>The opposing Hitmonchan lost some of its HP!</small><br></div><div class="spacer battle-history"><br></div><div class="battle-history"><small>Vileplume restored a little HP using its Black Sludge!</small><br></div><div class="battle-history"><small>The opposing Hitmonchan was hurt by poison!</small><br></div><div class="spacer battle-history"><br></div><h2 class="battle-history">Turn 12</h2><div class="spacer battle-history"><br></div><div class="battle-history">Vileplume, come back!<br></div><div class="battle-history">Go! <strong>Steelix</strong>!<br></div><div class="battle-history"><small>Pointed stones dug into Steelix!</small><br></div><div class="spacer battle-history"><br></div><div class="battle-history">The opposing Hitmonchan used <strong>Ice Punch</strong>!<br></div><div class="battle-history"><small>(Steelix lost <abbr title="−70/352">19.9%</abbr> of its health!)</small><br></div><div class="battle-history"><small>The opposing Hitmonchan lost some of its HP!</small><br></div><div class="spacer battle-history"><br></div><div class="battle-history"><small>Steelix restored a little HP using its Leftovers!</small><br></div><div class="battle-history"><small>The opposing Hitmonchan was hurt by poison!</small><br></div><div class="spacer battle-history"><br></div><h2 class="battle-history">Turn 13</h2><div class="chat chatmessage-thomas633"><strong style="color:hsl(232,76%,60.30975110061317%)"><small>☆</small><span class="username" data-name="Thomas_633">Thomas_633</span>:</strong> <em>u could send in scyther</em></div><div class="spacer battle-history"><br></div><div class="battle-history">The opposing Hitmonchan used <strong>Drain Punch</strong>!<br></div><div class="battle-history"><small>It's super effective!</small><br></div><div class="battle-history"><small>(Steelix lost <abbr title="−221/352">62.8%</abbr> of its health!)</small><br></div><div class="battle-history"><small>Steelix had its energy drained!</small><br></div><div class="battle-history"><small>The opposing Hitmonchan lost some of its HP!</small><br></div><div class="spacer battle-history"><br></div><div class="battle-history">Steelix used <strong>Earthquake</strong>!<br></div><div class="battle-history"><small>(The opposing Hitmonchan lost <abbr title="−162/241">67.2%</abbr> of its health!)</small><br></div><div class="spacer battle-history"><br></div><div class="battle-history"><small>Steelix restored a little HP using its Leftovers!</small><br></div><div class="battle-history"><small>The opposing Hitmonchan was hurt by poison!</small><br></div><div class="spacer battle-history"><br></div><div class="battle-history">The opposing Hitmonchan fainted!<br></div><div class="chat chatmessage-thomas633"><strong style="color:hsl(232,76%,60.30975110061317%)"><small>☆</small><span class="username" data-name="Thomas_633">Thomas_633</span>:</strong> <em>and just beat me p much</em></div><div class="spacer battle-history"><br></div><div class="battle-history">Thomas_633 sent out Swagsire (<strong>Quagsire</strong>)!<br></div><div class="battle-history"><small>Pointed stones dug into the opposing Swagsire!</small><br></div><div class="spacer battle-history"><br></div><h2 class="battle-history">Turn 14</h2><div class="spacer battle-history"><br></div><div class="battle-history">Steelix, come back!<br></div><div class="battle-history">Go! <strong>Vileplume</strong>!<br></div><div class="battle-history"><small>Pointed stones dug into Vileplume!</small><br></div><div class="spacer battle-history"><br></div><div class="battle-history">The opposing Swagsire used <strong>Scald</strong>!<br></div><div class="battle-history"><small>It's not very effective...</small><br></div><div class="battle-history"><small>(Vileplume lost <abbr title="−36/354">10.2%</abbr> of its health!)</small><br></div><div class="spacer battle-history"><br></div><div class="battle-history"><small>Vileplume restored a little HP using its Black Sludge!</small><br></div><div class="battle-history"><small>The opposing Swagsire restored a little HP using its Leftovers!</small><br></div><div class="spacer battle-history"><br></div><h2 class="battle-history">Turn 15</h2><div class="spacer battle-history"><br></div><div class="battle-history">Thomas_633 withdrew Swagsire!<br></div><div class="battle-history">Thomas_633 sent out <strong>Vileplume</strong>!<br></div><div class="battle-history"><small>Pointed stones dug into the opposing Vileplume!</small><br></div><div class="spacer battle-history"><br></div><div class="battle-history">Vileplume used <strong>Giga Drain</strong>!<br></div><div class="battle-history"><small>It's not very effective...</small><br></div><div class="battle-history"><small>(The opposing Vileplume lost <abbr title="−24/354">6.8%</abbr> of its health!)</small><br></div><div class="battle-history"><small>The opposing Vileplume had its energy drained!</small><br></div><div class="spacer battle-history"><br></div><div class="battle-history"><small>The opposing Vileplume restored a little HP using its Black Sludge!</small><br></div><div class="battle-history"><small>Vileplume restored a little HP using its Black Sludge!</small><br></div><div class="spacer battle-history"><br></div><h2 class="battle-history">Turn 16</h2><div class="spacer battle-history"><br></div><div class="battle-history">Vileplume, come back!<br></div><div class="battle-history">Go! <strong>Lanturn</strong>!<br></div><div class="battle-history"><small>Pointed stones dug into Lanturn!</small><br></div><div class="spacer battle-history"><br></div><div class="battle-history">The opposing Vileplume used <strong>Sludge Bomb</strong>!<br></div><div class="battle-history"><small>(Lanturn lost <abbr title="−56/401">14.0%</abbr> of its health!)</small><br></div><div class="spacer battle-history"><br></div><div class="battle-history">Lanturn fainted!<br></div><div class="spacer battle-history"><br></div><div class="battle-history"><small>The opposing Vileplume restored a little HP using its Black Sludge!</small><br></div><div class="spacer battle-history"><br></div><div class="battle-history">Go! <strong>Mesprit</strong>!<br></div><div class="battle-history"><small>Pointed stones dug into Mesprit!</small><br></div><div class="spacer battle-history"><br></div><h2 class="battle-history">Turn 17</h2><div class="spacer battle-history"><br></div><div class="battle-history">Mesprit used <strong>Psychic</strong>!<br></div><div class="battle-history"><small>It's super effective!</small><br></div><div class="battle-history"><small>(The opposing Vileplume lost <abbr title="−330/354">93.2%</abbr> of its health!)</small><br></div><div class="spacer battle-history"><br></div><div class="battle-history">The opposing Vileplume fainted!<br></div><div class="spacer battle-history"><br></div><div class="battle-history">Thomas_633 sent out <strong>Mesprit</strong>!<br></div><div class="battle-history"><small>Pointed stones dug into the opposing Mesprit!</small><br></div><div class="spacer battle-history"><br></div><h2 class="battle-history">Turn 18</h2><div class="spacer battle-history"><br></div><div class="battle-history">Mesprit, come back!<br></div><div class="battle-history">Go! <strong>Steelix</strong>!<br></div><div class="battle-history"><small>Pointed stones dug into Steelix!</small><br></div><div class="spacer battle-history"><br></div><div class="battle-history">The opposing Mesprit used <strong>Psychic</strong>!<br></div><div class="battle-history"><small>It's not very effective...</small><br></div><div class="battle-history"><small>(Steelix lost <abbr title="−60/352">17.0%</abbr> of its health!)</small><br></div><div class="spacer battle-history"><br></div><div class="battle-history"><small>The opposing Mesprit restored a little HP using its Leftovers!</small><br></div><div class="battle-history"><small>Steelix restored a little HP using its Leftovers!</small><br></div><div class="spacer battle-history"><br></div><h2 class="battle-history">Turn 19</h2><div class="spacer battle-history"><br></div><div class="battle-history">The opposing Mesprit used <strong>Psychic</strong>!<br></div><div class="battle-history"><small>It's not very effective...</small><br></div><div class="battle-history"><small>(Steelix lost <abbr title="−45/352">12.8%</abbr> of its health!)</small><br></div><div class="spacer battle-history"><br></div><div class="battle-history">Steelix fainted!<br></div><div class="spacer battle-history"><br></div><div class="battle-history"><small>The opposing Mesprit restored a little HP using its Leftovers!</small><br></div><div class="spacer battle-history"><br></div><div class="battle-history">Go! <strong>Mesprit</strong>!<br></div><div class="battle-history"><small>Pointed stones dug into Mesprit!</small><br></div><div class="spacer battle-history"><br></div><h2 class="battle-history">Turn 20</h2><div class="spacer battle-history"><br></div><div class="battle-history">Mesprit used <strong>Signal Beam</strong>!<br></div><div class="battle-history"><small>It's super effective!</small><br></div><div class="battle-history"><small>(The opposing Mesprit lost <abbr title="−258/364">70.9%</abbr> of its health!)</small><br></div><div class="spacer battle-history"><br></div><div class="battle-history">The opposing Mesprit used <strong>Thunder Wave</strong>!<br></div><div class="battle-history"><small>Mesprit is paralyzed! It may be unable to move!</small><br></div><div class="spacer battle-history"><br></div><div class="battle-history"><small>The opposing Mesprit restored a little HP using its Leftovers!</small><br></div><div class="spacer battle-history"><br></div><h2 class="battle-history">Turn 21</h2><div class="spacer battle-history"><br></div><div class="battle-history">The opposing Mesprit used <strong>Psychic</strong>!<br></div><div class="battle-history"><small>It's not very effective...</small><br></div><div class="battle-history"><small>(Mesprit lost <abbr title="−52/301">17.3%</abbr> of its health!)</small><br></div><div class="spacer battle-history"><br></div><div class="battle-history">Mesprit is paralyzed! It can't move!<br></div><div class="spacer battle-history"><br></div><div class="battle-history"><small>The opposing Mesprit restored a little HP using its Leftovers!</small><br></div><div class="spacer battle-history"><br></div><h2 class="battle-history">Turn 22</h2><div class="spacer battle-history"><br></div><div class="battle-history">The opposing Mesprit used <strong>U-turn</strong>!<br></div><div class="battle-history"><small>It's super effective!</small><br></div><div class="battle-history"><small>(Mesprit lost <abbr title="−100/301">33.2%</abbr> of its health!)</small><br></div><div class="spacer battle-history"><br></div><div class="battle-history">The opposing Mesprit went back to Thomas_633!<br></div><div class="battle-history">Thomas_633 sent out Swagsire (<strong>Quagsire</strong>)!<br></div><div class="battle-history"><small>Pointed stones dug into the opposing Swagsire!</small><br></div><div class="spacer battle-history"><br></div><div class="battle-history">Mesprit is paralyzed! It can't move!<br></div><div class="spacer battle-history"><br></div><div class="battle-history"><small>The opposing Swagsire restored a little HP using its Leftovers!</small><br></div><div class="spacer battle-history"><br></div><h2 class="battle-history">Turn 23</h2><div class="spacer battle-history"><br></div><div class="battle-history">The opposing Swagsire used <strong>Scald</strong>!<br></div><div class="battle-history"><small>(Mesprit lost <abbr title="−66/301">21.9%</abbr> of its health!)</small><br></div><div class="spacer battle-history"><br></div><div class="battle-history">Mesprit used <strong>Signal Beam</strong>!<br></div><div class="battle-history"><small>(The opposing Swagsire lost <abbr title="−165/394">41.9%</abbr> of its health!)</small><br></div><div class="spacer battle-history"><br></div><div class="battle-history"><small>The opposing Swagsire restored a little HP using its Leftovers!</small><br></div><div class="spacer battle-history"><br></div><h2 class="battle-history">Turn 24</h2><div class="spacer battle-history"><br></div><div class="battle-history">The opposing Swagsire used <strong>Scald</strong>!<br></div><div class="battle-history"><small>(Mesprit lost <abbr title="−9/301">3.0%</abbr> of its health!)</small><br></div><div class="spacer battle-history"><br></div><div class="battle-history">Mesprit fainted!<br></div><div class="spacer battle-history"><br></div><div class="battle-history"><small>The opposing Swagsire restored a little HP using its Leftovers!</small><br></div><div class="spacer battle-history"><br></div><div class="battle-history">Go! <strong>Vileplume</strong>!<br></div><div class="battle-history"><small>Pointed stones dug into Vileplume!</small><br></div><div class="spacer battle-history"><br></div><h2 class="battle-history">Turn 25</h2><div class="chat chatmessage-thomas633"><strong style="color:hsl(232,76%,60.30975110061317%)"><small>☆</small><span class="username" data-name="Thomas_633">Thomas_633</span>:</strong> <em>im kinda boned</em></div><div class="spacer battle-history"><br></div><div class="battle-history">Vileplume used <strong>Giga Drain</strong>!<br></div><div class="battle-history"><small>It's super effective!</small><br></div><div class="battle-history"><small>(The opposing Swagsire lost <abbr title="−277/394">70.3%</abbr> of its health!)</small><br></div><div class="battle-history"><small>The opposing Swagsire had its energy drained!</small><br></div><div class="spacer battle-history"><br></div><div class="battle-history">The opposing Swagsire fainted!<br></div><div class="spacer battle-history"><br></div><div class="battle-history"><small>Vileplume restored a little HP using its Black Sludge!</small><br></div><div class="spacer battle-history"><br></div><div class="battle-history">Thomas_633 sent out Brontosaurus (<strong>Aurorus</strong>)!<br></div><div class="battle-history"><small>Pointed stones dug into the opposing Brontosaurus!</small><br></div><div class="spacer battle-history"><br></div><h2 class="battle-history">Turn 26</h2><div class="spacer battle-history"><br></div><div class="battle-history">The opposing Brontosaurus used <strong>Hyper Voice</strong>!<br></div><div class="battle-history"><small>It's super effective!</small><br></div><div class="battle-history"><small>(Vileplume lost <abbr title="−343/354">96.9%</abbr> of its health!)</small><br></div><div class="spacer battle-history"><br></div><div class="battle-history">Vileplume fainted!<br></div><div class="spacer battle-history"><br></div><div class="battle-history">Go! <strong>Hitmonchan</strong>!<br></div><div class="battle-history"><small>Pointed stones dug into Hitmonchan!</small><br></div><div class="spacer battle-history"><br></div><h2 class="battle-history">Turn 27</h2><div class="chat chatmessage-basedloser"><strong style="color:hsl(2,89%,44.31893825281939%)"><small>☆</small><span class="username" data-name="Based Loser">Based Loser</span>:</strong> <em>gg</em></div><div class="spacer battle-history"><br></div><div class="battle-history">Hitmonchan used <strong>Mach Punch</strong>!<br></div><div class="battle-history"><small>It's super effective!</small><br></div><div class="battle-history"><small>(The opposing Brontosaurus lost <abbr title="−291/387">75.2%</abbr> of its health!)</small><br></div><div class="spacer battle-history"><br></div><div class="battle-history">The opposing Brontosaurus fainted!<br></div><div class="spacer battle-history"><br></div><div class="battle-history">Thomas_633 sent out <strong>Mesprit</strong>!<br></div><div class="battle-history"><small>Pointed stones dug into the opposing Mesprit!</small><br></div><div class="spacer battle-history"><br></div><h2 class="battle-history">Turn 28</h2><div class="spacer battle-history"><br></div><div class="battle-history">Hitmonchan used <strong>Ice Punch</strong>!<br></div><div class="battle-history"><small>(The opposing Mesprit lost <abbr title="−45/364">12.4%</abbr> of its health!)</small><br></div><div class="spacer battle-history"><br></div><div class="battle-history">The opposing Mesprit fainted!<br></div><div class="spacer battle-history"><br></div><div class="battle-history"><strong>Based Loser</strong> won the battle!<br></div><div class="chat chatmessage-basedloser"><strong style="color:hsl(2,89%,44.31893825281939%)"><small>☆</small><span class="username" data-name="Based Loser">Based Loser</span>:</strong> <em>wp</em></div><div class="chat"><small>Thomas_633 left.</small></div></div><div class="inner-preempt"></div></div></div>
</div>
<script>
let daily = Math.floor(Date.now()/1000/60/60/24);document.write('<script src="https://play.pokemonshowdown.com/js/replay-embed.js?version'+daily+'"></'+'script>');
</script>
