<!DOCTYPE html>
<meta charset="utf-8" />
<!-- version 1 -->
<title>NU replay: Sableye♥My♥Bae vs. Matter of the dark</title>
<style>
html,body {font-family:Verdana, sans-serif;font-size:10pt;margin:0;padding:0;}body{padding:12px 0;} .battle-log {font-family:Verdana, sans-serif;font-size:10pt;} .battle-log-inline {border:1px solid #AAAAAA;background:#EEF2F5;color:black;max-width:640px;margin:0 auto 80px;padding-bottom:5px;} .battle-log .inner {padding:4px 8px 0px 8px;} .battle-log .inner-preempt {padding:0 8px 4px 8px;} .battle-log .inner-after {margin-top:0.5em;} .battle-log h2 {margin:0.5em -8px;padding:4px 8px;border:1px solid #AAAAAA;background:#E0E7EA;border-left:0;border-right:0;font-family:Verdana, sans-serif;font-size:13pt;} .battle-log .chat {vertical-align:middle;padding:3px 0 3px 0;font-size:8pt;} .battle-log .chat strong {color:#40576A;} .battle-log .chat em {padding:1px 4px 1px 3px;color:#000000;font-style:normal;} .chat.mine {background:rgba(0,0,0,0.05);margin-left:-8px;margin-right:-8px;padding-left:8px;padding-right:8px;} .spoiler {color:#BBBBBB;background:#BBBBBB;padding:0px 3px;} .spoiler:hover, .spoiler:active, .spoiler-shown {color:#000000;background:#E2E2E2;padding:0px 3px;} .spoiler a {color:#BBBBBB;} .spoiler:hover a, .spoiler:active a, .spoiler-shown a {color:#2288CC;} .chat code, .chat .spoiler:hover code, .chat .spoiler:active code, .chat .spoiler-shown code {border:1px solid #C0C0C0;background:#EEEEEE;color:black;padding:0 2px;} .chat .spoiler code {border:1px solid #CCCCCC;background:#CCCCCC;color:#CCCCCC;} .battle-log .rated {padding:3px 4px;} .battle-log .rated strong {color:white;background:#89A;padding:1px 4px;border-radius:4px;} .spacer {margin-top:0.5em;} .message-announce {background:#6688AA;color:white;padding:1px 4px 2px;} .message-announce a, .broadcast-green a, .broadcast-blue a, .broadcast-red a {color:#DDEEFF;} .broadcast-green {background-color:#559955;color:white;padding:2px 4px;} .broadcast-blue {background-color:#6688AA;color:white;padding:2px 4px;} .infobox {border:1px solid #6688AA;padding:2px 4px;} .infobox-limited {max-height:200px;overflow:auto;overflow-x:hidden;} .broadcast-red {background-color:#AA5544;color:white;padding:2px 4px;} .message-learn-canlearn {font-weight:bold;color:#228822;text-decoration:underline;} .message-learn-cannotlearn {font-weight:bold;color:#CC2222;text-decoration:underline;} .message-effect-weak {font-weight:bold;color:#CC2222;} .message-effect-resist {font-weight:bold;color:#6688AA;} .message-effect-immune {font-weight:bold;color:#666666;} .message-learn-list {margin-top:0;margin-bottom:0;} .message-throttle-notice, .message-error {color:#992222;} .message-overflow, .chat small.message-overflow {font-size:0pt;} .message-overflow::before {font-size:9pt;content:'...';} .subtle {color:#3A4A66;}
</style>
<div class="wrapper replay-wrapper" style="max-width:1180px;margin:0 auto">
<input type="hidden" name="replayid" value="nu-559228571" />
<div class="battle"></div><div class="battle-log"></div><div class="replay-controls"></div><div class="replay-controls-2"></div>
<h1 style="font-weight:normal;text-align:center"><strong>NU</strong><br /><a href="http://pokemonshowdown.com/users/sableyemybae" class="subtle" target="_blank">Sableye♥My♥Bae</a> vs. <a href="http://pokemonshowdown.com/users/matterofthedark" class="subtle" target="_blank">Matter of the dark</a></h1>
<script type="text/plain" class="battle-log-data">|j|Sableye♥My♥Bae
|j|Matter of the dark
|player|p1|Sableye♥My♥Bae|70
|player|p2|Matter of the dark|210
|gametype|singles
|gen|6
|tier|NU
|seed|18000,18130,49062,32999
|rule|Sleep Clause Mod: Limit one foe put to sleep
|rule|Species Clause: Limit one of each Pokémon
|rule|OHKO Clause: OHKO moves are banned
|rule|Moody Clause: Moody is banned
|rule|Evasion Moves Clause: Evasion moves are banned
|rule|Endless Battle Clause: Forcing endless battles is banned
|rule|HP Percentage Mod: HP is shown in percentages
|clearpoke
|poke|p1|Clefairy, F|item
|poke|p1|Steelix, F|item
|poke|p1|Hariyama, M|item
|poke|p1|Vileplume, M|item
|poke|p1|Xatu, F|item
|poke|p1|Liepard, F|item
|poke|p2|Vileplume, M|item
|poke|p2|Tauros, M|item
|poke|p2|Rhydon, F|item
|poke|p2|Lanturn, F|item
|poke|p2|Mesprit|item
|poke|p2|Gurdurr, M|item
|rule|Swagger Clause: Swagger is banned
|rule|Baton Pass Clause: Limit one Baton Passer, can't pass Spe and other stats simultaneously
|teampreview
|j|Stats Bot
|l|Stats Bot
|j|duchboy
|c|☆Matter of the dark|hf
|j|male666
|l|duchboy
|j|Silverdrag-N
|c|☆Sableye♥My♥Bae|you too
|j|TheNewBrends11
|j|SlyolDFS
|j|hamhamhamham
|j|DTinley98
|choice|team 6, team 2, team 3, team 4, team 5, team 1|team 3, team 2, team 1, team 4, team 5, team 6
|
|start
|switch|p1a: Liepard|Liepard, F|269\/269
|switch|p2a: Rhydon|Rhydon, F|413\/413
|turn|1
|c| hamhamhamham|is that a forum team sableyemybae
|j|GaryAjax
|c|☆Sableye♥My♥Bae|y
|j|Ice Braand
|c| hamhamhamham|it has nice colour coordination lol
|c|☆Sableye♥My♥Bae|haha
|choice|move uturn|move rockblast
|
|move|p1a: Liepard|U-turn|p2a: Rhydon
|-damage|p2a: Rhydon|360\/413
|j|Dire Strait
|j|Sk Y zUmA
|l|DTinley98
|choice|switch 4|
|
|switch|p1a: Vileplume|Vileplume, M|353\/353
|move|p2a: Rhydon|Rock Blast|p1a: Vileplume
|-damage|p1a: Vileplume|316\/353
|-damage|p1a: Vileplume|283\/353
|-damage|p1a: Vileplume|249\/353
|-hitcount|p1a: Vileplume|3
|
|-heal|p1a: Vileplume|271\/353|[from] item: Black Sludge
|upkeep
|turn|2
|c|☆Matter of the dark|free rocks
|j|Ninjadog13
|c|☆Sableye♥My♥Bae|yup
|choice|move gigadrain|switch 3
|
|switch|p2a: Vileplume|Vileplume, M|342\/342
|move|p1a: Vileplume|Giga Drain|p2a: Vileplume
|-resisted|p2a: Vileplume
|-damage|p2a: Vileplume|314\/342
|-heal|p1a: Vileplume|285\/353|[from] drain|[of] p2a: Vileplume
|
|-heal|p2a: Vileplume|335\/342|[from] item: Black Sludge
|-heal|p1a: Vileplume|307\/353|[from] item: Black Sludge
|upkeep
|turn|3
|choice|switch 2|move sludgebomb
|
|switch|p1a: Steelix|Steelix, F|353\/353
|move|p2a: Vileplume|Sludge Bomb|p1a: Steelix
|-immune|p1a: Steelix|[msg]
|
|-heal|p2a: Vileplume|342\/342|[from] item: Black Sludge
|upkeep
|turn|4
|j|dejejr
|j|Chrus is nub
|choice|move stealthrock|move hiddenpower
|
|move|p2a: Vileplume|Hidden Power|p1a: Steelix
|-supereffective|p1a: Steelix
|-damage|p1a: Steelix|189\/353
|move|p1a: Steelix|Stealth Rock|p2a: Vileplume
|-sidestart|p2: Matter of the dark|move: Stealth Rock
|
|-heal|p1a: Steelix|211\/353|[from] item: Leftovers
|upkeep
|turn|5
|choice|switch 5|move hiddenpower
|
|switch|p1a: Xatu|Xatu, F|333\/333
|move|p2a: Vileplume|Hidden Power|p1a: Xatu
|-damage|p1a: Xatu|236\/333
|
|-heal|p1a: Xatu|256\/333|[from] item: Leftovers
|upkeep
|turn|6
|l|male666
|choice|switch 2|switch 5
|
|switch|p1a: Vileplume|Vileplume, M|307\/353
|switch|p2a: Mesprit|Mesprit|301\/301
|-damage|p2a: Mesprit|264\/301|[from] Stealth Rock
|
|-heal|p1a: Vileplume|329\/353|[from] item: Black Sludge
|upkeep
|turn|7
|j|Kasper Dolberg
|choice|switch 6|move psychic
|
|switch|p1a: Clefairy|Clefairy, F|343\/343
|move|p2a: Mesprit|Psychic|p1a: Clefairy
|-damage|p1a: Clefairy|261\/343
|
|upkeep
|turn|8
|choice|move knockoff|switch 5
|
|switch|p2a: Vileplume|Vileplume, M|342\/342
|-damage|p2a: Vileplume|300\/342|[from] Stealth Rock
|move|p1a: Clefairy|Knock Off|p2a: Vileplume
|-damage|p2a: Vileplume|254\/342
|-status|p1a: Clefairy|slp|[from] ability: Effect Spore|[of] p2a: Vileplume
|-enditem|p2a: Vileplume|Black Sludge|[from] move: Knock Off|[of] p1a: Clefairy
|
|upkeep
|turn|9
|c|☆Sableye♥My♥Bae|rip
|c|☆Matter of the dark|lul
|j|pikaxo
|choice|switch 5|move hiddenpower
|
|switch|p1a: Steelix|Steelix, F|211\/353
|move|p2a: Vileplume|Hidden Power|p1a: Steelix
|-supereffective|p1a: Steelix
|-damage|p1a: Steelix|71\/353
|
|-heal|p1a: Steelix|93\/353|[from] item: Leftovers
|upkeep
|turn|10
|choice|switch 2|move gigadrain
|
|switch|p1a: Xatu|Xatu, F|256\/333
|move|p2a: Vileplume|Giga Drain|p1a: Xatu
|-resisted|p1a: Xatu
|-damage|p1a: Xatu|169\/333
|-heal|p2a: Vileplume|298\/342|[from] drain|[of] p1a: Xatu
|
|-heal|p1a: Xatu|189\/333|[from] item: Leftovers
|upkeep
|turn|11
|choice|move roost|move sludgebomb
|
|move|p1a: Xatu|Roost|p1a: Xatu
|-heal|p1a: Xatu|333\/333
|move|p2a: Vileplume|Sludge Bomb|p1a: Xatu
|-damage|p1a: Xatu|110\/333
|
|-heal|p1a: Xatu|130\/333|[from] item: Leftovers
|upkeep
|turn|12
|choice|move roost|move sludgebomb
|
|move|p1a: Xatu|Roost|p1a: Xatu
|-heal|p1a: Xatu|297\/333
|move|p2a: Vileplume|Sludge Bomb|p1a: Xatu
|-crit|p1a: Xatu
|-damage|p1a: Xatu|0 fnt
|faint|p1a: Xatu
|
|upkeep
|c|☆Matter of the dark|that is what you get for roost stalling
|choice|switch 4|
|
|switch|p1a: Liepard|Liepard, F|269\/269
|turn|13
|c|☆Matter of the dark|:u
|c|☆Sableye♥My♥Bae|if you say so
|choice|move uturn|switch 6
|
|switch|p2a: Gurdurr|Gurdurr, M|374\/374
|-damage|p2a: Gurdurr|351\/374|[from] Stealth Rock
|move|p1a: Liepard|U-turn|p2a: Gurdurr
|-resisted|p2a: Gurdurr
|-damage|p2a: Gurdurr|319\/374
|l|Chrus is nub
|choice|switch 6|
|
|switch|p1a: Vileplume|Vileplume, M|329\/353
|
|-heal|p1a: Vileplume|351\/353|[from] item: Black Sludge
|upkeep
|turn|14
|choice|move sludgebomb|move knockoff
|
|move|p1a: Vileplume|Sludge Bomb|p2a: Gurdurr
|-damage|p2a: Gurdurr|180\/374
|-status|p2a: Gurdurr|psn
|move|p2a: Gurdurr|Knock Off|p1a: Vileplume
|-damage|p1a: Vileplume|232\/353
|-enditem|p1a: Vileplume|Black Sludge|[from] move: Knock Off|[of] p2a: Gurdurr
|
|-damage|p2a: Gurdurr|134\/374 psn|[from] psn
|upkeep
|turn|15
|j|widdle doge
|choice|move sludgebomb|move knockoff
|
|move|p1a: Vileplume|Sludge Bomb|p2a: Gurdurr
|-damage|p2a: Gurdurr|0 fnt
|faint|p2a: Gurdurr
|
|upkeep
|choice||switch 5
|
|switch|p2a: Mesprit|Mesprit|264\/301
|-damage|p2a: Mesprit|227\/301|[from] Stealth Rock
|turn|16
|choice|switch 6|move icebeam
|
|switch|p1a: Liepard|Liepard, F|269\/269
|move|p2a: Mesprit|Ice Beam|p1a: Liepard
|-damage|p1a: Liepard|122\/269
|
|upkeep
|turn|17
|j|parivard☎☀️
|l|widdle doge
|J|Giratina Breeds
|choice|switch 5|move icebeam
|
|switch|p1a: Clefairy|Clefairy, F|261\/343 slp
|move|p2a: Mesprit|Ice Beam|p1a: Clefairy
|-damage|p1a: Clefairy|207\/343 slp
|
|upkeep
|turn|18
|choice|move softboiled|switch 6
|
|switch|p2a: Vileplume|Vileplume, M|298\/342
|-damage|p2a: Vileplume|256\/342|[from] Stealth Rock
|cant|p1a: Clefairy|slp
|
|upkeep
|turn|19
|choice|switch 3|move gigadrain
|
|switch|p1a: Hariyama|Hariyama, M|429\/429
|move|p2a: Vileplume|Giga Drain|p1a: Hariyama
|-damage|p1a: Hariyama|327\/429
|-heal|p2a: Vileplume|307\/342|[from] drain|[of] p1a: Hariyama
|
|upkeep
|turn|20
|choice|move fakeout|switch 4
|
|switch|p2a: Lanturn|Lanturn, F|391\/391
|-damage|p2a: Lanturn|343\/391|[from] Stealth Rock
|move|p1a: Hariyama|Fake Out|p2a: Lanturn
|-damage|p2a: Lanturn|262\/391
|
|upkeep
|turn|21
|j|Novakrieger
|choice|move knockoff|move scald
|
|move|p2a: Lanturn|Scald|p1a: Hariyama
|-damage|p1a: Hariyama|237\/429
|move|p1a: Hariyama|Knock Off|p2a: Lanturn
|-damage|p2a: Lanturn|80\/391
|-enditem|p2a: Lanturn|Assault Vest|[from] move: Knock Off|[of] p1a: Hariyama
|
|upkeep
|turn|22
|choice|switch 3|move scald
|
|switch|p1a: Clefairy|Clefairy, F|207\/343 slp
|move|p2a: Lanturn|Scald|p1a: Clefairy
|-damage|p1a: Clefairy|135\/343 slp
|
|upkeep
|turn|23
|choice|move softboiled|move scald
|
|move|p2a: Lanturn|Scald|p1a: Clefairy
|-damage|p1a: Clefairy|62\/343 slp
|cant|p1a: Clefairy|slp
|
|upkeep
|turn|24
|choice|move softboiled|move scald
|
|move|p2a: Lanturn|Scald|p1a: Clefairy
|-damage|p1a: Clefairy|0 fnt
|faint|p1a: Clefairy
|
|upkeep
|choice|switch 5|
|
|switch|p1a: Liepard|Liepard, F|122\/269
|turn|25
|choice|move uturn|move scald
|
|move|p1a: Liepard|U-turn|p2a: Lanturn
|-damage|p2a: Lanturn|0 fnt
|faint|p2a: Lanturn
|choice|switch 3|
|
|switch|p1a: Hariyama|Hariyama, M|237\/429
|
|upkeep
|j|maximumzeid
|choice||switch 6
|
|switch|p2a: Mesprit|Mesprit|227\/301
|-damage|p2a: Mesprit|190\/301|[from] Stealth Rock
|turn|26
|l|parivard☎☀️
|l|Novakrieger
|choice|move fakeout|move psychic
|
|move|p1a: Hariyama|Fake Out|p2a: Mesprit
|-damage|p2a: Mesprit|143\/301
|cant|p2a: Mesprit|flinch
|
|upkeep
|turn|27
|choice|move knockoff|move icebeam
|
|move|p2a: Mesprit|Ice Beam|p1a: Hariyama
|-damage|p1a: Hariyama|203\/429
|move|p1a: Hariyama|Knock Off|p2a: Mesprit
|-supereffective|p2a: Mesprit
|-damage|p2a: Mesprit|0 fnt
|-enditem|p2a: Mesprit|Choice Scarf|[from] move: Knock Off|[of] p1a: Hariyama
|faint|p2a: Mesprit
|
|upkeep
|choice||switch 2
|
|switch|p2a: Tauros|Tauros, M|291\/291
|-damage|p2a: Tauros|255\/291|[from] Stealth Rock
|turn|28
|j|Billbob5678
|l|Ninjadog13
|choice|switch 2|move rockclimb
|
|switch|p1a: Steelix|Steelix, F|93\/353
|move|p2a: Tauros|Rock Climb|p1a: Steelix
|-resisted|p1a: Steelix
|-damage|p1a: Steelix|33\/353
|
|-heal|p1a: Steelix|55\/353|[from] item: Leftovers
|upkeep
|turn|29
|choice|move earthquake|move earthquake
|
|move|p2a: Tauros|Earthquake|p1a: Steelix
|-supereffective|p1a: Steelix
|-damage|p1a: Steelix|0 fnt
|-damage|p2a: Tauros|226\/291|[from] item: Life Orb
|faint|p1a: Steelix
|
|upkeep
|choice|switch 6|
|
|switch|p1a: Vileplume|Vileplume, M|232\/353
|turn|30
|choice|move moonlight|switch 4
|
|switch|p2a: Vileplume|Vileplume, M|307\/342
|-damage|p2a: Vileplume|265\/342|[from] Stealth Rock
|move|p1a: Vileplume|Moonlight|p1a: Vileplume
|-heal|p1a: Vileplume|353\/353
|
|upkeep
|turn|31
|choice|move sludgebomb|move sludgebomb
|
|move|p2a: Vileplume|Sludge Bomb|p1a: Vileplume
|-damage|p1a: Vileplume|175\/353
|move|p1a: Vileplume|Sludge Bomb|p2a: Vileplume
|-damage|p2a: Vileplume|136\/342
|
|upkeep
|turn|32
|j|Moon Sugar
|choice|move moonlight|move sludgebomb
|
|move|p2a: Vileplume|Sludge Bomb|p1a: Vileplume
|-damage|p1a: Vileplume|3\/353
|move|p1a: Vileplume|Moonlight|p1a: Vileplume
|-heal|p1a: Vileplume|179\/353
|
|upkeep
|turn|33
|l|maximumzeid
|c| Moon Sugar|clutch
|choice|move moonlight|move synthesis
|
|move|p2a: Vileplume|Synthesis|p2a: Vileplume
|-heal|p2a: Vileplume|307\/342
|move|p1a: Vileplume|Moonlight|p1a: Vileplume
|-heal|p1a: Vileplume|353\/353
|
|upkeep
|turn|34
|j|X-Shout
|choice|switch 3|move sludgebomb
|
|switch|p1a: Liepard|Liepard, F|122\/269
|move|p2a: Vileplume|Sludge Bomb|p1a: Liepard
|-damage|p1a: Liepard|0 fnt
|faint|p1a: Liepard
|
|upkeep
|choice|switch 2|
|
|switch|p1a: Hariyama|Hariyama, M|203\/429
|turn|35
|l|X-Shout
|l|Billbob5678
|choice|move closecombat|switch 3
|
|switch|p2a: Rhydon|Rhydon, F|360\/413
|-damage|p2a: Rhydon|335\/413|[from] Stealth Rock
|move|p1a: Hariyama|Close Combat|p2a: Rhydon
|-supereffective|p2a: Rhydon
|-damage|p2a: Rhydon|81\/413
|-unboost|p1a: Hariyama|def|1
|-unboost|p1a: Hariyama|spd|1
|
|upkeep
|turn|36
|c| Dire Strait|Tu pudes bb
|c| Dire Strait|No me decepciones
|j|Xandrientje
|j|Baenisme
|l|Baenisme
|j|kahunakiawe
|c|☆Matter of the dark|knock doens't kill
|c|☆Matter of the dark|?
|c|☆Matter of the dark|u there
|j|Kleinstein1003
|choice|move closecombat|move stealthrock
|
|move|p1a: Hariyama|Close Combat|p2a: Rhydon
|-supereffective|p2a: Rhydon
|-damage|p2a: Rhydon|0 fnt
|-unboost|p1a: Hariyama|def|1
|-unboost|p1a: Hariyama|spd|1
|faint|p2a: Rhydon
|
|upkeep
|choice||switch 4
|
|switch|p2a: Tauros|Tauros, M|226\/291
|-damage|p2a: Tauros|190\/291|[from] Stealth Rock
|turn|37
|choice|switch 3|move rockclimb
|
|switch|p1a: Vileplume|Vileplume, M|353\/353
|move|p2a: Tauros|Rock Climb|p1a: Vileplume
|-damage|p1a: Vileplume|157\/353
|
|upkeep
|turn|38
|c|☆Matter of the dark|pls
|c|☆Matter of the dark|tauros
|c|☆Matter of the dark|i belive in you
|c|☆Matter of the dark|just hit this
|c| Moon Sugar|miss
|choice|move moonlight|move rockclimb
|
|move|p2a: Tauros|Rock Climb|p1a: Vileplume|[miss]
|-miss|p2a: Tauros|p1a: Vileplume
|move|p1a: Vileplume|Moonlight|p1a: Vileplume
|-heal|p1a: Vileplume|333\/353
|
|upkeep
|turn|39
|c|☆Matter of the dark|ffffffffu
|choice|move sludgebomb|move rockclimb
|
|move|p2a: Tauros|Rock Climb|p1a: Vileplume
|-damage|p1a: Vileplume|154\/353
|-status|p2a: Tauros|par|[from] ability: Effect Spore|[of] p1a: Vileplume
|move|p1a: Vileplume|Sludge Bomb|p2a: Tauros
|-damage|p2a: Tauros|10\/291 par
|
|upkeep
|turn|40
|j|LOL FUCK YOU LOL
|choice|move moonlight|move rockclimb
|
|move|p1a: Vileplume|Moonlight|p1a: Vileplume
|-heal|p1a: Vileplume|330\/353
|move|p2a: Tauros|Rock Climb|p1a: Vileplume
|-damage|p1a: Vileplume|147\/353
|
|upkeep
|turn|41
|j|Broken And Lost
|c| LOL FUCK YOU LOL|LOL FUCK YOU LOL
|choice|move moonlight|move rockclimb
|
|move|p1a: Vileplume|Moonlight|p1a: Vileplume
|-heal|p1a: Vileplume|323\/353
|move|p2a: Tauros|Rock Climb|p1a: Vileplume
|-damage|p1a: Vileplume|120\/353
|
|upkeep
|turn|42
|choice|move moonlight|move rockclimb
|
|move|p1a: Vileplume|Moonlight|p1a: Vileplume
|-heal|p1a: Vileplume|296\/353
|move|p2a: Tauros|Rock Climb|p1a: Vileplume
|-damage|p1a: Vileplume|101\/353
|
|upkeep
|turn|43
|choice|move moonlight|move rockclimb
|
|move|p1a: Vileplume|Moonlight|p1a: Vileplume
|-heal|p1a: Vileplume|277\/353
|move|p2a: Tauros|Rock Climb|p1a: Vileplume
|-damage|p1a: Vileplume|92\/353
|
|upkeep
|turn|44
|c| Xandrientje|crit inc
|choice|move gigadrain|move rockclimb
|
|move|p1a: Vileplume|Giga Drain|p2a: Tauros
|-damage|p2a: Tauros|0 fnt
|-heal|p1a: Vileplume|97\/353|[from] drain|[of] p2a: Tauros
|faint|p2a: Tauros
|
|upkeep
|choice||switch 3
|
|switch|p2a: Vileplume|Vileplume, M|307\/342
|-damage|p2a: Vileplume|265\/342|[from] Stealth Rock
|turn|45
|l|GaryAjax
|c| Moon Sugar|tauros not trying to disappoint you
|c| Moon Sugar|what a champ
|choice|move sludgebomb|move sludgebomb
|
|move|p2a: Vileplume|Sludge Bomb|p1a: Vileplume
|-damage|p1a: Vileplume|0 fnt
|faint|p1a: Vileplume
|
|upkeep
|c|☆Matter of the dark|i see
|choice|switch 3|
|
|switch|p1a: Hariyama|Hariyama, M|203\/429
|turn|46
|choice|move fakeout|move gigadrain
|
|move|p1a: Hariyama|Fake Out|p2a: Vileplume
|-damage|p2a: Vileplume|204\/342
|cant|p2a: Vileplume|flinch
|
|upkeep
|turn|47
|c|☆Matter of the dark|do dmg
|choice|move closecombat|move gigadrain
|
|move|p1a: Hariyama|Close Combat|p2a: Vileplume
|-resisted|p2a: Vileplume
|-damage|p2a: Vileplume|73\/342
|-unboost|p1a: Hariyama|def|1
|-unboost|p1a: Hariyama|spd|1
|move|p2a: Vileplume|Giga Drain|p1a: Hariyama
|-damage|p1a: Hariyama|44\/429
|-heal|p2a: Vileplume|153\/342|[from] drain|[of] p1a: Hariyama
|
|upkeep
|turn|48
|choice|move closecombat|move gigadrain
|
|move|p1a: Hariyama|Close Combat|p2a: Vileplume
|-resisted|p2a: Vileplume
|-damage|p2a: Vileplume|33\/342
|-unboost|p1a: Hariyama|def|1
|-unboost|p1a: Hariyama|spd|1
|move|p2a: Vileplume|Giga Drain|p1a: Hariyama
|-damage|p1a: Hariyama|0 fnt
|-heal|p2a: Vileplume|55\/342|[from] drain|[of] p1a: Hariyama
|faint|p1a: Hariyama
|
|win|Matter of the dark
|c|☆Matter of the dark|gg
|c|☆Sableye♥My♥Bae|gg
|l|Broken And Lost
|l|Ice Braand
|l|Moon Sugar
|l|Matter of the dark
|l|Sableye♥My♥Bae
|l|Xandrientje
|l|Kleinstein1003
|l|hamhamhamham
|j|Matter of the dark
|l|SlyolDFS
|l|Matter of the dark
|j|Pradhaaan</script>
</div>
<div class="battle-log battle-log-inline"><div class="inner"><div class="battle-options"></div><div class="inner"><div class="chat"><small>Sableye♥My♥Bae joined.</small></div><div class="chat"><small>Matter of the dark joined.</small></div><div class=""><small>Format:</small> <br><strong>NU</strong></div><div class=""><small><em>Sleep Clause Mod:</em> Limit one foe put to sleep</small></div><div class=""><small><em>Species Clause:</em> Limit one of each Pokémon</small></div><div class=""><small><em>OHKO Clause:</em> OHKO moves are banned</small></div><div class=""><small><em>Moody Clause:</em> Moody is banned</small></div><div class=""><small><em>Evasion Moves Clause:</em> Evasion moves are banned</small></div><div class=""><small><em>Endless Battle Clause:</em> Forcing endless battles is banned</small></div><div class=""><small><em>HP Percentage Mod:</em> HP is shown in percentages</small></div><div class=""><small><em>Swagger Clause:</em> Swagger is banned</small></div><div class=""><small><em>Baton Pass Clause:</em> Limit one Baton Passer, can't pass Spe and other stats simultaneously</small></div><div class="chat battle-history"><strong>Sableye♥My♥Bae's team:</strong> <em style="color:#445566;display:block;">Clefairy / Steelix / Hariyama / Vileplume / Xatu / Liepard</em></div><div class="chat battle-history"><strong>Matter of the dark's team:</strong> <em style="color:#445566;display:block;">Vileplume / Tauros / Rhydon / Lanturn / Mesprit / Gurdurr</em></div><div class="chat"><small>Stats Bot joined.</small></div><div class="chat"><small>Stats Bot left.</small></div><div class="chat"><small>duchboy joined.</small></div><div class="chat chatmessage-matterofthedark"><strong style="color:hsl(297,68%,48%)"><small>☆</small><span class="username" data-name="Matter of the dark">Matter of the dark</span>:</strong> <em>hf</em></div><div class="chat"><small>male666 joined.</small></div><div class="chat"><small>duchboy left.</small></div><div class="chat"><small>Silverdrag-N joined.</small></div><div class="chat chatmessage-sableyemybae"><strong style="color:hsl(63,53%,39.786338788226445%)"><small>☆</small><span class="username" data-name="Sableye♥My♥Bae">Sableye♥My♥Bae</span>:</strong> <em>you too</em></div><div class="chat"><small>TheNewBrends11 joined.</small></div><div class="chat"><small>SlyolDFS joined.</small></div><div class="chat"><small>hamhamhamham joined.</small></div><div class="chat"><small>DTinley98 joined.</small></div><div class="spacer battle-history"><br></div><div class="battle-history">Battle started between Sableye♥My♥Bae and Matter of the dark!<br></div><div class="spacer battle-history"><br></div><div class="battle-history">Go! <strong>Liepard</strong>!<br></div><div class="spacer battle-history"><br></div><div class="battle-history">Matter of the dark sent out <strong>Rhydon</strong>!<br></div><div class="spacer battle-history"><br></div><h2 class="battle-history">Turn 1</h2><div class="chat chatmessage-hamhamhamham"><strong style="color:hsl(320,86%,43%)"><small> </small><span class="username" data-name="hamhamhamham">hamhamhamham</span>:</strong> <em>is that a forum team sableyemybae</em></div><div class="chat"><small>GaryAjax joined.</small></div><div class="chat chatmessage-sableyemybae"><strong style="color:hsl(63,53%,39.786338788226445%)"><small>☆</small><span class="username" data-name="Sableye♥My♥Bae">Sableye♥My♥Bae</span>:</strong> <em>y</em></div><div class="chat"><small>Ice Braand joined.</small></div><div class="chat chatmessage-hamhamhamham"><strong style="color:hsl(320,86%,43%)"><small> </small><span class="username" data-name="hamhamhamham">hamhamhamham</span>:</strong> <em>it has nice colour coordination lol</em></div><div class="chat chatmessage-sableyemybae"><strong style="color:hsl(63,53%,39.786338788226445%)"><small>☆</small><span class="username" data-name="Sableye♥My♥Bae">Sableye♥My♥Bae</span>:</strong> <em>haha</em></div><div class="spacer battle-history"><br></div><div class="battle-history">Liepard used <strong>U-turn</strong>!<br></div><div class="battle-history"><small>(The opposing Rhydon lost <abbr title="−53/413">12.8%</abbr> of its health!)</small><br></div><div class="chat"><small>Dire Strait joined.</small></div><div class="chat"><small>Sk Y zUmA joined.</small></div><div class="chat"><small>DTinley98 left.</small></div><div class="spacer battle-history"><br></div><div class="battle-history">Liepard went back to Sableye♥My♥Bae!<br></div><div class="battle-history">Go! <strong>Vileplume</strong>!<br></div><div class="spacer battle-history"><br></div><div class="battle-history">The opposing Rhydon used <strong>Rock Blast</strong>!<br></div><div class="battle-history"><small>(Vileplume lost <abbr title="−37/353">10.5%</abbr> of its health!)</small><br></div><div class="battle-history"><small>(Vileplume lost <abbr title="−33/353">9.3%</abbr> of its health!)</small><br></div><div class="battle-history"><small>(Vileplume lost <abbr title="−34/353">9.6%</abbr> of its health!)</small><br></div><div class="battle-history"><small>Hit 3 times!</small><br></div><div class="spacer battle-history"><br></div><div class="battle-history"><small>Vileplume restored a little HP using its Black Sludge!</small><br></div><div class="spacer battle-history"><br></div><h2 class="battle-history">Turn 2</h2><div class="chat chatmessage-matterofthedark"><strong style="color:hsl(297,68%,48%)"><small>☆</small><span class="username" data-name="Matter of the dark">Matter of the dark</span>:</strong> <em>free rocks</em></div><div class="chat"><small>Ninjadog13 joined.</small></div><div class="chat chatmessage-sableyemybae"><strong style="color:hsl(63,53%,39.786338788226445%)"><small>☆</small><span class="username" data-name="Sableye♥My♥Bae">Sableye♥My♥Bae</span>:</strong> <em>yup</em></div><div class="spacer battle-history"><br></div><div class="battle-history">Matter of the dark withdrew Rhydon!<br></div><div class="battle-history">Matter of the dark sent out <strong>Vileplume</strong>!<br></div><div class="spacer battle-history"><br></div><div class="battle-history">Vileplume used <strong>Giga Drain</strong>!<br></div><div class="battle-history"><small>It's not very effective...</small><br></div><div class="battle-history"><small>(The opposing Vileplume lost <abbr title="−28/342">8.2%</abbr> of its health!)</small><br></div><div class="battle-history"><small>The opposing Vileplume had its energy drained!</small><br></div><div class="spacer battle-history"><br></div><div class="battle-history"><small>The opposing Vileplume restored a little HP using its Black Sludge!</small><br></div><div class="battle-history"><small>Vileplume restored a little HP using its Black Sludge!</small><br></div><div class="spacer battle-history"><br></div><h2 class="battle-history">Turn 3</h2><div class="spacer battle-history"><br></div><div class="battle-history">Vileplume, come back!<br></div><div class="battle-history">Go! <strong>Steelix</strong>!<br></div><div class="spacer battle-history"><br></div><div class="battle-history">The opposing Vileplume used <strong>Sludge Bomb</strong>!<br></div><div class="battle-history"><small>It doesn't affect Steelix...</small><br></div><div class="spacer battle-history"><br></div><div class="battle-history"><small>The opposing Vileplume restored a little HP using its Black Sludge!</small><br></div><div class="spacer battle-history"><br></div><h2 class="battle-history">Turn 4</h2><div class="chat"><small>dejejr joined.</small></div><div class="chat"><small>Chrus is nub joined.</small></div><div class="spacer battle-history"><br></div><div class="battle-history">The opposing Vileplume used <strong>Hidden Power</strong>!<br></div><div class="battle-history"><small>It's super effective!</small><br></div><div class="battle-history"><small>(Steelix lost <abbr title="−164/353">46.5%</abbr> of its health!)</small><br></div><div class="spacer battle-history"><br></div><div class="battle-history">Steelix used <strong>Stealth Rock</strong>!<br></div><div class="battle-history"><small>Pointed stones float in the air around the opposing team!</small><br></div><div class="spacer battle-history"><br></div><div class="battle-history"><small>Steelix restored a little HP using its Leftovers!</small><br></div><div class="spacer battle-history"><br></div><h2 class="battle-history">Turn 5</h2><div class="spacer battle-history"><br></div><div class="battle-history">Steelix, come back!<br></div><div class="battle-history">Go! <strong>Xatu</strong>!<br></div><div class="spacer battle-history"><br></div><div class="battle-history">The opposing Vileplume used <strong>Hidden Power</strong>!<br></div><div class="battle-history"><small>(Xatu lost <abbr title="−97/333">29.1%</abbr> of its health!)</small><br></div><div class="spacer battle-history"><br></div><div class="battle-history"><small>Xatu restored a little HP using its Leftovers!</small><br></div><div class="spacer battle-history"><br></div><h2 class="battle-history">Turn 6</h2><div class="chat"><small>male666 left.</small></div><div class="spacer battle-history"><br></div><div class="battle-history">Xatu, come back!<br></div><div class="battle-history">Go! <strong>Vileplume</strong>!<br></div><div class="spacer battle-history"><br></div><div class="battle-history">Matter of the dark withdrew Vileplume!<br></div><div class="battle-history">Matter of the dark sent out <strong>Mesprit</strong>!<br></div><div class="battle-history"><small>Pointed stones dug into the opposing Mesprit!</small><br></div><div class="spacer battle-history"><br></div><div class="battle-history"><small>Vileplume restored a little HP using its Black Sludge!</small><br></div><div class="spacer battle-history"><br></div><h2 class="battle-history">Turn 7</h2><div class="chat"><small>Kasper Dolberg joined.</small></div><div class="spacer battle-history"><br></div><div class="battle-history">Vileplume, come back!<br></div><div class="battle-history">Go! <strong>Clefairy</strong>!<br></div><div class="spacer battle-history"><br></div><div class="battle-history">The opposing Mesprit used <strong>Psychic</strong>!<br></div><div class="battle-history"><small>(Clefairy lost <abbr title="−82/343">23.9%</abbr> of its health!)</small><br></div><div class="spacer battle-history"><br></div><h2 class="battle-history">Turn 8</h2><div class="spacer battle-history"><br></div><div class="battle-history">Matter of the dark withdrew Mesprit!<br></div><div class="battle-history">Matter of the dark sent out <strong>Vileplume</strong>!<br></div><div class="battle-history"><small>Pointed stones dug into the opposing Vileplume!</small><br></div><div class="spacer battle-history"><br></div><div class="battle-history">Clefairy used <strong>Knock Off</strong>!<br></div><div class="battle-history"><small>(The opposing Vileplume lost <abbr title="−46/342">13.5%</abbr> of its health!)</small><br></div><div class="battle-history"><small>[The opposing Vileplume's Effect Spore]</small><br><small>Clefairy fell asleep!</small><br></div><div class="battle-history"><small>Clefairy knocked off the opposing Vileplume's Black Sludge!</small><br></div><div class="spacer battle-history"><br></div><h2 class="battle-history">Turn 9</h2><div class="chat chatmessage-sableyemybae"><strong style="color:hsl(63,53%,39.786338788226445%)"><small>☆</small><span class="username" data-name="Sableye♥My♥Bae">Sableye♥My♥Bae</span>:</strong> <em>rip</em></div><div class="chat chatmessage-matterofthedark"><strong style="color:hsl(297,68%,48%)"><small>☆</small><span class="username" data-name="Matter of the dark">Matter of the dark</span>:</strong> <em>lul</em></div><div class="chat"><small>pikaxo joined.</small></div><div class="spacer battle-history"><br></div><div class="battle-history">Clefairy, come back!<br></div><div class="battle-history">Go! <strong>Steelix</strong>!<br></div><div class="spacer battle-history"><br></div><div class="battle-history">The opposing Vileplume used <strong>Hidden Power</strong>!<br></div><div class="battle-history"><small>It's super effective!</small><br></div><div class="battle-history"><small>(Steelix lost <abbr title="−140/353">39.7%</abbr> of its health!)</small><br></div><div class="spacer battle-history"><br></div><div class="battle-history"><small>Steelix restored a little HP using its Leftovers!</small><br></div><div class="spacer battle-history"><br></div><h2 class="battle-history">Turn 10</h2><div class="spacer battle-history"><br></div><div class="battle-history">Steelix, come back!<br></div><div class="battle-history">Go! <strong>Xatu</strong>!<br></div><div class="spacer battle-history"><br></div><div class="battle-history">The opposing Vileplume used <strong>Giga Drain</strong>!<br></div><div class="battle-history"><small>It's not very effective...</small><br></div><div class="battle-history"><small>(Xatu lost <abbr title="−87/333">26.1%</abbr> of its health!)</small><br></div><div class="battle-history"><small>Xatu had its energy drained!</small><br></div><div class="spacer battle-history"><br></div><div class="battle-history"><small>Xatu restored a little HP using its Leftovers!</small><br></div><div class="spacer battle-history"><br></div><h2 class="battle-history">Turn 11</h2><div class="spacer battle-history"><br></div><div class="battle-history">Xatu used <strong>Roost</strong>!<br></div><div class="battle-history"><small>Xatu restored its HP.</small><br></div><div class="spacer battle-history"><br></div><div class="battle-history">The opposing Vileplume used <strong>Sludge Bomb</strong>!<br></div><div class="battle-history"><small>(Xatu lost <abbr title="−223/333">67.0%</abbr> of its health!)</small><br></div><div class="spacer battle-history"><br></div><div class="battle-history"><small>Xatu restored a little HP using its Leftovers!</small><br></div><div class="spacer battle-history"><br></div><h2 class="battle-history">Turn 12</h2><div class="spacer battle-history"><br></div><div class="battle-history">Xatu used <strong>Roost</strong>!<br></div><div class="battle-history"><small>Xatu restored its HP.</small><br></div><div class="spacer battle-history"><br></div><div class="battle-history">The opposing Vileplume used <strong>Sludge Bomb</strong>!<br></div><div class="battle-history"><small>A critical hit!</small><br></div><div class="battle-history"><small>(Xatu lost <abbr title="−297/333">89.2%</abbr> of its health!)</small><br></div><div class="spacer battle-history"><br></div><div class="battle-history">Xatu fainted!<br></div><div class="chat chatmessage-matterofthedark"><strong style="color:hsl(297,68%,48%)"><small>☆</small><span class="username" data-name="Matter of the dark">Matter of the dark</span>:</strong> <em>that is what you get for roost stalling</em></div><div class="spacer battle-history"><br></div><div class="battle-history">Go! <strong>Liepard</strong>!<br></div><div class="spacer battle-history"><br></div><h2 class="battle-history">Turn 13</h2><div class="chat chatmessage-matterofthedark"><strong style="color:hsl(297,68%,48%)"><small>☆</small><span class="username" data-name="Matter of the dark">Matter of the dark</span>:</strong> <em>:u</em></div><div class="chat chatmessage-sableyemybae"><strong style="color:hsl(63,53%,39.786338788226445%)"><small>☆</small><span class="username" data-name="Sableye♥My♥Bae">Sableye♥My♥Bae</span>:</strong> <em>if you say so</em></div><div class="spacer battle-history"><br></div><div class="battle-history">Matter of the dark withdrew Vileplume!<br></div><div class="battle-history">Matter of the dark sent out <strong>Gurdurr</strong>!<br></div><div class="battle-history"><small>Pointed stones dug into the opposing Gurdurr!</small><br></div><div class="spacer battle-history"><br></div><div class="battle-history">Liepard used <strong>U-turn</strong>!<br></div><div class="battle-history"><small>It's not very effective...</small><br></div><div class="battle-history"><small>(The opposing Gurdurr lost <abbr title="−32/374">8.6%</abbr> of its health!)</small><br></div><div class="chat"><small>Chrus is nub left.</small></div><div class="spacer battle-history"><br></div><div class="battle-history">Liepard went back to Sableye♥My♥Bae!<br></div><div class="battle-history">Go! <strong>Vileplume</strong>!<br></div><div class="spacer battle-history"><br></div><div class="battle-history"><small>Vileplume restored a little HP using its Black Sludge!</small><br></div><div class="spacer battle-history"><br></div><h2 class="battle-history">Turn 14</h2><div class="spacer battle-history"><br></div><div class="battle-history">Vileplume used <strong>Sludge Bomb</strong>!<br></div><div class="battle-history"><small>(The opposing Gurdurr lost <abbr title="−139/374">37.2%</abbr> of its health!)</small><br></div><div class="battle-history"><small>The opposing Gurdurr was poisoned!</small><br></div><div class="spacer battle-history"><br></div><div class="battle-history">The opposing Gurdurr used <strong>Knock Off</strong>!<br></div><div class="battle-history"><small>(Vileplume lost <abbr title="−119/353">33.7%</abbr> of its health!)</small><br></div><div class="battle-history"><small>The opposing Gurdurr knocked off Vileplume's Black Sludge!</small><br></div><div class="spacer battle-history"><br></div><div class="battle-history"><small>The opposing Gurdurr was hurt by poison!</small><br></div><div class="spacer battle-history"><br></div><h2 class="battle-history">Turn 15</h2><div class="chat"><small>widdle doge joined.</small></div><div class="spacer battle-history"><br></div><div class="battle-history">Vileplume used <strong>Sludge Bomb</strong>!<br></div><div class="battle-history"><small>(The opposing Gurdurr lost <abbr title="−134/374">35.8%</abbr> of its health!)</small><br></div><div class="spacer battle-history"><br></div><div class="battle-history">The opposing Gurdurr fainted!<br></div><div class="spacer battle-history"><br></div><div class="battle-history">Matter of the dark sent out <strong>Mesprit</strong>!<br></div><div class="battle-history"><small>Pointed stones dug into the opposing Mesprit!</small><br></div><div class="spacer battle-history"><br></div><h2 class="battle-history">Turn 16</h2><div class="spacer battle-history"><br></div><div class="battle-history">Vileplume, come back!<br></div><div class="battle-history">Go! <strong>Liepard</strong>!<br></div><div class="spacer battle-history"><br></div><div class="battle-history">The opposing Mesprit used <strong>Ice Beam</strong>!<br></div><div class="battle-history"><small>(Liepard lost <abbr title="−147/269">54.6%</abbr> of its health!)</small><br></div><div class="spacer battle-history"><br></div><h2 class="battle-history">Turn 17</h2><div class="chat"><small>parivard☎☀️ joined.</small></div><div class="chat"><small>widdle doge left.</small></div><div class="spacer battle-history"><br></div><div class="battle-history">Liepard, come back!<br></div><div class="battle-history">Go! <strong>Clefairy</strong>!<br></div><div class="spacer battle-history"><br></div><div class="battle-history">The opposing Mesprit used <strong>Ice Beam</strong>!<br></div><div class="battle-history"><small>(Clefairy lost <abbr title="−54/343">15.7%</abbr> of its health!)</small><br></div><div class="spacer battle-history"><br></div><h2 class="battle-history">Turn 18</h2><div class="spacer battle-history"><br></div><div class="battle-history">Matter of the dark withdrew Mesprit!<br></div><div class="battle-history">Matter of the dark sent out <strong>Vileplume</strong>!<br></div><div class="battle-history"><small>Pointed stones dug into the opposing Vileplume!</small><br></div><div class="spacer battle-history"><br></div><div class="battle-history">Clefairy is fast asleep.<br></div><div class="spacer battle-history"><br></div><h2 class="battle-history">Turn 19</h2><div class="spacer battle-history"><br></div><div class="battle-history">Clefairy, come back!<br></div><div class="battle-history">Go! <strong>Hariyama</strong>!<br></div><div class="spacer battle-history"><br></div><div class="battle-history">The opposing Vileplume used <strong>Giga Drain</strong>!<br></div><div class="battle-history"><small>(Hariyama lost <abbr title="−102/429">23.8%</abbr> of its health!)</small><br></div><div class="battle-history"><small>Hariyama had its energy drained!</small><br></div><div class="spacer battle-history"><br></div><h2 class="battle-history">Turn 20</h2><div class="spacer battle-history"><br></div><div class="battle-history">Matter of the dark withdrew Vileplume!<br></div><div class="battle-history">Matter of the dark sent out <strong>Lanturn</strong>!<br></div><div class="battle-history"><small>Pointed stones dug into the opposing Lanturn!</small><br></div><div class="spacer battle-history"><br></div><div class="battle-history">Hariyama used <strong>Fake Out</strong>!<br></div><div class="battle-history"><small>(The opposing Lanturn lost <abbr title="−81/391">20.7%</abbr> of its health!)</small><br></div><div class="spacer battle-history"><br></div><h2 class="battle-history">Turn 21</h2><div class="chat"><small>Novakrieger joined.</small></div><div class="spacer battle-history"><br></div><div class="battle-history">The opposing Lanturn used <strong>Scald</strong>!<br></div><div class="battle-history"><small>(Hariyama lost <abbr title="−90/429">21.0%</abbr> of its health!)</small><br></div><div class="spacer battle-history"><br></div><div class="battle-history">Hariyama used <strong>Knock Off</strong>!<br></div><div class="battle-history"><small>(The opposing Lanturn lost <abbr title="−182/391">46.5%</abbr> of its health!)</small><br></div><div class="battle-history"><small>Hariyama knocked off the opposing Lanturn's Assault Vest!</small><br></div><div class="spacer battle-history"><br></div><h2 class="battle-history">Turn 22</h2><div class="spacer battle-history"><br></div><div class="battle-history">Hariyama, come back!<br></div><div class="battle-history">Go! <strong>Clefairy</strong>!<br></div><div class="spacer battle-history"><br></div><div class="battle-history">The opposing Lanturn used <strong>Scald</strong>!<br></div><div class="battle-history"><small>(Clefairy lost <abbr title="−72/343">21.0%</abbr> of its health!)</small><br></div><div class="spacer battle-history"><br></div><h2 class="battle-history">Turn 23</h2><div class="spacer battle-history"><br></div><div class="battle-history">The opposing Lanturn used <strong>Scald</strong>!<br></div><div class="battle-history"><small>(Clefairy lost <abbr title="−73/343">21.3%</abbr> of its health!)</small><br></div><div class="spacer battle-history"><br></div><div class="battle-history">Clefairy is fast asleep.<br></div><div class="spacer battle-history"><br></div><h2 class="battle-history">Turn 24</h2><div class="spacer battle-history"><br></div><div class="battle-history">The opposing Lanturn used <strong>Scald</strong>!<br></div><div class="battle-history"><small>(Clefairy lost <abbr title="−62/343">18.1%</abbr> of its health!)</small><br></div><div class="spacer battle-history"><br></div><div class="battle-history">Clefairy fainted!<br></div><div class="spacer battle-history"><br></div><div class="battle-history">Go! <strong>Liepard</strong>!<br></div><div class="spacer battle-history"><br></div><h2 class="battle-history">Turn 25</h2><div class="spacer battle-history"><br></div><div class="battle-history">Liepard used <strong>U-turn</strong>!<br></div><div class="battle-history"><small>(The opposing Lanturn lost <abbr title="−80/391">20.5%</abbr> of its health!)</small><br></div><div class="spacer battle-history"><br></div><div class="battle-history">The opposing Lanturn fainted!<br></div><div class="spacer battle-history"><br></div><div class="battle-history">Liepard went back to Sableye♥My♥Bae!<br></div><div class="battle-history">Go! <strong>Hariyama</strong>!<br></div><div class="chat"><small>maximumzeid joined.</small></div><div class="spacer battle-history"><br></div><div class="battle-history">Matter of the dark sent out <strong>Mesprit</strong>!<br></div><div class="battle-history"><small>Pointed stones dug into the opposing Mesprit!</small><br></div><div class="spacer battle-history"><br></div><h2 class="battle-history">Turn 26</h2><div class="chat"><small>parivard☎☀️ left.</small></div><div class="chat"><small>Novakrieger left.</small></div><div class="spacer battle-history"><br></div><div class="battle-history">Hariyama used <strong>Fake Out</strong>!<br></div><div class="battle-history"><small>(The opposing Mesprit lost <abbr title="−47/301">15.6%</abbr> of its health!)</small><br></div><div class="spacer battle-history"><br></div><div class="battle-history">The opposing Mesprit flinched and couldn't move!<br></div><div class="spacer battle-history"><br></div><h2 class="battle-history">Turn 27</h2><div class="spacer battle-history"><br></div><div class="battle-history">The opposing Mesprit used <strong>Ice Beam</strong>!<br></div><div class="battle-history"><small>(Hariyama lost <abbr title="−34/429">7.9%</abbr> of its health!)</small><br></div><div class="spacer battle-history"><br></div><div class="battle-history">Hariyama used <strong>Knock Off</strong>!<br></div><div class="battle-history"><small>It's super effective!</small><br></div><div class="battle-history"><small>(The opposing Mesprit lost <abbr title="−143/301">47.5%</abbr> of its health!)</small><br></div><div class="battle-history"><small>Hariyama knocked off the opposing Mesprit's Choice Scarf!</small><br></div><div class="spacer battle-history"><br></div><div class="battle-history">The opposing Mesprit fainted!<br></div><div class="spacer battle-history"><br></div><div class="battle-history">Matter of the dark sent out <strong>Tauros</strong>!<br></div><div class="battle-history"><small>Pointed stones dug into the opposing Tauros!</small><br></div><div class="spacer battle-history"><br></div><h2 class="battle-history">Turn 28</h2><div class="chat"><small>Billbob5678 joined.</small></div><div class="chat"><small>Ninjadog13 left.</small></div><div class="spacer battle-history"><br></div><div class="battle-history">Hariyama, come back!<br></div><div class="battle-history">Go! <strong>Steelix</strong>!<br></div><div class="spacer battle-history"><br></div><div class="battle-history">The opposing Tauros used <strong>Rock Climb</strong>!<br></div><div class="battle-history"><small>It's not very effective...</small><br></div><div class="battle-history"><small>(Steelix lost <abbr title="−60/353">17.0%</abbr> of its health!)</small><br></div><div class="spacer battle-history"><br></div><div class="battle-history"><small>Steelix restored a little HP using its Leftovers!</small><br></div><div class="spacer battle-history"><br></div><h2 class="battle-history">Turn 29</h2><div class="spacer battle-history"><br></div><div class="battle-history">The opposing Tauros used <strong>Earthquake</strong>!<br></div><div class="battle-history"><small>It's super effective!</small><br></div><div class="battle-history"><small>(Steelix lost <abbr title="−55/353">15.6%</abbr> of its health!)</small><br></div><div class="battle-history"><small>The opposing Tauros lost some of its HP!</small><br></div><div class="spacer battle-history"><br></div><div class="battle-history">Steelix fainted!<br></div><div class="spacer battle-history"><br></div><div class="battle-history">Go! <strong>Vileplume</strong>!<br></div><div class="spacer battle-history"><br></div><h2 class="battle-history">Turn 30</h2><div class="spacer battle-history"><br></div><div class="battle-history">Matter of the dark withdrew Tauros!<br></div><div class="battle-history">Matter of the dark sent out <strong>Vileplume</strong>!<br></div><div class="battle-history"><small>Pointed stones dug into the opposing Vileplume!</small><br></div><div class="spacer battle-history"><br></div><div class="battle-history">Vileplume used <strong>Moonlight</strong>!<br></div><div class="battle-history"><small>Vileplume restored its HP.</small><br></div><div class="spacer battle-history"><br></div><h2 class="battle-history">Turn 31</h2><div class="spacer battle-history"><br></div><div class="battle-history">The opposing Vileplume used <strong>Sludge Bomb</strong>!<br></div><div class="battle-history"><small>(Vileplume lost <abbr title="−178/353">50.4%</abbr> of its health!)</small><br></div><div class="spacer battle-history"><br></div><div class="battle-history">Vileplume used <strong>Sludge Bomb</strong>!<br></div><div class="battle-history"><small>(The opposing Vileplume lost <abbr title="−129/342">37.7%</abbr> of its health!)</small><br></div><div class="spacer battle-history"><br></div><h2 class="battle-history">Turn 32</h2><div class="chat"><small>Moon Sugar joined.</small></div><div class="spacer battle-history"><br></div><div class="battle-history">The opposing Vileplume used <strong>Sludge Bomb</strong>!<br></div><div class="battle-history"><small>(Vileplume lost <abbr title="−172/353">48.7%</abbr> of its health!)</small><br></div><div class="spacer battle-history"><br></div><div class="battle-history">Vileplume used <strong>Moonlight</strong>!<br></div><div class="battle-history"><small>Vileplume restored its HP.</small><br></div><div class="spacer battle-history"><br></div><h2 class="battle-history">Turn 33</h2><div class="chat"><small>maximumzeid left.</small></div><div class="chat chatmessage-moonsugar"><strong style="color:hsl(322,50%,50.04317897760001%)"><small> </small><span class="username" data-name="Moon Sugar">Moon Sugar</span>:</strong> <em>clutch</em></div><div class="spacer battle-history"><br></div><div class="battle-history">The opposing Vileplume used <strong>Synthesis</strong>!<br></div><div class="battle-history"><small>The opposing Vileplume restored its HP.</small><br></div><div class="spacer battle-history"><br></div><div class="battle-history">Vileplume used <strong>Moonlight</strong>!<br></div><div class="battle-history"><small>Vileplume restored its HP.</small><br></div><div class="spacer battle-history"><br></div><h2 class="battle-history">Turn 34</h2><div class="chat"><small>X-Shout joined.</small></div><div class="spacer battle-history"><br></div><div class="battle-history">Vileplume, come back!<br></div><div class="battle-history">Go! <strong>Liepard</strong>!<br></div><div class="spacer battle-history"><br></div><div class="battle-history">The opposing Vileplume used <strong>Sludge Bomb</strong>!<br></div><div class="battle-history"><small>(Liepard lost <abbr title="−122/269">45.4%</abbr> of its health!)</small><br></div><div class="spacer battle-history"><br></div><div class="battle-history">Liepard fainted!<br></div><div class="spacer battle-history"><br></div><div class="battle-history">Go! <strong>Hariyama</strong>!<br></div><div class="spacer battle-history"><br></div><h2 class="battle-history">Turn 35</h2><div class="chat"><small>X-Shout left.</small></div><div class="chat"><small>Billbob5678 left.</small></div><div class="spacer battle-history"><br></div><div class="battle-history">Matter of the dark withdrew Vileplume!<br></div><div class="battle-history">Matter of the dark sent out <strong>Rhydon</strong>!<br></div><div class="battle-history"><small>Pointed stones dug into the opposing Rhydon!</small><br></div><div class="spacer battle-history"><br></div><div class="battle-history">Hariyama used <strong>Close Combat</strong>!<br></div><div class="battle-history"><small>It's super effective!</small><br></div><div class="battle-history"><small>(The opposing Rhydon lost <abbr title="−254/413">61.5%</abbr> of its health!)</small><br></div><div class="battle-history"><small>Hariyama's Defense fell!</small><br></div><div class="battle-history"><small>Hariyama's Special Defense fell!</small><br></div><div class="spacer battle-history"><br></div><h2 class="battle-history">Turn 36</h2><div class="chat chatmessage-direstrait"><strong style="color:hsl(35,64%,42%)"><small> </small><span class="username" data-name="Dire Strait">Dire Strait</span>:</strong> <em>Tu pudes bb</em></div><div class="chat chatmessage-direstrait"><strong style="color:hsl(35,64%,42%)"><small> </small><span class="username" data-name="Dire Strait">Dire Strait</span>:</strong> <em>No me decepciones</em></div><div class="chat"><small>Xandrientje joined.</small></div><div class="chat"><small>Baenisme joined.</small></div><div class="chat"><small>Baenisme left.</small></div><div class="chat"><small>kahunakiawe joined.</small></div><div class="chat chatmessage-matterofthedark"><strong style="color:hsl(297,68%,48%)"><small>☆</small><span class="username" data-name="Matter of the dark">Matter of the dark</span>:</strong> <em>knock doens't kill</em></div><div class="chat chatmessage-matterofthedark"><strong style="color:hsl(297,68%,48%)"><small>☆</small><span class="username" data-name="Matter of the dark">Matter of the dark</span>:</strong> <em>?</em></div><div class="chat chatmessage-matterofthedark"><strong style="color:hsl(297,68%,48%)"><small>☆</small><span class="username" data-name="Matter of the dark">Matter of the dark</span>:</strong> <em>u there</em></div><div class="chat"><small>Kleinstein1003 joined.</small></div><div class="spacer battle-history"><br></div><div class="battle-history">Hariyama used <strong>Close Combat</strong>!<br></div><div class="battle-history"><small>It's super effective!</small><br></div><div class="battle-history"><small>(The opposing Rhydon lost <abbr title="−81/413">19.6%</abbr> of its health!)</small><br></div><div class="battle-history"><small>Hariyama's Defense fell!</small><br></div><div class="battle-history"><small>Hariyama's Special Defense fell!</small><br></div><div class="spacer battle-history"><br></div><div class="battle-history">The opposing Rhydon fainted!<br></div><div class="spacer battle-history"><br></div><div class="battle-history">Matter of the dark sent out <strong>Tauros</strong>!<br></div><div class="battle-history"><small>Pointed stones dug into the opposing Tauros!</small><br></div><div class="spacer battle-history"><br></div><h2 class="battle-history">Turn 37</h2><div class="spacer battle-history"><br></div><div class="battle-history">Hariyama, come back!<br></div><div class="battle-history">Go! <strong>Vileplume</strong>!<br></div><div class="spacer battle-history"><br></div><div class="battle-history">The opposing Tauros used <strong>Rock Climb</strong>!<br></div><div class="battle-history"><small>(Vileplume lost <abbr title="−196/353">55.5%</abbr> of its health!)</small><br></div><div class="spacer battle-history"><br></div><h2 class="battle-history">Turn 38</h2><div class="chat chatmessage-matterofthedark"><strong style="color:hsl(297,68%,48%)"><small>☆</small><span class="username" data-name="Matter of the dark">Matter of the dark</span>:</strong> <em>pls</em></div><div class="chat chatmessage-matterofthedark"><strong style="color:hsl(297,68%,48%)"><small>☆</small><span class="username" data-name="Matter of the dark">Matter of the dark</span>:</strong> <em>tauros</em></div><div class="chat chatmessage-matterofthedark"><strong style="color:hsl(297,68%,48%)"><small>☆</small><span class="username" data-name="Matter of the dark">Matter of the dark</span>:</strong> <em>i belive in you</em></div><div class="chat chatmessage-matterofthedark"><strong style="color:hsl(297,68%,48%)"><small>☆</small><span class="username" data-name="Matter of the dark">Matter of the dark</span>:</strong> <em>just hit this</em></div><div class="chat chatmessage-moonsugar"><strong style="color:hsl(322,50%,50.04317897760001%)"><small> </small><span class="username" data-name="Moon Sugar">Moon Sugar</span>:</strong> <em>miss</em></div><div class="spacer battle-history"><br></div><div class="battle-history">The opposing Tauros used <strong>Rock Climb</strong>!<br></div><div class="battle-history"><small>Vileplume avoided the attack!</small><br></div><div class="spacer battle-history"><br></div><div class="battle-history">Vileplume used <strong>Moonlight</strong>!<br></div><div class="battle-history"><small>Vileplume restored its HP.</small><br></div><div class="spacer battle-history"><br></div><h2 class="battle-history">Turn 39</h2><div class="chat chatmessage-matterofthedark"><strong style="color:hsl(297,68%,48%)"><small>☆</small><span class="username" data-name="Matter of the dark">Matter of the dark</span>:</strong> <em>ffffffffu</em></div><div class="spacer battle-history"><br></div><div class="battle-history">The opposing Tauros used <strong>Rock Climb</strong>!<br></div><div class="battle-history"><small>(Vileplume lost <abbr title="−179/353">50.7%</abbr> of its health!)</small><br></div><div class="battle-history"><small>[Vileplume's Effect Spore]</small><br><small>The opposing Tauros is paralyzed! It may be unable to move!</small><br></div><div class="spacer battle-history"><br></div><div class="battle-history">Vileplume used <strong>Sludge Bomb</strong>!<br></div><div class="battle-history"><small>(The opposing Tauros lost <abbr title="−180/291">61.9%</abbr> of its health!)</small><br></div><div class="spacer battle-history"><br></div><h2 class="battle-history">Turn 40</h2><div class="chat"><small>LOL FUCK YOU LOL joined.</small></div><div class="spacer battle-history"><br></div><div class="battle-history">Vileplume used <strong>Moonlight</strong>!<br></div><div class="battle-history"><small>Vileplume restored its HP.</small><br></div><div class="spacer battle-history"><br></div><div class="battle-history">The opposing Tauros used <strong>Rock Climb</strong>!<br></div><div class="battle-history"><small>(Vileplume lost <abbr title="−183/353">51.8%</abbr> of its health!)</small><br></div><div class="spacer battle-history"><br></div><h2 class="battle-history">Turn 41</h2><div class="chat"><small>Broken And Lost joined.</small></div><div class="chat chatmessage-lolfuckyoulol"><strong style="color:hsl(116,59%,38%)"><small> </small><span class="username" data-name="LOL FUCK YOU LOL">LOL FUCK YOU LOL</span>:</strong> <em>LOL FUCK YOU LOL</em></div><div class="spacer battle-history"><br></div><div class="battle-history">Vileplume used <strong>Moonlight</strong>!<br></div><div class="battle-history"><small>Vileplume restored its HP.</small><br></div><div class="spacer battle-history"><br></div><div class="battle-history">The opposing Tauros used <strong>Rock Climb</strong>!<br></div><div class="battle-history"><small>(Vileplume lost <abbr title="−203/353">57.5%</abbr> of its health!)</small><br></div><div class="spacer battle-history"><br></div><h2 class="battle-history">Turn 42</h2><div class="spacer battle-history"><br></div><div class="battle-history">Vileplume used <strong>Moonlight</strong>!<br></div><div class="battle-history"><small>Vileplume restored its HP.</small><br></div><div class="spacer battle-history"><br></div><div class="battle-history">The opposing Tauros used <strong>Rock Climb</strong>!<br></div><div class="battle-history"><small>(Vileplume lost <abbr title="−195/353">55.2%</abbr> of its health!)</small><br></div><div class="spacer battle-history"><br></div><h2 class="battle-history">Turn 43</h2><div class="spacer battle-history"><br></div><div class="battle-history">Vileplume used <strong>Moonlight</strong>!<br></div><div class="battle-history"><small>Vileplume restored its HP.</small><br></div><div class="spacer battle-history"><br></div><div class="battle-history">The opposing Tauros used <strong>Rock Climb</strong>!<br></div><div class="battle-history"><small>(Vileplume lost <abbr title="−185/353">52.4%</abbr> of its health!)</small><br></div><div class="spacer battle-history"><br></div><h2 class="battle-history">Turn 44</h2><div class="chat chatmessage-xandrientje"><strong style="color:hsl(165,78%,34%)"><small> </small><span class="username" data-name="Xandrientje">Xandrientje</span>:</strong> <em>crit inc</em></div><div class="spacer battle-history"><br></div><div class="battle-history">Vileplume used <strong>Giga Drain</strong>!<br></div><div class="battle-history"><small>(The opposing Tauros lost <abbr title="−10/291">3.4%</abbr> of its health!)</small><br></div><div class="battle-history"><small>The opposing Tauros had its energy drained!</small><br></div><div class="spacer battle-history"><br></div><div class="battle-history">The opposing Tauros fainted!<br></div><div class="spacer battle-history"><br></div><div class="battle-history">Matter of the dark sent out <strong>Vileplume</strong>!<br></div><div class="battle-history"><small>Pointed stones dug into the opposing Vileplume!</small><br></div><div class="spacer battle-history"><br></div><h2 class="battle-history">Turn 45</h2><div class="chat"><small>GaryAjax left.</small></div><div class="chat chatmessage-moonsugar"><strong style="color:hsl(322,50%,50.04317897760001%)"><small> </small><span class="username" data-name="Moon Sugar">Moon Sugar</span>:</strong> <em>tauros not trying to disappoint you</em></div><div class="chat chatmessage-moonsugar"><strong style="color:hsl(322,50%,50.04317897760001%)"><small> </small><span class="username" data-name="Moon Sugar">Moon Sugar</span>:</strong> <em>what a champ</em></div><div class="spacer battle-history"><br></div><div class="battle-history">The opposing Vileplume used <strong>Sludge Bomb</strong>!<br></div><div class="battle-history"><small>(Vileplume lost <abbr title="−97/353">27.5%</abbr> of its health!)</small><br></div><div class="spacer battle-history"><br></div><div class="battle-history">Vileplume fainted!<br></div><div class="chat chatmessage-matterofthedark"><strong style="color:hsl(297,68%,48%)"><small>☆</small><span class="username" data-name="Matter of the dark">Matter of the dark</span>:</strong> <em>i see</em></div><div class="spacer battle-history"><br></div><div class="battle-history">Go! <strong>Hariyama</strong>!<br></div><div class="spacer battle-history"><br></div><h2 class="battle-history">Turn 46</h2><div class="spacer battle-history"><br></div><div class="battle-history">Hariyama used <strong>Fake Out</strong>!<br></div><div class="battle-history"><small>(The opposing Vileplume lost <abbr title="−61/342">17.8%</abbr> of its health!)</small><br></div><div class="spacer battle-history"><br></div><div class="battle-history">The opposing Vileplume flinched and couldn't move!<br></div><div class="spacer battle-history"><br></div><h2 class="battle-history">Turn 47</h2><div class="chat chatmessage-matterofthedark"><strong style="color:hsl(297,68%,48%)"><small>☆</small><span class="username" data-name="Matter of the dark">Matter of the dark</span>:</strong> <em>do dmg</em></div><div class="spacer battle-history"><br></div><div class="battle-history">Hariyama used <strong>Close Combat</strong>!<br></div><div class="battle-history"><small>It's not very effective...</small><br></div><div class="battle-history"><small>(The opposing Vileplume lost <abbr title="−131/342">38.3%</abbr> of its health!)</small><br></div><div class="battle-history"><small>Hariyama's Defense fell!</small><br></div><div class="battle-history"><small>Hariyama's Special Defense fell!</small><br></div><div class="spacer battle-history"><br></div><div class="battle-history">The opposing Vileplume used <strong>Giga Drain</strong>!<br></div><div class="battle-history"><small>(Hariyama lost <abbr title="−159/429">37.1%</abbr> of its health!)</small><br></div><div class="battle-history"><small>Hariyama had its energy drained!</small><br></div><div class="spacer battle-history"><br></div><h2 class="battle-history">Turn 48</h2><div class="spacer battle-history"><br></div><div class="battle-history">Hariyama used <strong>Close Combat</strong>!<br></div><div class="battle-history"><small>It's not very effective...</small><br></div><div class="battle-history"><small>(The opposing Vileplume lost <abbr title="−120/342">35.1%</abbr> of its health!)</small><br></div><div class="battle-history"><small>Hariyama's Defense fell!</small><br></div><div class="battle-history"><small>Hariyama's Special Defense fell!</small><br></div><div class="spacer battle-history"><br></div><div class="battle-history">The opposing Vileplume used <strong>Giga Drain</strong>!<br></div><div class="battle-history"><small>(Hariyama lost <abbr title="−44/429">10.3%</abbr> of its health!)</small><br></div><div class="battle-history"><small>Hariyama had its energy drained!</small><br></div><div class="spacer battle-history"><br></div><div class="battle-history">Hariyama fainted!<br></div><div class="spacer battle-history"><br></div><div class="battle-history"><strong>Matter of the dark</strong> won the battle!<br></div><div class="chat chatmessage-matterofthedark"><strong style="color:hsl(297,68%,48%)"><small>☆</small><span class="username" data-name="Matter of the dark">Matter of the dark</span>:</strong> <em>gg</em></div><div class="chat chatmessage-sableyemybae"><strong style="color:hsl(63,53%,39.786338788226445%)"><small>☆</small><span class="username" data-name="Sableye♥My♥Bae">Sableye♥My♥Bae</span>:</strong> <em>gg</em></div><div class="chat"><small>Broken And Lost left.</small></div><div class="chat"><small>Ice Braand left.</small></div><div class="chat"><small>Moon Sugar left.</small></div><div class="chat"><small>Matter of the dark left.</small></div><div class="chat"><small>Sableye♥My♥Bae left.</small></div><div class="chat"><small>Xandrientje left.</small></div><div class="chat"><small>Kleinstein1003 left.</small></div><div class="chat"><small>hamhamhamham left.</small></div><div class="chat"><small>Matter of the dark joined.</small></div><div class="chat"><small>SlyolDFS left.</small></div><div class="chat"><small>Matter of the dark left.</small></div><div class="chat"><small>Pradhaaan joined.</small></div></div><div class="inner-preempt"></div></div></div>
</div>
<script>
let daily = Math.floor(Date.now()/1000/60/60/24);document.write('<script src="https://play.pokemonshowdown.com/js/replay-embed.js?version'+daily+'"></'+'script>');
</script>
