<!DOCTYPE html>
<meta charset="utf-8" />
<!-- version 1 -->
<title>NU replay: mfong123 vs. Arnik</title>
<style>
html,body {font-family:Verdana, sans-serif;font-size:10pt;margin:0;padding:0;}body{padding:12px 0;} .battle-log {font-family:Verdana, sans-serif;font-size:10pt;} .battle-log-inline {border:1px solid #AAAAAA;background:#EEF2F5;color:black;max-width:640px;margin:0 auto 80px;padding-bottom:5px;} .battle-log .inner {padding:4px 8px 0px 8px;} .battle-log .inner-preempt {padding:0 8px 4px 8px;} .battle-log .inner-after {margin-top:0.5em;} .battle-log h2 {margin:0.5em -8px;padding:4px 8px;border:1px solid #AAAAAA;background:#E0E7EA;border-left:0;border-right:0;font-family:Verdana, sans-serif;font-size:13pt;} .battle-log .chat {vertical-align:middle;padding:3px 0 3px 0;font-size:8pt;} .battle-log .chat strong {color:#40576A;} .battle-log .chat em {padding:1px 4px 1px 3px;color:#000000;font-style:normal;} .chat.mine {background:rgba(0,0,0,0.05);margin-left:-8px;margin-right:-8px;padding-left:8px;padding-right:8px;} .spoiler {color:#BBBBBB;background:#BBBBBB;padding:0px 3px;} .spoiler:hover, .spoiler:active, .spoiler-shown {color:#000000;background:#E2E2E2;padding:0px 3px;} .spoiler a {color:#BBBBBB;} .spoiler:hover a, .spoiler:active a, .spoiler-shown a {color:#2288CC;} .chat code, .chat .spoiler:hover code, .chat .spoiler:active code, .chat .spoiler-shown code {border:1px solid #C0C0C0;background:#EEEEEE;color:black;padding:0 2px;} .chat .spoiler code {border:1px solid #CCCCCC;background:#CCCCCC;color:#CCCCCC;} .battle-log .rated {padding:3px 4px;} .battle-log .rated strong {color:white;background:#89A;padding:1px 4px;border-radius:4px;} .spacer {margin-top:0.5em;} .message-announce {background:#6688AA;color:white;padding:1px 4px 2px;} .message-announce a, .broadcast-green a, .broadcast-blue a, .broadcast-red a {color:#DDEEFF;} .broadcast-green {background-color:#559955;color:white;padding:2px 4px;} .broadcast-blue {background-color:#6688AA;color:white;padding:2px 4px;} .infobox {border:1px solid #6688AA;padding:2px 4px;} .infobox-limited {max-height:200px;overflow:auto;overflow-x:hidden;} .broadcast-red {background-color:#AA5544;color:white;padding:2px 4px;} .message-learn-canlearn {font-weight:bold;color:#228822;text-decoration:underline;} .message-learn-cannotlearn {font-weight:bold;color:#CC2222;text-decoration:underline;} .message-effect-weak {font-weight:bold;color:#CC2222;} .message-effect-resist {font-weight:bold;color:#6688AA;} .message-effect-immune {font-weight:bold;color:#666666;} .message-learn-list {margin-top:0;margin-bottom:0;} .message-throttle-notice, .message-error {color:#992222;} .message-overflow, .chat small.message-overflow {font-size:0pt;} .message-overflow::before {font-size:9pt;content:'...';} .subtle {color:#3A4A66;}
</style>
<div class="wrapper replay-wrapper" style="max-width:1180px;margin:0 auto">
<input type="hidden" name="replayid" value="nu-531431629" />
<div class="battle"></div><div class="battle-log"></div><div class="replay-controls"></div><div class="replay-controls-2"></div>
<h1 style="font-weight:normal;text-align:center"><strong>NU</strong><br /><a href="http://pokemonshowdown.com/users/mfong123" class="subtle" target="_blank">mfong123</a> vs. <a href="http://pokemonshowdown.com/users/arnik" class="subtle" target="_blank">Arnik</a></h1>
<script type="text/plain" class="battle-log-data">|j|mfong123
|j|Arnik
|player|p1|mfong123|169
|player|p2|Arnik|186
|gametype|singles
|gen|6
|tier|NU
|rated
|seed|6528,23887,16632,48710
|rule|Sleep Clause Mod: Limit one foe put to sleep
|rule|Species Clause: Limit one of each Pokémon
|rule|OHKO Clause: OHKO moves are banned
|rule|Moody Clause: Moody is banned
|rule|Evasion Moves Clause: Evasion moves are banned
|rule|Endless Battle Clause: Forcing endless battles is banned
|rule|HP Percentage Mod: HP is shown in percentages
|clearpoke
|poke|p1|Malamar, M|item
|poke|p1|Cradily, F|item
|poke|p1|Barbaracle, M|item
|poke|p1|Primeape, F|item
|poke|p1|Manectric, M|item
|poke|p1|Claydol|item
|poke|p2|Archeops, F|
|poke|p2|Pyroar, M|item
|poke|p2|Audino, F|item
|poke|p2|Leafeon, M, shiny|item
|poke|p2|Skuntank, F|item
|poke|p2|Gastrodon-East, F|item
|rule|Swagger Clause: Swagger is banned
|rule|Baton Pass Clause: Limit one Baton Passer, can't pass Spe and other stats simultaneously
|teampreview
|choice|team 6, team 2, team 3, team 4, team 5, team 1|team 6, team 2, team 3, team 4, team 5, team 1
|
|start
|switch|p1a: Claydol|Claydol|261\/261
|switch|p2a: Tritosor|Gastrodon-East, F|413\/413
|turn|1
|choice|move lightscreen|move toxic
|
|move|p1a: Claydol|Light Screen|p1a: Claydol
|-sidestart|p1: mfong123|move: Light Screen
|move|p2a: Tritosor|Toxic|p1a: Claydol
|-status|p1a: Claydol|tox
|
|-damage|p1a: Claydol|245\/261 tox|[from] psn
|upkeep
|turn|2
|choice|move stealthrock|move scald
|
|move|p1a: Claydol|Stealth Rock|p2a: Tritosor
|-sidestart|p2: Arnik|move: Stealth Rock
|move|p2a: Tritosor|Scald|p1a: Claydol
|-supereffective|p1a: Claydol
|-damage|p1a: Claydol|175\/261 tox
|
|-damage|p1a: Claydol|143\/261 tox|[from] psn
|upkeep
|turn|3
|choice|move reflect|move toxic
|
|move|p1a: Claydol|Reflect|p1a: Claydol
|-sidestart|p1: mfong123|Reflect
|move|p2a: Tritosor|Toxic|p1a: Claydol
|-fail|p1a: Claydol|tox
|
|-damage|p1a: Claydol|95\/261 tox|[from] psn
|upkeep
|turn|4
|choice|move earthquake|move toxic
|
|move|p1a: Claydol|Earthquake|p2a: Tritosor
|-damage|p2a: Tritosor|329\/413
|move|p2a: Tritosor|Toxic|p1a: Claydol
|-fail|p1a: Claydol|tox
|
|-heal|p2a: Tritosor|354\/413|[from] item: Leftovers
|-damage|p1a: Claydol|31\/261 tox|[from] psn
|upkeep
|turn|5
|choice|move earthquake|move recover
|
|move|p1a: Claydol|Earthquake|p2a: Tritosor
|-damage|p2a: Tritosor|275\/413
|move|p2a: Tritosor|Recover|p2a: Tritosor
|-heal|p2a: Tritosor|413\/413
|
|-damage|p1a: Claydol|0 fnt|[from] psn
|upkeep
|faint|p1a: Claydol
|choice|switch 2|
|
|switch|p1a: Cradily|Cradily, F|314\/314
|turn|6
|choice|move toxic|switch 5
|
|switch|p2a: Moufflair|Skuntank, F|347\/347
|-damage|p2a: Moufflair|304\/347|[from] Stealth Rock
|move|p1a: Cradily|Toxic|p2a: Moufflair
|-immune|p2a: Moufflair|[msg]
|
|-heal|p2a: Moufflair|325\/347|[from] item: Black Sludge
|upkeep
|turn|7
|choice|switch 4|switch 3
|
|switch|p2a: Nanméouïe|Audino, F|389\/389
|-damage|p2a: Nanméouïe|341\/389|[from] Stealth Rock
|switch|p1a: Primeape|Primeape, F|271\/271
|
|upkeep
|turn|8
|choice|move uturn|move calmmind mega
|
|detailschange|p2a: Nanméouïe|Audino-Mega, F
|-mega|p2a: Nanméouïe|Audino|Audinite
|move|p1a: Primeape|U-turn|p2a: Nanméouïe
|-resisted|p2a: Nanméouïe
|-damage|p2a: Nanméouïe|316\/389
|choice|switch 3|
|
|switch|p1a: Barbaracle|Barbaracle, M|285\/285
|move|p2a: Nanméouïe|Calm Mind|p2a: Nanméouïe
|-boost|p2a: Nanméouïe|spa|1
|-boost|p2a: Nanméouïe|spd|1
|
|-sideend|p1: mfong123|move: Light Screen
|upkeep
|turn|9
|choice|move shellsmash|move encore
|
|move|p1a: Barbaracle|Shell Smash|p1a: Barbaracle
|-unboost|p1a: Barbaracle|def|1
|-unboost|p1a: Barbaracle|spd|1
|-boost|p1a: Barbaracle|atk|2
|-boost|p1a: Barbaracle|spa|2
|-boost|p1a: Barbaracle|spe|2
|-enditem|p1a: Barbaracle|White Herb
|-clearnegativeboost|p1a: Barbaracle|[silent]
|move|p2a: Nanméouïe|Encore|p1a: Barbaracle
|-start|p1a: Barbaracle|Encore
|
|upkeep
|turn|10
|choice|switch 4|switch 4
|
|switch|p1a: Cradily|Cradily, F|314\/314
|switch|p2a: Jade|Leafeon, M, shiny|271\/271
|-damage|p2a: Jade|238\/271|[from] Stealth Rock
|
|-sideend|p1: mfong123|Reflect
|upkeep
|turn|11
|choice|move toxic|switch 3
|
|switch|p2a: Moufflair|Skuntank, F|325\/347
|-damage|p2a: Moufflair|282\/347|[from] Stealth Rock
|move|p1a: Cradily|Toxic|p2a: Moufflair
|-immune|p2a: Moufflair|[msg]
|
|-heal|p2a: Moufflair|303\/347|[from] item: Black Sludge
|upkeep
|turn|12
|choice|switch 3|move fireblast
|
|switch|p1a: Primeape|Primeape, F|271\/271
|move|p2a: Moufflair|Fire Blast|p1a: Primeape
|-damage|p1a: Primeape|150\/271
|
|-heal|p2a: Moufflair|324\/347|[from] item: Black Sludge
|upkeep
|turn|13
|choice|move earthquake|switch 5
|
|switch|p2a: Tritosor|Gastrodon-East, F|413\/413
|-damage|p2a: Tritosor|388\/413|[from] Stealth Rock
|move|p1a: Primeape|Earthquake|p2a: Tritosor
|-damage|p2a: Tritosor|293\/413
|
|-heal|p2a: Tritosor|318\/413|[from] item: Leftovers
|upkeep
|turn|14
|choice|switch 6|move toxic
|
|switch|p1a: Malamar|Malamar, M|314\/314
|move|p2a: Tritosor|Toxic|p1a: Malamar|[miss]
|-miss|p2a: Tritosor|p1a: Malamar
|
|-heal|p2a: Tritosor|343\/413|[from] item: Leftovers
|upkeep
|turn|15
|choice|move substitute|move recover
|
|move|p1a: Malamar|Substitute|p1a: Malamar
|-start|p1a: Malamar|Substitute
|-damage|p1a: Malamar|236\/314
|move|p2a: Tritosor|Recover|p2a: Tritosor
|-heal|p2a: Tritosor|413\/413
|
|-heal|p1a: Malamar|255\/314|[from] item: Leftovers
|upkeep
|turn|16
|choice|move knockoff|move scald
|
|move|p1a: Malamar|Knock Off|p2a: Tritosor
|-damage|p2a: Tritosor|290\/413
|-enditem|p2a: Tritosor|Leftovers|[from] move: Knock Off|[of] p1a: Malamar
|move|p2a: Tritosor|Scald|p1a: Malamar
|-end|p1a: Malamar|Substitute
|
|-heal|p1a: Malamar|274\/314|[from] item: Leftovers
|upkeep
|turn|17
|choice|move substitute|switch 5
|
|switch|p2a: Moufflair|Skuntank, F|324\/347
|-damage|p2a: Moufflair|281\/347|[from] Stealth Rock
|move|p1a: Malamar|Substitute|p1a: Malamar
|-start|p1a: Malamar|Substitute
|-damage|p1a: Malamar|196\/314
|
|-heal|p2a: Moufflair|302\/347|[from] item: Black Sludge
|-heal|p1a: Malamar|215\/314|[from] item: Leftovers
|upkeep
|turn|18
|choice|move superpower|move defog
|
|move|p2a: Moufflair|Defog|p1a: Malamar
|-sideend|p2: Arnik|Stealth Rock|[from] move: Defog|[of] p2a: Moufflair
|move|p1a: Malamar|Superpower|p2a: Moufflair
|-damage|p2a: Moufflair|152\/347
|-boost|p1a: Malamar|atk|1
|-boost|p1a: Malamar|def|1
|
|-heal|p2a: Moufflair|173\/347|[from] item: Black Sludge
|-heal|p1a: Malamar|234\/314|[from] item: Leftovers
|upkeep
|turn|19
|choice|move superpower|move darkpulse
|
|move|p2a: Moufflair|Dark Pulse|p1a: Malamar
|-end|p1a: Malamar|Substitute
|move|p1a: Malamar|Superpower|p2a: Moufflair
|-damage|p2a: Moufflair|0 fnt
|-damage|p1a: Malamar|156\/314|[from] ability: Aftermath|[of] p2a: Moufflair
|-boost|p1a: Malamar|atk|1
|-boost|p1a: Malamar|def|1
|faint|p2a: Moufflair
|
|-heal|p1a: Malamar|175\/314|[from] item: Leftovers
|upkeep
|choice||switch 6
|
|switch|p2a: Aéroptérix|Archeops, F|291\/291
|turn|20
|choice|move superpower|move uturn
|
|move|p2a: Aéroptérix|U-turn|p1a: Malamar
|-supereffective|p1a: Malamar
|-damage|p1a: Malamar|0 fnt
|faint|p1a: Malamar
|choice||switch 4
|
|switch|p2a: Nanméouïe|Audino-Mega, F|316\/389
|
|upkeep
|choice|switch 3|
|
|switch|p1a: Cradily|Cradily, F|314\/314
|turn|21
|choice|move toxic|move calmmind
|
|move|p2a: Nanméouïe|Calm Mind|p2a: Nanméouïe
|-boost|p2a: Nanméouïe|spa|1
|-boost|p2a: Nanméouïe|spd|1
|move|p1a: Cradily|Toxic|p2a: Nanméouïe
|-status|p2a: Nanméouïe|tox
|
|-damage|p2a: Nanméouïe|292\/389 tox|[from] psn
|upkeep
|turn|22
|choice|move stealthrock|move healbell
|
|move|p2a: Nanméouïe|Heal Bell|p2a: Nanméouïe
|-activate|p2a: Nanméouïe|move: Heal Bell
|-curestatus|p2a: Nanméouïe|tox|[msg]
|move|p1a: Cradily|Stealth Rock|p2a: Nanméouïe
|-sidestart|p2: Arnik|move: Stealth Rock
|
|upkeep
|turn|23
|choice|move toxic|move encore
|
|move|p2a: Nanméouïe|Encore|p1a: Cradily
|-start|p1a: Cradily|Encore
|move|p1a: Cradily|Stealth Rock|p2a: Nanméouïe
|-fail|p2a: Nanméouïe
|
|upkeep
|turn|24
|choice|switch 5|move calmmind
|
|switch|p1a: Manectric|Manectric, M|282\/282
|move|p2a: Nanméouïe|Calm Mind|p2a: Nanméouïe
|-boost|p2a: Nanméouïe|spa|1
|-boost|p2a: Nanméouïe|spd|1
|
|upkeep
|turn|25
|choice|move voltswitch|move drainingkiss
|
|move|p1a: Manectric|Volt Switch|p2a: Nanméouïe
|-damage|p2a: Nanméouïe|235\/389
|choice|switch 4|
|
|switch|p1a: Barbaracle|Barbaracle, M|285\/285
|move|p2a: Nanméouïe|Draining Kiss|p1a: Barbaracle
|-damage|p1a: Barbaracle|168\/285
|-heal|p2a: Nanméouïe|323\/389|[from] drain|[of] p1a: Barbaracle
|
|upkeep
|turn|26
|choice|move shellsmash|move encore
|
|move|p1a: Barbaracle|Shell Smash|p1a: Barbaracle
|-unboost|p1a: Barbaracle|def|1
|-unboost|p1a: Barbaracle|spd|1
|-boost|p1a: Barbaracle|atk|2
|-boost|p1a: Barbaracle|spa|2
|-boost|p1a: Barbaracle|spe|2
|move|p2a: Nanméouïe|Encore|p1a: Barbaracle
|-start|p1a: Barbaracle|Encore
|
|upkeep
|turn|27
|choice|switch 5|move drainingkiss
|
|switch|p1a: Cradily|Cradily, F|314\/314
|move|p2a: Nanméouïe|Draining Kiss|p1a: Cradily
|-damage|p1a: Cradily|242\/314
|-heal|p2a: Nanméouïe|377\/389|[from] drain|[of] p1a: Cradily
|
|-heal|p1a: Cradily|261\/314|[from] item: Leftovers
|upkeep
|turn|28
|choice|move gigadrain|move calmmind
|
|move|p2a: Nanméouïe|Calm Mind|p2a: Nanméouïe
|-boost|p2a: Nanméouïe|spa|1
|-boost|p2a: Nanméouïe|spd|1
|move|p1a: Cradily|Giga Drain|p2a: Nanméouïe
|-damage|p2a: Nanméouïe|355\/389
|-heal|p1a: Cradily|272\/314|[from] drain|[of] p2a: Nanméouïe
|
|-heal|p1a: Cradily|291\/314|[from] item: Leftovers
|upkeep
|turn|29
|choice|move toxic|move encore
|
|move|p2a: Nanméouïe|Encore|p1a: Cradily
|-start|p1a: Cradily|Encore
|move|p1a: Cradily|Giga Drain|p2a: Nanméouïe
|-crit|p2a: Nanméouïe
|-damage|p2a: Nanméouïe|280\/389
|-heal|p1a: Cradily|314\/314|[from] drain|[of] p2a: Nanméouïe
|
|upkeep
|turn|30
|choice|move gigadrain|move drainingkiss
|
|move|p2a: Nanméouïe|Draining Kiss|p1a: Cradily
|-damage|p1a: Cradily|236\/314
|-heal|p2a: Nanméouïe|339\/389|[from] drain|[of] p1a: Cradily
|move|p1a: Cradily|Giga Drain|p2a: Nanméouïe
|-damage|p2a: Nanméouïe|317\/389
|-heal|p1a: Cradily|247\/314|[from] drain|[of] p2a: Nanméouïe
|
|-heal|p1a: Cradily|266\/314|[from] item: Leftovers
|upkeep
|turn|31
|choice|move gigadrain|move calmmind
|
|move|p2a: Nanméouïe|Calm Mind|p2a: Nanméouïe
|-boost|p2a: Nanméouïe|spa|1
|-boost|p2a: Nanméouïe|spd|1
|move|p1a: Cradily|Giga Drain|p2a: Nanméouïe
|-crit|p2a: Nanméouïe
|-damage|p2a: Nanméouïe|242\/389
|-heal|p1a: Cradily|304\/314|[from] drain|[of] p2a: Nanméouïe
|
|-heal|p1a: Cradily|314\/314|[from] item: Leftovers
|-end|p1a: Cradily|Encore
|upkeep
|turn|32
|choice|switch 6|move encore
|
|switch|p1a: Primeape|Primeape, F|150\/271
|move|p2a: Nanméouïe|Encore|p1a: Primeape
|-fail|p1a: Primeape
|
|upkeep
|turn|33
|choice|move closecombat|move drainingkiss
|
|move|p1a: Primeape|Close Combat|p2a: Nanméouïe
|-damage|p2a: Nanméouïe|115\/389
|-unboost|p1a: Primeape|def|1
|-unboost|p1a: Primeape|spd|1
|move|p2a: Nanméouïe|Draining Kiss|p1a: Primeape
|-supereffective|p1a: Primeape
|-crit|p1a: Primeape
|-damage|p1a: Primeape|0 fnt
|-heal|p2a: Nanméouïe|228\/389|[from] drain|[of] p1a: Primeape
|faint|p1a: Primeape
|
|upkeep
|-message|mfong123 forfeited.
|
|win|Arnik
|player|p1
|player|p2
|l|mfong123
|raw|mfong123's rating: 1138 &rarr; <strong>1130<\/strong><br \/>(-8 for losing)
|raw|Arnik's rating: 1414 &rarr; <strong>1421<\/strong><br \/>(+7 for winning)</script>
</div>
<div class="battle-log battle-log-inline"><div class="inner"><div class="battle-options"></div><div class="inner"><div class="chat"><small>mfong123 joined.</small></div><div class="chat"><small>Arnik joined.</small></div><div class=""><small>Format:</small> <br><strong>NU</strong></div><div class="rated"><strong>Rated battle</strong></div><div class=""><small><em>Sleep Clause Mod:</em> Limit one foe put to sleep</small></div><div class=""><small><em>Species Clause:</em> Limit one of each Pokémon</small></div><div class=""><small><em>OHKO Clause:</em> OHKO moves are banned</small></div><div class=""><small><em>Moody Clause:</em> Moody is banned</small></div><div class=""><small><em>Evasion Moves Clause:</em> Evasion moves are banned</small></div><div class=""><small><em>Endless Battle Clause:</em> Forcing endless battles is banned</small></div><div class=""><small><em>HP Percentage Mod:</em> HP is shown in percentages</small></div><div class=""><small><em>Swagger Clause:</em> Swagger is banned</small></div><div class=""><small><em>Baton Pass Clause:</em> Limit one Baton Passer, can't pass Spe and other stats simultaneously</small></div><div class="chat battle-history"><strong>mfong123's team:</strong> <em style="color:#445566;display:block;">Malamar / Cradily / Barbaracle / Primeape / Manectric / Claydol</em></div><div class="chat battle-history"><strong>Arnik's team:</strong> <em style="color:#445566;display:block;">Archeops / Pyroar / Audino / Leafeon / Skuntank / Gastrodon-East</em></div><div class="spacer battle-history"><br></div><div class="battle-history">Battle started between mfong123 and Arnik!<br></div><div class="spacer battle-history"><br></div><div class="battle-history">Go! <strong>Claydol</strong>!<br></div><div class="spacer battle-history"><br></div><div class="battle-history">Arnik sent out Tritosor (<strong>Gastrodon-East</strong>)!<br></div><div class="spacer battle-history"><br></div><h2 class="battle-history">Turn 1</h2><div class="spacer battle-history"><br></div><div class="battle-history">Claydol used <strong>Light Screen</strong>!<br></div><div class="battle-history"><small>Light Screen made your team stronger against special moves!</small><br></div><div class="spacer battle-history"><br></div><div class="battle-history">The opposing Tritosor used <strong>Toxic</strong>!<br></div><div class="battle-history"><small>Claydol was badly poisoned!</small><br></div><div class="spacer battle-history"><br></div><div class="battle-history"><small>Claydol was hurt by poison!</small><br></div><div class="spacer battle-history"><br></div><h2 class="battle-history">Turn 2</h2><div class="spacer battle-history"><br></div><div class="battle-history">Claydol used <strong>Stealth Rock</strong>!<br></div><div class="battle-history"><small>Pointed stones float in the air around the opposing team!</small><br></div><div class="spacer battle-history"><br></div><div class="battle-history">The opposing Tritosor used <strong>Scald</strong>!<br></div><div class="battle-history"><small>It's super effective!</small><br></div><div class="battle-history"><small>(Claydol lost <abbr title="−70/261">26.8%</abbr> of its health!)</small><br></div><div class="spacer battle-history"><br></div><div class="battle-history"><small>Claydol was hurt by poison!</small><br></div><div class="spacer battle-history"><br></div><h2 class="battle-history">Turn 3</h2><div class="spacer battle-history"><br></div><div class="battle-history">Claydol used <strong>Reflect</strong>!<br></div><div class="battle-history"><small>Reflect made your team stronger against physical moves!</small><br></div><div class="spacer battle-history"><br></div><div class="battle-history">The opposing Tritosor used <strong>Toxic</strong>!<br></div><div class="battle-history"><small>But it failed!</small><br></div><div class="spacer battle-history"><br></div><div class="battle-history"><small>Claydol was hurt by poison!</small><br></div><div class="spacer battle-history"><br></div><h2 class="battle-history">Turn 4</h2><div class="spacer battle-history"><br></div><div class="battle-history">Claydol used <strong>Earthquake</strong>!<br></div><div class="battle-history"><small>(The opposing Tritosor lost <abbr title="−84/413">20.3%</abbr> of its health!)</small><br></div><div class="spacer battle-history"><br></div><div class="battle-history">The opposing Tritosor used <strong>Toxic</strong>!<br></div><div class="battle-history"><small>But it failed!</small><br></div><div class="spacer battle-history"><br></div><div class="battle-history"><small>The opposing Tritosor restored a little HP using its Leftovers!</small><br></div><div class="battle-history"><small>Claydol was hurt by poison!</small><br></div><div class="spacer battle-history"><br></div><h2 class="battle-history">Turn 5</h2><div class="spacer battle-history"><br></div><div class="battle-history">Claydol used <strong>Earthquake</strong>!<br></div><div class="battle-history"><small>(The opposing Tritosor lost <abbr title="−79/413">19.1%</abbr> of its health!)</small><br></div><div class="spacer battle-history"><br></div><div class="battle-history">The opposing Tritosor used <strong>Recover</strong>!<br></div><div class="battle-history"><small>The opposing Tritosor restored its HP.</small><br></div><div class="spacer battle-history"><br></div><div class="battle-history"><small>Claydol was hurt by poison!</small><br></div><div class="spacer battle-history"><br></div><div class="battle-history">Claydol fainted!<br></div><div class="spacer battle-history"><br></div><div class="battle-history">Go! <strong>Cradily</strong>!<br></div><div class="spacer battle-history"><br></div><h2 class="battle-history">Turn 6</h2><div class="spacer battle-history"><br></div><div class="battle-history">Arnik withdrew Tritosor!<br></div><div class="battle-history">Arnik sent out Moufflair (<strong>Skuntank</strong>)!<br></div><div class="battle-history"><small>Pointed stones dug into the opposing Moufflair!</small><br></div><div class="spacer battle-history"><br></div><div class="battle-history">Cradily used <strong>Toxic</strong>!<br></div><div class="battle-history"><small>It doesn't affect the opposing Moufflair...</small><br></div><div class="spacer battle-history"><br></div><div class="battle-history"><small>The opposing Moufflair restored a little HP using its Black Sludge!</small><br></div><div class="spacer battle-history"><br></div><h2 class="battle-history">Turn 7</h2><div class="spacer battle-history"><br></div><div class="battle-history">Arnik withdrew Moufflair!<br></div><div class="battle-history">Arnik sent out Nanméouïe (<strong>Audino</strong>)!<br></div><div class="battle-history"><small>Pointed stones dug into the opposing Nanméouïe!</small><br></div><div class="spacer battle-history"><br></div><div class="battle-history">Cradily, come back!<br></div><div class="battle-history">Go! <strong>Primeape</strong>!<br></div><div class="spacer battle-history"><br></div><h2 class="battle-history">Turn 8</h2><div class="spacer battle-history"><br></div><div class="battle-history"><small>The opposing Nanméouïe's Audinite is reacting to Arnik's Mega Bracelet!</small><br>The opposing Nanméouïe has Mega Evolved into Mega Audino!<br></div><div class="spacer battle-history"><br></div><div class="battle-history">Primeape used <strong>U-turn</strong>!<br></div><div class="battle-history"><small>It's not very effective...</small><br></div><div class="battle-history"><small>(The opposing Nanméouïe lost <abbr title="−25/389">6.4%</abbr> of its health!)</small><br></div><div class="spacer battle-history"><br></div><div class="battle-history">Primeape went back to mfong123!<br></div><div class="battle-history">Go! <strong>Barbaracle</strong>!<br></div><div class="spacer battle-history"><br></div><div class="battle-history">The opposing Nanméouïe used <strong>Calm Mind</strong>!<br></div><div class="battle-history"><small>The opposing Nanméouïe's Special Attack rose!</small><br></div><div class="battle-history"><small>The opposing Nanméouïe's Special Defense rose!</small><br></div><div class="spacer battle-history"><br></div><div class="battle-history"><small>Your team's Light Screen wore off!</small><br></div><div class="spacer battle-history"><br></div><h2 class="battle-history">Turn 9</h2><div class="spacer battle-history"><br></div><div class="battle-history">Barbaracle used <strong>Shell Smash</strong>!<br></div><div class="battle-history"><small>Barbaracle's Defense fell!</small><br></div><div class="battle-history"><small>Barbaracle's Special Defense fell!</small><br></div><div class="battle-history"><small>Barbaracle's Attack rose sharply!</small><br></div><div class="battle-history"><small>Barbaracle's Special Attack rose sharply!</small><br></div><div class="battle-history"><small>Barbaracle's Speed rose sharply!</small><br></div><div class="battle-history"><small>Barbaracle returned its status to normal using its White Herb!</small><br></div><div class="spacer battle-history"><br></div><div class="battle-history">The opposing Nanméouïe used <strong>Encore</strong>!<br></div><div class="battle-history"><small>Barbaracle received an encore!</small><br></div><div class="spacer battle-history"><br></div><h2 class="battle-history">Turn 10</h2><div class="spacer battle-history"><br></div><div class="battle-history">Barbaracle, come back!<br></div><div class="battle-history">Go! <strong>Cradily</strong>!<br></div><div class="spacer battle-history"><br></div><div class="battle-history">Arnik withdrew Nanméouïe!<br></div><div class="battle-history">Arnik sent out Jade (<strong>Leafeon</strong>)!<br></div><div class="battle-history"><small>Pointed stones dug into the opposing Jade!</small><br></div><div class="spacer battle-history"><br></div><div class="battle-history"><small>Your team's Reflect wore off!</small><br></div><div class="spacer battle-history"><br></div><h2 class="battle-history">Turn 11</h2><div class="spacer battle-history"><br></div><div class="battle-history">Arnik withdrew Jade!<br></div><div class="battle-history">Arnik sent out Moufflair (<strong>Skuntank</strong>)!<br></div><div class="battle-history"><small>Pointed stones dug into the opposing Moufflair!</small><br></div><div class="spacer battle-history"><br></div><div class="battle-history">Cradily used <strong>Toxic</strong>!<br></div><div class="battle-history"><small>It doesn't affect the opposing Moufflair...</small><br></div><div class="spacer battle-history"><br></div><div class="battle-history"><small>The opposing Moufflair restored a little HP using its Black Sludge!</small><br></div><div class="spacer battle-history"><br></div><h2 class="battle-history">Turn 12</h2><div class="spacer battle-history"><br></div><div class="battle-history">Cradily, come back!<br></div><div class="battle-history">Go! <strong>Primeape</strong>!<br></div><div class="spacer battle-history"><br></div><div class="battle-history">The opposing Moufflair used <strong>Fire Blast</strong>!<br></div><div class="battle-history"><small>(Primeape lost <abbr title="−121/271">44.6%</abbr> of its health!)</small><br></div><div class="spacer battle-history"><br></div><div class="battle-history"><small>The opposing Moufflair restored a little HP using its Black Sludge!</small><br></div><div class="spacer battle-history"><br></div><h2 class="battle-history">Turn 13</h2><div class="spacer battle-history"><br></div><div class="battle-history">Arnik withdrew Moufflair!<br></div><div class="battle-history">Arnik sent out Tritosor (<strong>Gastrodon-East</strong>)!<br></div><div class="battle-history"><small>Pointed stones dug into the opposing Tritosor!</small><br></div><div class="spacer battle-history"><br></div><div class="battle-history">Primeape used <strong>Earthquake</strong>!<br></div><div class="battle-history"><small>(The opposing Tritosor lost <abbr title="−95/413">23.0%</abbr> of its health!)</small><br></div><div class="spacer battle-history"><br></div><div class="battle-history"><small>The opposing Tritosor restored a little HP using its Leftovers!</small><br></div><div class="spacer battle-history"><br></div><h2 class="battle-history">Turn 14</h2><div class="spacer battle-history"><br></div><div class="battle-history">Primeape, come back!<br></div><div class="battle-history">Go! <strong>Malamar</strong>!<br></div><div class="spacer battle-history"><br></div><div class="battle-history">The opposing Tritosor used <strong>Toxic</strong>!<br></div><div class="battle-history"><small>Malamar avoided the attack!</small><br></div><div class="spacer battle-history"><br></div><div class="battle-history"><small>The opposing Tritosor restored a little HP using its Leftovers!</small><br></div><div class="spacer battle-history"><br></div><h2 class="battle-history">Turn 15</h2><div class="spacer battle-history"><br></div><div class="battle-history">Malamar used <strong>Substitute</strong>!<br></div><div class="battle-history"><small>Malamar put in a substitute!</small><br></div><div class="battle-history"><small>(Malamar lost <abbr title="−78/314">24.8%</abbr> of its health!)</small><br></div><div class="spacer battle-history"><br></div><div class="battle-history">The opposing Tritosor used <strong>Recover</strong>!<br></div><div class="battle-history"><small>The opposing Tritosor restored its HP.</small><br></div><div class="spacer battle-history"><br></div><div class="battle-history"><small>Malamar restored a little HP using its Leftovers!</small><br></div><div class="spacer battle-history"><br></div><h2 class="battle-history">Turn 16</h2><div class="spacer battle-history"><br></div><div class="battle-history">Malamar used <strong>Knock Off</strong>!<br></div><div class="battle-history"><small>(The opposing Tritosor lost <abbr title="−123/413">29.8%</abbr> of its health!)</small><br></div><div class="battle-history"><small>Malamar knocked off the opposing Tritosor's Leftovers!</small><br></div><div class="spacer battle-history"><br></div><div class="battle-history">The opposing Tritosor used <strong>Scald</strong>!<br></div><div class="battle-history"><small>Malamar's substitute faded!</small><br></div><div class="spacer battle-history"><br></div><div class="battle-history"><small>Malamar restored a little HP using its Leftovers!</small><br></div><div class="spacer battle-history"><br></div><h2 class="battle-history">Turn 17</h2><div class="spacer battle-history"><br></div><div class="battle-history">Arnik withdrew Tritosor!<br></div><div class="battle-history">Arnik sent out Moufflair (<strong>Skuntank</strong>)!<br></div><div class="battle-history"><small>Pointed stones dug into the opposing Moufflair!</small><br></div><div class="spacer battle-history"><br></div><div class="battle-history">Malamar used <strong>Substitute</strong>!<br></div><div class="battle-history"><small>Malamar put in a substitute!</small><br></div><div class="battle-history"><small>(Malamar lost <abbr title="−78/314">24.8%</abbr> of its health!)</small><br></div><div class="spacer battle-history"><br></div><div class="battle-history"><small>The opposing Moufflair restored a little HP using its Black Sludge!</small><br></div><div class="battle-history"><small>Malamar restored a little HP using its Leftovers!</small><br></div><div class="spacer battle-history"><br></div><h2 class="battle-history">Turn 18</h2><div class="spacer battle-history"><br></div><div class="battle-history">The opposing Moufflair used <strong>Defog</strong>!<br></div><div class="battle-history"><small>The pointed stones disappeared from around the opposing team!</small><br></div><div class="spacer battle-history"><br></div><div class="battle-history">Malamar used <strong>Superpower</strong>!<br></div><div class="battle-history"><small>(The opposing Moufflair lost <abbr title="−150/347">43.2%</abbr> of its health!)</small><br></div><div class="battle-history"><small>Malamar's Attack rose!</small><br></div><div class="battle-history"><small>Malamar's Defense rose!</small><br></div><div class="spacer battle-history"><br></div><div class="battle-history"><small>The opposing Moufflair restored a little HP using its Black Sludge!</small><br></div><div class="battle-history"><small>Malamar restored a little HP using its Leftovers!</small><br></div><div class="spacer battle-history"><br></div><h2 class="battle-history">Turn 19</h2><div class="spacer battle-history"><br></div><div class="battle-history">The opposing Moufflair used <strong>Dark Pulse</strong>!<br></div><div class="battle-history"><small>Malamar's substitute faded!</small><br></div><div class="spacer battle-history"><br></div><div class="battle-history">Malamar used <strong>Superpower</strong>!<br></div><div class="battle-history"><small>(The opposing Moufflair lost <abbr title="−173/347">49.9%</abbr> of its health!)</small><br></div><div class="battle-history"><small>[The opposing Moufflair's Aftermath]</small><br><small>Malamar is hurt!</small><br></div><div class="battle-history"><small>Malamar's Attack rose!</small><br></div><div class="battle-history"><small>Malamar's Defense rose!</small><br></div><div class="spacer battle-history"><br></div><div class="battle-history">The opposing Moufflair fainted!<br></div><div class="spacer battle-history"><br></div><div class="battle-history"><small>Malamar restored a little HP using its Leftovers!</small><br></div><div class="spacer battle-history"><br></div><div class="battle-history">Arnik sent out Aéroptérix (<strong>Archeops</strong>)!<br></div><div class="spacer battle-history"><br></div><h2 class="battle-history">Turn 20</h2><div class="spacer battle-history"><br></div><div class="battle-history">The opposing Aéroptérix used <strong>U-turn</strong>!<br></div><div class="battle-history"><small>It's super effective!</small><br></div><div class="battle-history"><small>(Malamar lost <abbr title="−175/314">55.7%</abbr> of its health!)</small><br></div><div class="spacer battle-history"><br></div><div class="battle-history">Malamar fainted!<br></div><div class="spacer battle-history"><br></div><div class="battle-history">The opposing Aéroptérix went back to Arnik!<br></div><div class="battle-history">Arnik sent out Nanméouïe (<strong>Audino-Mega</strong>)!<br></div><div class="spacer battle-history"><br></div><div class="battle-history">Go! <strong>Cradily</strong>!<br></div><div class="spacer battle-history"><br></div><h2 class="battle-history">Turn 21</h2><div class="spacer battle-history"><br></div><div class="battle-history">The opposing Nanméouïe used <strong>Calm Mind</strong>!<br></div><div class="battle-history"><small>The opposing Nanméouïe's Special Attack rose!</small><br></div><div class="battle-history"><small>The opposing Nanméouïe's Special Defense rose!</small><br></div><div class="spacer battle-history"><br></div><div class="battle-history">Cradily used <strong>Toxic</strong>!<br></div><div class="battle-history"><small>The opposing Nanméouïe was badly poisoned!</small><br></div><div class="spacer battle-history"><br></div><div class="battle-history"><small>The opposing Nanméouïe was hurt by poison!</small><br></div><div class="spacer battle-history"><br></div><h2 class="battle-history">Turn 22</h2><div class="spacer battle-history"><br></div><div class="battle-history">The opposing Nanméouïe used <strong>Heal Bell</strong>!<br></div><div class="battle-history"><small>A bell chimed!</small><br></div><div class="battle-history"><small>The opposing Nanméouïe was cured of its poisoning.</small><br></div><div class="spacer battle-history"><br></div><div class="battle-history">Cradily used <strong>Stealth Rock</strong>!<br></div><div class="battle-history"><small>Pointed stones float in the air around the opposing team!</small><br></div><div class="spacer battle-history"><br></div><h2 class="battle-history">Turn 23</h2><div class="spacer battle-history"><br></div><div class="battle-history">The opposing Nanméouïe used <strong>Encore</strong>!<br></div><div class="battle-history"><small>Cradily received an encore!</small><br></div><div class="spacer battle-history"><br></div><div class="battle-history">Cradily used <strong>Stealth Rock</strong>!<br></div><div class="battle-history"><small>But it failed!</small><br></div><div class="spacer battle-history"><br></div><h2 class="battle-history">Turn 24</h2><div class="spacer battle-history"><br></div><div class="battle-history">Cradily, come back!<br></div><div class="battle-history">Go! <strong>Manectric</strong>!<br></div><div class="spacer battle-history"><br></div><div class="battle-history">The opposing Nanméouïe used <strong>Calm Mind</strong>!<br></div><div class="battle-history"><small>The opposing Nanméouïe's Special Attack rose!</small><br></div><div class="battle-history"><small>The opposing Nanméouïe's Special Defense rose!</small><br></div><div class="spacer battle-history"><br></div><h2 class="battle-history">Turn 25</h2><div class="spacer battle-history"><br></div><div class="battle-history">Manectric used <strong>Volt Switch</strong>!<br></div><div class="battle-history"><small>(The opposing Nanméouïe lost <abbr title="−57/389">14.7%</abbr> of its health!)</small><br></div><div class="spacer battle-history"><br></div><div class="battle-history">Manectric went back to mfong123!<br></div><div class="battle-history">Go! <strong>Barbaracle</strong>!<br></div><div class="spacer battle-history"><br></div><div class="battle-history">The opposing Nanméouïe used <strong>Draining Kiss</strong>!<br></div><div class="battle-history"><small>(Barbaracle lost <abbr title="−117/285">41.1%</abbr> of its health!)</small><br></div><div class="battle-history"><small>Barbaracle had its energy drained!</small><br></div><div class="spacer battle-history"><br></div><h2 class="battle-history">Turn 26</h2><div class="spacer battle-history"><br></div><div class="battle-history">Barbaracle used <strong>Shell Smash</strong>!<br></div><div class="battle-history"><small>Barbaracle's Defense fell!</small><br></div><div class="battle-history"><small>Barbaracle's Special Defense fell!</small><br></div><div class="battle-history"><small>Barbaracle's Attack rose sharply!</small><br></div><div class="battle-history"><small>Barbaracle's Special Attack rose sharply!</small><br></div><div class="battle-history"><small>Barbaracle's Speed rose sharply!</small><br></div><div class="spacer battle-history"><br></div><div class="battle-history">The opposing Nanméouïe used <strong>Encore</strong>!<br></div><div class="battle-history"><small>Barbaracle received an encore!</small><br></div><div class="spacer battle-history"><br></div><h2 class="battle-history">Turn 27</h2><div class="spacer battle-history"><br></div><div class="battle-history">Barbaracle, come back!<br></div><div class="battle-history">Go! <strong>Cradily</strong>!<br></div><div class="spacer battle-history"><br></div><div class="battle-history">The opposing Nanméouïe used <strong>Draining Kiss</strong>!<br></div><div class="battle-history"><small>(Cradily lost <abbr title="−72/314">22.9%</abbr> of its health!)</small><br></div><div class="battle-history"><small>Cradily had its energy drained!</small><br></div><div class="spacer battle-history"><br></div><div class="battle-history"><small>Cradily restored a little HP using its Leftovers!</small><br></div><div class="spacer battle-history"><br></div><h2 class="battle-history">Turn 28</h2><div class="spacer battle-history"><br></div><div class="battle-history">The opposing Nanméouïe used <strong>Calm Mind</strong>!<br></div><div class="battle-history"><small>The opposing Nanméouïe's Special Attack rose!</small><br></div><div class="battle-history"><small>The opposing Nanméouïe's Special Defense rose!</small><br></div><div class="spacer battle-history"><br></div><div class="battle-history">Cradily used <strong>Giga Drain</strong>!<br></div><div class="battle-history"><small>(The opposing Nanméouïe lost <abbr title="−22/389">5.7%</abbr> of its health!)</small><br></div><div class="battle-history"><small>The opposing Nanméouïe had its energy drained!</small><br></div><div class="spacer battle-history"><br></div><div class="battle-history"><small>Cradily restored a little HP using its Leftovers!</small><br></div><div class="spacer battle-history"><br></div><h2 class="battle-history">Turn 29</h2><div class="spacer battle-history"><br></div><div class="battle-history">The opposing Nanméouïe used <strong>Encore</strong>!<br></div><div class="battle-history"><small>Cradily received an encore!</small><br></div><div class="spacer battle-history"><br></div><div class="battle-history">Cradily used <strong>Giga Drain</strong>!<br></div><div class="battle-history"><small>A critical hit!</small><br></div><div class="battle-history"><small>(The opposing Nanméouïe lost <abbr title="−75/389">19.3%</abbr> of its health!)</small><br></div><div class="battle-history"><small>The opposing Nanméouïe had its energy drained!</small><br></div><div class="spacer battle-history"><br></div><h2 class="battle-history">Turn 30</h2><div class="spacer battle-history"><br></div><div class="battle-history">The opposing Nanméouïe used <strong>Draining Kiss</strong>!<br></div><div class="battle-history"><small>(Cradily lost <abbr title="−78/314">24.8%</abbr> of its health!)</small><br></div><div class="battle-history"><small>Cradily had its energy drained!</small><br></div><div class="spacer battle-history"><br></div><div class="battle-history">Cradily used <strong>Giga Drain</strong>!<br></div><div class="battle-history"><small>(The opposing Nanméouïe lost <abbr title="−22/389">5.7%</abbr> of its health!)</small><br></div><div class="battle-history"><small>The opposing Nanméouïe had its energy drained!</small><br></div><div class="spacer battle-history"><br></div><div class="battle-history"><small>Cradily restored a little HP using its Leftovers!</small><br></div><div class="spacer battle-history"><br></div><h2 class="battle-history">Turn 31</h2><div class="spacer battle-history"><br></div><div class="battle-history">The opposing Nanméouïe used <strong>Calm Mind</strong>!<br></div><div class="battle-history"><small>The opposing Nanméouïe's Special Attack rose!</small><br></div><div class="battle-history"><small>The opposing Nanméouïe's Special Defense rose!</small><br></div><div class="spacer battle-history"><br></div><div class="battle-history">Cradily used <strong>Giga Drain</strong>!<br></div><div class="battle-history"><small>A critical hit!</small><br></div><div class="battle-history"><small>(The opposing Nanméouïe lost <abbr title="−75/389">19.3%</abbr> of its health!)</small><br></div><div class="battle-history"><small>The opposing Nanméouïe had its energy drained!</small><br></div><div class="spacer battle-history"><br></div><div class="battle-history"><small>Cradily restored a little HP using its Leftovers!</small><br></div><div class="battle-history"><small>Cradily's encore ended!</small><br></div><div class="spacer battle-history"><br></div><h2 class="battle-history">Turn 32</h2><div class="spacer battle-history"><br></div><div class="battle-history">Cradily, come back!<br></div><div class="battle-history">Go! <strong>Primeape</strong>!<br></div><div class="spacer battle-history"><br></div><div class="battle-history">The opposing Nanméouïe used <strong>Encore</strong>!<br></div><div class="battle-history"><small>But it failed!</small><br></div><div class="spacer battle-history"><br></div><h2 class="battle-history">Turn 33</h2><div class="spacer battle-history"><br></div><div class="battle-history">Primeape used <strong>Close Combat</strong>!<br></div><div class="battle-history"><small>(The opposing Nanméouïe lost <abbr title="−127/389">32.6%</abbr> of its health!)</small><br></div><div class="battle-history"><small>Primeape's Defense fell!</small><br></div><div class="battle-history"><small>Primeape's Special Defense fell!</small><br></div><div class="spacer battle-history"><br></div><div class="battle-history">The opposing Nanméouïe used <strong>Draining Kiss</strong>!<br></div><div class="battle-history"><small>It's super effective!</small><br></div><div class="battle-history"><small>A critical hit!</small><br></div><div class="battle-history"><small>(Primeape lost <abbr title="−150/271">55.4%</abbr> of its health!)</small><br></div><div class="battle-history"><small>Primeape had its energy drained!</small><br></div><div class="spacer battle-history"><br></div><div class="battle-history">Primeape fainted!<br></div><div class="spacer battle-history"><br></div><div class="battle-history"><small>mfong123 forfeited.</small><br></div><div class="spacer battle-history"><br></div><div class="battle-history"><strong>Arnik</strong> won the battle!<br></div><div class="chat"><small>mfong123 left.</small></div><div class="chat">mfong123's rating: 1138 → <strong>1130</strong><br>(-8 for losing)</div><div class="chat">Arnik's rating: 1414 → <strong>1421</strong><br>(+7 for winning)</div></div><div class="inner-preempt"></div></div></div>
</div>
<script>
let daily = Math.floor(Date.now()/1000/60/60/24);document.write('<script src="https://play.pokemonshowdown.com/js/replay-embed.js?version'+daily+'"></'+'script>');
</script>
