<!DOCTYPE html>
<meta charset="utf-8" />
<!-- version 1 -->
<title>NU replay: Metagross888 vs. faireskullkid</title>
<style>
html,body {font-family:Verdana, sans-serif;font-size:10pt;margin:0;padding:0;}body{padding:12px 0;} .battle-log {font-family:Verdana, sans-serif;font-size:10pt;} .battle-log-inline {border:1px solid #AAAAAA;background:#EEF2F5;color:black;max-width:640px;margin:0 auto 80px;padding-bottom:5px;} .battle-log .inner {padding:4px 8px 0px 8px;} .battle-log .inner-preempt {padding:0 8px 4px 8px;} .battle-log .inner-after {margin-top:0.5em;} .battle-log h2 {margin:0.5em -8px;padding:4px 8px;border:1px solid #AAAAAA;background:#E0E7EA;border-left:0;border-right:0;font-family:Verdana, sans-serif;font-size:13pt;} .battle-log .chat {vertical-align:middle;padding:3px 0 3px 0;font-size:8pt;} .battle-log .chat strong {color:#40576A;} .battle-log .chat em {padding:1px 4px 1px 3px;color:#000000;font-style:normal;} .chat.mine {background:rgba(0,0,0,0.05);margin-left:-8px;margin-right:-8px;padding-left:8px;padding-right:8px;} .spoiler {color:#BBBBBB;background:#BBBBBB;padding:0px 3px;} .spoiler:hover, .spoiler:active, .spoiler-shown {color:#000000;background:#E2E2E2;padding:0px 3px;} .spoiler a {color:#BBBBBB;} .spoiler:hover a, .spoiler:active a, .spoiler-shown a {color:#2288CC;} .chat code, .chat .spoiler:hover code, .chat .spoiler:active code, .chat .spoiler-shown code {border:1px solid #C0C0C0;background:#EEEEEE;color:black;padding:0 2px;} .chat .spoiler code {border:1px solid #CCCCCC;background:#CCCCCC;color:#CCCCCC;} .battle-log .rated {padding:3px 4px;} .battle-log .rated strong {color:white;background:#89A;padding:1px 4px;border-radius:4px;} .spacer {margin-top:0.5em;} .message-announce {background:#6688AA;color:white;padding:1px 4px 2px;} .message-announce a, .broadcast-green a, .broadcast-blue a, .broadcast-red a {color:#DDEEFF;} .broadcast-green {background-color:#559955;color:white;padding:2px 4px;} .broadcast-blue {background-color:#6688AA;color:white;padding:2px 4px;} .infobox {border:1px solid #6688AA;padding:2px 4px;} .infobox-limited {max-height:200px;overflow:auto;overflow-x:hidden;} .broadcast-red {background-color:#AA5544;color:white;padding:2px 4px;} .message-learn-canlearn {font-weight:bold;color:#228822;text-decoration:underline;} .message-learn-cannotlearn {font-weight:bold;color:#CC2222;text-decoration:underline;} .message-effect-weak {font-weight:bold;color:#CC2222;} .message-effect-resist {font-weight:bold;color:#6688AA;} .message-effect-immune {font-weight:bold;color:#666666;} .message-learn-list {margin-top:0;margin-bottom:0;} .message-throttle-notice, .message-error {color:#992222;} .message-overflow, .chat small.message-overflow {font-size:0pt;} .message-overflow::before {font-size:9pt;content:'...';} .subtle {color:#3A4A66;}
</style>
<div class="wrapper replay-wrapper" style="max-width:1180px;margin:0 auto">
<input type="hidden" name="replayid" value="nu-507035026" />
<div class="battle"></div><div class="battle-log"></div><div class="replay-controls"></div><div class="replay-controls-2"></div>
<h1 style="font-weight:normal;text-align:center"><strong>NU</strong><br /><a href="http://pokemonshowdown.com/users/metagross888" class="subtle" target="_blank">Metagross888</a> vs. <a href="http://pokemonshowdown.com/users/faireskullkid" class="subtle" target="_blank">faireskullkid</a></h1>
<script type="text/plain" class="battle-log-data">|j|Metagross888
|j|faireskullkid
|player|p1|Metagross888|265
|player|p2|faireskullkid|209
|gametype|singles
|gen|6
|tier|NU
|rated
|seed|7126,55498,44781,40471
|rule|Sleep Clause Mod: Limit one foe put to sleep
|rule|Species Clause: Limit one of each Pokémon
|rule|OHKO Clause: OHKO moves are banned
|rule|Moody Clause: Moody is banned
|rule|Evasion Moves Clause: Evasion moves are banned
|rule|Endless Battle Clause: Forcing endless battles is banned
|rule|HP Percentage Mod: HP is shown in percentages
|clearpoke
|poke|p1|Barbaracle, M|item
|poke|p1|Hitmonchan, M|item
|poke|p1|Liepard, F|item
|poke|p1|Lilligant, F|item
|poke|p1|Charizard, F|item
|poke|p1|Aggron, M|item
|poke|p2|Ursaring, M|item
|poke|p2|Furfrou, M, shiny|item
|poke|p2|Zangoose, M|item
|poke|p2|Xatu, F|item
|poke|p2|Vivillon-Icysnow, M|item
|poke|p2|Ditto, shiny|item
|rule|Swagger Clause: Swagger is banned
|rule|Baton Pass Clause: Limit one Baton Passer, can't pass Spe and other stats simultaneously
|teampreview
|choice|team 4, team 2, team 3, team 1, team 5, team 6|team 1, team 2, team 3, team 4, team 5, team 6
|
|start
|switch|p1a: Lilligant|Lilligant, F|282\/282
|switch|p2a: Grizzly|Ursaring, M|383\/383
|turn|1
|choice|move sleeppowder|move bulkup
|
|move|p1a: Lilligant|Sleep Powder|p2a: Grizzly
|-status|p2a: Grizzly|slp
|cant|p2a: Grizzly|slp
|
|upkeep
|turn|2
|choice|move quiverdance|move bulkup
|
|move|p1a: Lilligant|Quiver Dance|p1a: Lilligant
|-boost|p1a: Lilligant|spa|1
|-boost|p1a: Lilligant|spd|1
|-boost|p1a: Lilligant|spe|1
|-curestatus|p2a: Grizzly|slp|[msg]
|move|p2a: Grizzly|Bulk Up|p2a: Grizzly
|-boost|p2a: Grizzly|atk|1
|-boost|p2a: Grizzly|def|1
|
|-status|p2a: Grizzly|brn|[from] item: Flame Orb
|upkeep
|turn|3
|choice|move gigadrain|move gunkshot
|
|move|p1a: Lilligant|Giga Drain|p2a: Grizzly
|-damage|p2a: Grizzly|173\/383 brn
|move|p2a: Grizzly|Gunk Shot|p1a: Lilligant
|-supereffective|p1a: Lilligant
|-damage|p1a: Lilligant|0 fnt
|faint|p1a: Lilligant
|
|-damage|p2a: Grizzly|126\/383 brn|[from] brn
|upkeep
|choice|switch 2|
|
|switch|p1a: Hitmonchan|Hitmonchan, M|299\/299
|turn|4
|choice|move bulletpunch|move earthquake
|
|move|p1a: Hitmonchan|Bullet Punch|p2a: Grizzly
|-damage|p2a: Grizzly|81\/383 brn
|move|p2a: Grizzly|Earthquake|p1a: Hitmonchan
|-damage|p1a: Hitmonchan|0 fnt
|faint|p1a: Hitmonchan
|
|-damage|p2a: Grizzly|34\/383 brn|[from] brn
|upkeep
|choice|switch 5|
|
|switch|p1a: Charizard|Charizard, F|298\/298
|turn|5
|choice|move roost|move gunkshot
|
|move|p1a: Charizard|Roost|p1a: Charizard
|-fail|p1a: Charizard
|move|p2a: Grizzly|Gunk Shot|p1a: Charizard
|-damage|p1a: Charizard|0 fnt
|faint|p1a: Charizard
|
|-damage|p2a: Grizzly|0 fnt|[from] brn
|upkeep
|faint|p2a: Grizzly
|choice|switch 3|switch 3
|
|switch|p1a: Liepard|Liepard, F|332\/332
|switch|p2a: Deadly Sin|Zangoose, M|287\/287
|turn|6
|choice|move knockoff|move protect
|
|move|p2a: Deadly Sin|Protect|p2a: Deadly Sin
|-singleturn|p2a: Deadly Sin|Protect
|move|p1a: Liepard|Knock Off|p2a: Deadly Sin
|-activate|p2a: Deadly Sin|move: Protect
|
|-status|p2a: Deadly Sin|tox|[from] item: Toxic Orb
|upkeep
|turn|7
|choice|move encore|move swordsdance
|
|move|p1a: Liepard|Encore|p2a: Deadly Sin
|-start|p2a: Deadly Sin|Encore
|move|p2a: Deadly Sin|Protect|p2a: Deadly Sin
|-fail|p2a: Deadly Sin
|
|-damage|p2a: Deadly Sin|270\/287 tox|[from] psn
|upkeep
|turn|8
|choice|move knockoff|switch 4
|
|switch|p2a: Te Lo Dewelbo :v|Xatu, F|334\/334
|move|p1a: Liepard|Knock Off|p2a: Te Lo Dewelbo :v
|-supereffective|p2a: Te Lo Dewelbo :v
|-damage|p2a: Te Lo Dewelbo :v|152\/334
|-enditem|p2a: Te Lo Dewelbo :v|Leftovers|[from] move: Knock Off|[of] p1a: Liepard
|
|upkeep
|turn|9
|choice|move taunt|move wish
|
|move|p1a: Liepard|Taunt|p2a: Te Lo Dewelbo :v
|move|p2a: Te Lo Dewelbo :v|Taunt|p1a: Liepard|[from]Magic Bounce
|-start|p1a: Liepard|move: Taunt
|move|p2a: Te Lo Dewelbo :v|Wish|p2a: Te Lo Dewelbo :v
|
|upkeep
|turn|10
|choice|move knockoff|move protect
|
|move|p2a: Te Lo Dewelbo :v|Protect|p2a: Te Lo Dewelbo :v
|-singleturn|p2a: Te Lo Dewelbo :v|Protect
|move|p1a: Liepard|Knock Off|p2a: Te Lo Dewelbo :v
|-activate|p2a: Te Lo Dewelbo :v|move: Protect
|
|-heal|p2a: Te Lo Dewelbo :v|319\/334|[from] move: Wish|[wisher] Te Lo Dewelbo :v
|upkeep
|turn|11
|choice|move knockoff|move dazzlinggleam
|
|move|p1a: Liepard|Knock Off|p2a: Te Lo Dewelbo :v
|-supereffective|p2a: Te Lo Dewelbo :v
|-damage|p2a: Te Lo Dewelbo :v|185\/334
|move|p2a: Te Lo Dewelbo :v|Dazzling Gleam|p1a: Liepard
|-supereffective|p1a: Liepard
|-damage|p1a: Liepard|126\/332
|
|upkeep
|turn|12
|choice|move knockoff|move wish
|
|move|p1a: Liepard|Knock Off|p2a: Te Lo Dewelbo :v
|-supereffective|p2a: Te Lo Dewelbo :v
|-damage|p2a: Te Lo Dewelbo :v|51\/334
|move|p2a: Te Lo Dewelbo :v|Wish|p2a: Te Lo Dewelbo :v
|
|-end|p1a: Liepard|move: Taunt
|upkeep
|turn|13
|choice|switch 4|move protect
|
|switch|p1a: Barbaracle|Barbaracle, M|286\/286
|move|p2a: Te Lo Dewelbo :v|Protect|p2a: Te Lo Dewelbo :v
|-fail|p2a: Te Lo Dewelbo :v
|
|-heal|p2a: Te Lo Dewelbo :v|218\/334|[from] move: Wish|[wisher] Te Lo Dewelbo :v
|upkeep
|turn|14
|choice|move shellsmash|move dazzlinggleam
|
|move|p1a: Barbaracle|Shell Smash|p1a: Barbaracle
|-unboost|p1a: Barbaracle|def|1
|-unboost|p1a: Barbaracle|spd|1
|-boost|p1a: Barbaracle|atk|2
|-boost|p1a: Barbaracle|spa|2
|-boost|p1a: Barbaracle|spe|2
|-enditem|p1a: Barbaracle|White Herb
|-clearnegativeboost|p1a: Barbaracle|[silent]
|move|p2a: Te Lo Dewelbo :v|Dazzling Gleam|p1a: Barbaracle
|-damage|p1a: Barbaracle|218\/286
|
|upkeep
|turn|15
|choice|move stoneedge|move dazzlinggleam
|
|move|p1a: Barbaracle|Stone Edge|p2a: Te Lo Dewelbo :v
|-supereffective|p2a: Te Lo Dewelbo :v
|-damage|p2a: Te Lo Dewelbo :v|0 fnt
|faint|p2a: Te Lo Dewelbo :v
|
|upkeep
|choice||switch 6
|
|switch|p2a: Doppleganger|Ditto, shiny|300\/300
|-transform|p2a: Doppleganger|p1a: Barbaracle|[from] ability: Imposter
|turn|16
|c|★Metagross888|Doppelgänger
|choice|move stoneedge|move earthquake
|
|move|p2a: Doppleganger|Earthquake|p1a: Barbaracle
|-supereffective|p1a: Barbaracle
|-damage|p1a: Barbaracle|0 fnt
|faint|p1a: Barbaracle
|
|upkeep
|choice|switch 4|
|
|switch|p1a: Liepard|Liepard, F|126\/332
|turn|17
|c|★faireskullkid|thanks
|choice|move thunderwave|move earthquake
|
|move|p1a: Liepard|Thunder Wave|p2a: Doppleganger
|-status|p2a: Doppleganger|par
|cant|p2a: Doppleganger|par
|
|upkeep
|turn|18
|c|★Metagross888|ur welcome
|choice|move knockoff|move earthquake
|
|move|p1a: Liepard|Knock Off|p2a: Doppleganger
|-damage|p2a: Doppleganger|215\/300 par
|-enditem|p2a: Doppleganger|Choice Scarf|[from] move: Knock Off|[of] p1a: Liepard
|cant|p2a: Doppleganger|par
|
|upkeep
|turn|19
|choice|move knockoff|move earthquake
|
|move|p1a: Liepard|Knock Off|p2a: Doppleganger
|-damage|p2a: Doppleganger|149\/300 par
|cant|p2a: Doppleganger|par
|
|upkeep
|turn|20
|choice|move knockoff|move earthquake
|
|move|p1a: Liepard|Knock Off|p2a: Doppleganger
|-damage|p2a: Doppleganger|89\/300 par
|cant|p2a: Doppleganger|par
|
|upkeep
|turn|21
|choice|move knockoff|move earthquake
|
|move|p1a: Liepard|Knock Off|p2a: Doppleganger
|-damage|p2a: Doppleganger|22\/300 par
|move|p2a: Doppleganger|Earthquake|p1a: Liepard
|-damage|p1a: Liepard|0 fnt
|faint|p1a: Liepard
|
|upkeep
|c|★faireskullkid|lol
|choice|switch 6|
|
|switch|p1a: Aggron|Aggron, M|344\/344
|turn|22
|c|★Metagross888|4 in a row
|choice|move earthquake|move earthquake
|
|move|p1a: Aggron|Earthquake|p2a: Doppleganger
|-supereffective|p2a: Doppleganger
|-damage|p2a: Doppleganger|0 fnt
|faint|p2a: Doppleganger
|
|upkeep
|choice||switch 2
|
|switch|p2a: Furry|Furfrou, M, shiny|354\/354
|turn|23
|choice|move dragontail|move cottonguard
|
|move|p2a: Furry|Cotton Guard|p2a: Furry
|-boost|p2a: Furry|def|3
|move|p1a: Aggron|Dragon Tail|p2a: Furry|[miss]
|-miss|p1a: Aggron|p2a: Furry
|
|upkeep
|turn|24
|choice|move dragontail|move suckerpunch
|
|move|p2a: Furry|Sucker Punch|p1a: Aggron
|-damage|p1a: Aggron|319\/344
|move|p1a: Aggron|Dragon Tail|p2a: Furry|[miss]
|-miss|p1a: Aggron|p2a: Furry
|
|-heal|p1a: Aggron|340\/344|[from] item: Leftovers
|upkeep
|turn|25
|choice|move dragontail|move suckerpunch
|
|move|p2a: Furry|Sucker Punch|p1a: Aggron
|-damage|p1a: Aggron|316\/344
|move|p1a: Aggron|Dragon Tail|p2a: Furry
|-damage|p2a: Furry|337\/354
|drag|p2a: Dancing Moth|Vivillon-Icysnow, M|301\/301
|
|-heal|p1a: Aggron|337\/344|[from] item: Leftovers
|upkeep
|turn|26
|choice|move heavyslam|move energyball
|
|move|p2a: Dancing Moth|Energy Ball|p1a: Aggron
|-damage|p1a: Aggron|207\/344
|move|p1a: Aggron|Heavy Slam|p2a: Dancing Moth
|-damage|p2a: Dancing Moth|51\/301
|
|-heal|p2a: Dancing Moth|69\/301|[from] item: Leftovers
|-heal|p1a: Aggron|228\/344|[from] item: Leftovers
|upkeep
|turn|27
|choice|move heavyslam|move energyball
|
|move|p2a: Dancing Moth|Energy Ball|p1a: Aggron
|-damage|p1a: Aggron|93\/344
|move|p1a: Aggron|Heavy Slam|p2a: Dancing Moth
|-damage|p2a: Dancing Moth|0 fnt
|faint|p2a: Dancing Moth
|
|-heal|p1a: Aggron|114\/344|[from] item: Leftovers
|upkeep
|choice||switch 4
|
|switch|p2a: Deadly Sin|Zangoose, M|270\/287 tox
|turn|28
|choice|move heavyslam|move swordsdance
|
|move|p2a: Deadly Sin|Swords Dance|p2a: Deadly Sin
|-boost|p2a: Deadly Sin|atk|2
|move|p1a: Aggron|Heavy Slam|p2a: Deadly Sin
|-damage|p2a: Deadly Sin|50\/287 tox
|
|-heal|p1a: Aggron|135\/344|[from] item: Leftovers
|-damage|p2a: Deadly Sin|33\/287 tox|[from] psn
|upkeep
|turn|29
|choice|move stealthrock|move facade
|
|move|p2a: Deadly Sin|Facade|p1a: Aggron
|-resisted|p1a: Aggron
|-damage|p1a: Aggron|55\/344
|move|p1a: Aggron|Stealth Rock|p2a: Deadly Sin
|-sidestart|p2: faireskullkid|move: Stealth Rock
|
|-heal|p1a: Aggron|76\/344|[from] item: Leftovers
|-damage|p2a: Deadly Sin|0 fnt|[from] psn
|upkeep
|faint|p2a: Deadly Sin
|choice||switch 5
|
|switch|p2a: Furry|Furfrou, M, shiny|337\/354
|-damage|p2a: Furry|293\/354|[from] Stealth Rock
|turn|30
|choice|move heavyslam|move cottonguard
|
|move|p2a: Furry|Cotton Guard|p2a: Furry
|-boost|p2a: Furry|def|3
|move|p1a: Aggron|Heavy Slam|p2a: Furry
|-damage|p2a: Furry|250\/354
|
|-heal|p2a: Furry|272\/354|[from] item: Leftovers
|-heal|p1a: Aggron|97\/344|[from] item: Leftovers
|upkeep
|turn|31
|choice|move heavyslam|move suckerpunch
|
|move|p2a: Furry|Sucker Punch|p1a: Aggron
|-damage|p1a: Aggron|72\/344
|move|p1a: Aggron|Heavy Slam|p2a: Furry
|-damage|p2a: Furry|227\/354
|
|-heal|p2a: Furry|249\/354|[from] item: Leftovers
|-heal|p1a: Aggron|93\/344|[from] item: Leftovers
|upkeep
|turn|32
|choice|move heavyslam|move suckerpunch
|
|move|p2a: Furry|Sucker Punch|p1a: Aggron
|-damage|p1a: Aggron|66\/344
|move|p1a: Aggron|Heavy Slam|p2a: Furry
|-damage|p2a: Furry|198\/354
|
|-heal|p2a: Furry|220\/354|[from] item: Leftovers
|-heal|p1a: Aggron|87\/344|[from] item: Leftovers
|upkeep
|turn|33
|choice|move heavyslam|move cottonguard
|
|move|p2a: Furry|Cotton Guard|p2a: Furry
|-boost|p2a: Furry|def|3
|move|p1a: Aggron|Heavy Slam|p2a: Furry
|-damage|p2a: Furry|189\/354
|
|-heal|p2a: Furry|211\/354|[from] item: Leftovers
|-heal|p1a: Aggron|108\/344|[from] item: Leftovers
|upkeep
|turn|34
|choice|move heavyslam|move suckerpunch
|
|move|p2a: Furry|Sucker Punch|p1a: Aggron
|-damage|p1a: Aggron|82\/344
|move|p1a: Aggron|Heavy Slam|p2a: Furry
|-damage|p2a: Furry|180\/354
|
|-heal|p2a: Furry|202\/354|[from] item: Leftovers
|-heal|p1a: Aggron|103\/344|[from] item: Leftovers
|upkeep
|turn|35
|choice|move heavyslam|move suckerpunch
|
|move|p2a: Furry|Sucker Punch|p1a: Aggron
|-damage|p1a: Aggron|76\/344
|move|p1a: Aggron|Heavy Slam|p2a: Furry
|-damage|p2a: Furry|174\/354
|
|-heal|p2a: Furry|196\/354|[from] item: Leftovers
|-heal|p1a: Aggron|97\/344|[from] item: Leftovers
|upkeep
|turn|36
|choice|move heavyslam|move suckerpunch
|
|move|p2a: Furry|Sucker Punch|p1a: Aggron
|-damage|p1a: Aggron|71\/344
|move|p1a: Aggron|Heavy Slam|p2a: Furry
|-damage|p2a: Furry|165\/354
|
|-heal|p2a: Furry|187\/354|[from] item: Leftovers
|-heal|p1a: Aggron|92\/344|[from] item: Leftovers
|upkeep
|turn|37
|choice|move heavyslam|move rest
|
|move|p2a: Furry|Rest|p2a: Furry
|-status|p2a: Furry|slp
|-heal|p2a: Furry|354\/354 slp|[silent]
|-status|p2a: Furry|slp|[from] move: Rest
|move|p1a: Aggron|Heavy Slam|p2a: Furry
|-damage|p2a: Furry|326\/354 slp
|
|-heal|p2a: Furry|348\/354 slp|[from] item: Leftovers
|-heal|p1a: Aggron|113\/344|[from] item: Leftovers
|upkeep
|turn|38
|c|★faireskullkid|gg
|c|★Metagross888|i really hate u right now
|c|★faireskullkid|nice battle, but i don't have patience
|choice|move heavyslam|move rest
|
|cant|p2a: Furry|slp
|move|p1a: Aggron|Heavy Slam|p2a: Furry
|-damage|p2a: Furry|318\/354 slp
|
|-heal|p2a: Furry|340\/354 slp|[from] item: Leftovers
|-heal|p1a: Aggron|134\/344|[from] item: Leftovers
|upkeep
|turn|39
|c|★Metagross888|it really was good
|c|★faireskullkid|yeah, u're really good
|c|★Metagross888|to make it fair, i will forfait
|c|★Metagross888|i know when i lost
|-message|Metagross888 forfeited.
|
|win|faireskullkid
|player|p1
|player|p2
|l|Metagross888</script>
</div>
<div class="battle-log battle-log-inline"><div class="inner"><div class="battle-options"></div><div class="inner"><div class="chat"><small>Metagross888 joined.</small></div><div class="chat"><small>faireskullkid joined.</small></div><div class=""><small>Format:</small> <br><strong>NU</strong></div><div class="rated"><strong>Rated battle</strong></div><div class=""><small><em>Sleep Clause Mod:</em> Limit one foe put to sleep</small></div><div class=""><small><em>Species Clause:</em> Limit one of each Pokémon</small></div><div class=""><small><em>OHKO Clause:</em> OHKO moves are banned</small></div><div class=""><small><em>Moody Clause:</em> Moody is banned</small></div><div class=""><small><em>Evasion Moves Clause:</em> Evasion moves are banned</small></div><div class=""><small><em>Endless Battle Clause:</em> Forcing endless battles is banned</small></div><div class=""><small><em>HP Percentage Mod:</em> HP is shown in percentages</small></div><div class=""><small><em>Swagger Clause:</em> Swagger is banned</small></div><div class=""><small><em>Baton Pass Clause:</em> Limit one Baton Passer, can't pass Spe and other stats simultaneously</small></div><div class="chat battle-history"><strong>Metagross888's team:</strong> <em style="color:#445566;display:block;">Barbaracle / Hitmonchan / Liepard / Lilligant / Charizard / Aggron</em></div><div class="chat battle-history"><strong>faireskullkid's team:</strong> <em style="color:#445566;display:block;">Ursaring / Furfrou / Zangoose / Xatu / Vivillon-Icysnow / Ditto</em></div><div class="spacer battle-history"><br></div><div class="battle-history">Battle started between Metagross888 and faireskullkid!<br></div><div class="spacer battle-history"><br></div><div class="battle-history">Go! <strong>Lilligant</strong>!<br></div><div class="spacer battle-history"><br></div><div class="battle-history">faireskullkid sent out Grizzly (<strong>Ursaring</strong>)!<br></div><div class="spacer battle-history"><br></div><h2 class="battle-history">Turn 1</h2><div class="spacer battle-history"><br></div><div class="battle-history">Lilligant used <strong>Sleep Powder</strong>!<br></div><div class="battle-history"><small>The opposing Grizzly fell asleep!</small><br></div><div class="spacer battle-history"><br></div><div class="battle-history">The opposing Grizzly is fast asleep.<br></div><div class="spacer battle-history"><br></div><h2 class="battle-history">Turn 2</h2><div class="spacer battle-history"><br></div><div class="battle-history">Lilligant used <strong>Quiver Dance</strong>!<br></div><div class="battle-history"><small>Lilligant's Special Attack rose!</small><br></div><div class="battle-history"><small>Lilligant's Special Defense rose!</small><br></div><div class="battle-history"><small>Lilligant's Speed rose!</small><br></div><div class="battle-history"><small>The opposing Grizzly woke up!</small><br></div><div class="spacer battle-history"><br></div><div class="battle-history">The opposing Grizzly used <strong>Bulk Up</strong>!<br></div><div class="battle-history"><small>The opposing Grizzly's Attack rose!</small><br></div><div class="battle-history"><small>The opposing Grizzly's Defense rose!</small><br></div><div class="spacer battle-history"><br></div><div class="battle-history"><small>The opposing Grizzly was burned!</small><br></div><div class="spacer battle-history"><br></div><h2 class="battle-history">Turn 3</h2><div class="spacer battle-history"><br></div><div class="battle-history">Lilligant used <strong>Giga Drain</strong>!<br></div><div class="battle-history"><small>(The opposing Grizzly lost <abbr title="−210/383">54.8%</abbr> of its health!)</small><br></div><div class="spacer battle-history"><br></div><div class="battle-history">The opposing Grizzly used <strong>Gunk Shot</strong>!<br></div><div class="battle-history"><small>It's super effective!</small><br></div><div class="battle-history"><small>(Lilligant lost <abbr title="−282/282">100%</abbr> of its health!)</small><br></div><div class="spacer battle-history"><br></div><div class="battle-history">Lilligant fainted!<br></div><div class="spacer battle-history"><br></div><div class="battle-history"><small>The opposing Grizzly was hurt by its burn!</small><br></div><div class="spacer battle-history"><br></div><div class="battle-history">Go! <strong>Hitmonchan</strong>!<br></div><div class="spacer battle-history"><br></div><h2 class="battle-history">Turn 4</h2><div class="spacer battle-history"><br></div><div class="battle-history">Hitmonchan used <strong>Bullet Punch</strong>!<br></div><div class="battle-history"><small>(The opposing Grizzly lost <abbr title="−45/383">11.7%</abbr> of its health!)</small><br></div><div class="spacer battle-history"><br></div><div class="battle-history">The opposing Grizzly used <strong>Earthquake</strong>!<br></div><div class="battle-history"><small>(Hitmonchan lost <abbr title="−299/299">100%</abbr> of its health!)</small><br></div><div class="spacer battle-history"><br></div><div class="battle-history">Hitmonchan fainted!<br></div><div class="spacer battle-history"><br></div><div class="battle-history"><small>The opposing Grizzly was hurt by its burn!</small><br></div><div class="spacer battle-history"><br></div><div class="battle-history">Go! <strong>Charizard</strong>!<br></div><div class="spacer battle-history"><br></div><h2 class="battle-history">Turn 5</h2><div class="spacer battle-history"><br></div><div class="battle-history">Charizard used <strong>Roost</strong>!<br></div><div class="battle-history"><small>But it failed!</small><br></div><div class="spacer battle-history"><br></div><div class="battle-history">The opposing Grizzly used <strong>Gunk Shot</strong>!<br></div><div class="battle-history"><small>(Charizard lost <abbr title="−298/298">100%</abbr> of its health!)</small><br></div><div class="spacer battle-history"><br></div><div class="battle-history">Charizard fainted!<br></div><div class="spacer battle-history"><br></div><div class="battle-history"><small>The opposing Grizzly was hurt by its burn!</small><br></div><div class="spacer battle-history"><br></div><div class="battle-history">The opposing Grizzly fainted!<br></div><div class="spacer battle-history"><br></div><div class="battle-history">Go! <strong>Liepard</strong>!<br></div><div class="spacer battle-history"><br></div><div class="battle-history">faireskullkid sent out Deadly Sin (<strong>Zangoose</strong>)!<br></div><div class="spacer battle-history"><br></div><h2 class="battle-history">Turn 6</h2><div class="spacer battle-history"><br></div><div class="battle-history">The opposing Deadly Sin used <strong>Protect</strong>!<br></div><div class="battle-history"><small>The opposing Deadly Sin protected itself!</small><br></div><div class="spacer battle-history"><br></div><div class="battle-history">Liepard used <strong>Knock Off</strong>!<br></div><div class="battle-history"><small>The opposing Deadly Sin protected itself!</small><br></div><div class="spacer battle-history"><br></div><div class="battle-history"><small>The opposing Deadly Sin was badly poisoned!</small><br></div><div class="spacer battle-history"><br></div><h2 class="battle-history">Turn 7</h2><div class="spacer battle-history"><br></div><div class="battle-history">Liepard used <strong>Encore</strong>!<br></div><div class="battle-history"><small>The opposing Deadly Sin received an encore!</small><br></div><div class="spacer battle-history"><br></div><div class="battle-history">The opposing Deadly Sin used <strong>Protect</strong>!<br></div><div class="battle-history"><small>But it failed!</small><br></div><div class="spacer battle-history"><br></div><div class="battle-history"><small>The opposing Deadly Sin was hurt by poison!</small><br></div><div class="spacer battle-history"><br></div><h2 class="battle-history">Turn 8</h2><div class="spacer battle-history"><br></div><div class="battle-history">faireskullkid withdrew Deadly Sin!<br></div><div class="battle-history">faireskullkid sent out Te Lo Dewelbo :v (<strong>Xatu</strong>)!<br></div><div class="spacer battle-history"><br></div><div class="battle-history">Liepard used <strong>Knock Off</strong>!<br></div><div class="battle-history"><small>It's super effective!</small><br></div><div class="battle-history"><small>(The opposing Te Lo Dewelbo :v lost <abbr title="−182/334">54.5%</abbr> of its health!)</small><br></div><div class="battle-history"><small>Liepard knocked off the opposing Te Lo Dewelbo :v's Leftovers!</small><br></div><div class="spacer battle-history"><br></div><h2 class="battle-history">Turn 9</h2><div class="spacer battle-history"><br></div><div class="battle-history">Liepard used <strong>Taunt</strong>!<br></div><div class="spacer battle-history"><br></div><div class="battle-history"><small>[The opposing Te Lo Dewelbo :v's Magic Bounce]</small><br>The opposing Te Lo Dewelbo :v bounced the Taunt back!<br></div><div class="battle-history"><small>Liepard fell for the taunt!</small><br></div><div class="spacer battle-history"><br></div><div class="battle-history">The opposing Te Lo Dewelbo :v used <strong>Wish</strong>!<br></div><div class="spacer battle-history"><br></div><h2 class="battle-history">Turn 10</h2><div class="spacer battle-history"><br></div><div class="battle-history">The opposing Te Lo Dewelbo :v used <strong>Protect</strong>!<br></div><div class="battle-history"><small>The opposing Te Lo Dewelbo :v protected itself!</small><br></div><div class="spacer battle-history"><br></div><div class="battle-history">Liepard used <strong>Knock Off</strong>!<br></div><div class="battle-history"><small>The opposing Te Lo Dewelbo :v protected itself!</small><br></div><div class="spacer battle-history"><br></div><div class="battle-history"><small>Te Lo Dewelbo :v's wish came true!</small><br></div><div class="spacer battle-history"><br></div><h2 class="battle-history">Turn 11</h2><div class="spacer battle-history"><br></div><div class="battle-history">Liepard used <strong>Knock Off</strong>!<br></div><div class="battle-history"><small>It's super effective!</small><br></div><div class="battle-history"><small>(The opposing Te Lo Dewelbo :v lost <abbr title="−134/334">40.1%</abbr> of its health!)</small><br></div><div class="spacer battle-history"><br></div><div class="battle-history">The opposing Te Lo Dewelbo :v used <strong>Dazzling Gleam</strong>!<br></div><div class="battle-history"><small>It's super effective!</small><br></div><div class="battle-history"><small>(Liepard lost <abbr title="−206/332">62.0%</abbr> of its health!)</small><br></div><div class="spacer battle-history"><br></div><h2 class="battle-history">Turn 12</h2><div class="spacer battle-history"><br></div><div class="battle-history">Liepard used <strong>Knock Off</strong>!<br></div><div class="battle-history"><small>It's super effective!</small><br></div><div class="battle-history"><small>(The opposing Te Lo Dewelbo :v lost <abbr title="−134/334">40.1%</abbr> of its health!)</small><br></div><div class="spacer battle-history"><br></div><div class="battle-history">The opposing Te Lo Dewelbo :v used <strong>Wish</strong>!<br></div><div class="spacer battle-history"><br></div><div class="battle-history"><small>Liepard's taunt wore off!</small><br></div><div class="spacer battle-history"><br></div><h2 class="battle-history">Turn 13</h2><div class="spacer battle-history"><br></div><div class="battle-history">Liepard, come back!<br></div><div class="battle-history">Go! <strong>Barbaracle</strong>!<br></div><div class="spacer battle-history"><br></div><div class="battle-history">The opposing Te Lo Dewelbo :v used <strong>Protect</strong>!<br></div><div class="battle-history"><small>But it failed!</small><br></div><div class="spacer battle-history"><br></div><div class="battle-history"><small>Te Lo Dewelbo :v's wish came true!</small><br></div><div class="spacer battle-history"><br></div><h2 class="battle-history">Turn 14</h2><div class="spacer battle-history"><br></div><div class="battle-history">Barbaracle used <strong>Shell Smash</strong>!<br></div><div class="battle-history"><small>Barbaracle's Defense fell!</small><br></div><div class="battle-history"><small>Barbaracle's Special Defense fell!</small><br></div><div class="battle-history"><small>Barbaracle's Attack rose sharply!</small><br></div><div class="battle-history"><small>Barbaracle's Special Attack rose sharply!</small><br></div><div class="battle-history"><small>Barbaracle's Speed rose sharply!</small><br></div><div class="battle-history"><small>Barbaracle returned its status to normal using its White Herb!</small><br></div><div class="spacer battle-history"><br></div><div class="battle-history">The opposing Te Lo Dewelbo :v used <strong>Dazzling Gleam</strong>!<br></div><div class="battle-history"><small>(Barbaracle lost <abbr title="−68/286">23.8%</abbr> of its health!)</small><br></div><div class="spacer battle-history"><br></div><h2 class="battle-history">Turn 15</h2><div class="spacer battle-history"><br></div><div class="battle-history">Barbaracle used <strong>Stone Edge</strong>!<br></div><div class="battle-history"><small>It's super effective!</small><br></div><div class="battle-history"><small>(The opposing Te Lo Dewelbo :v lost <abbr title="−218/334">65.3%</abbr> of its health!)</small><br></div><div class="spacer battle-history"><br></div><div class="battle-history">The opposing Te Lo Dewelbo :v fainted!<br></div><div class="spacer battle-history"><br></div><div class="battle-history">faireskullkid sent out Doppleganger (<strong>Ditto</strong>)!<br></div><div class="battle-history"><small>[The opposing Doppleganger's Imposter]</small><br>The opposing Doppleganger transformed into Barbaracle!<br></div><div class="spacer battle-history"><br></div><h2 class="battle-history">Turn 16</h2><div class="chat chatmessage-metagross888"><strong style="color:hsl(144,53%,43.498539721626784%)"><small>★</small><span class="username" data-name="Metagross888">Metagross888</span>:</strong> <em>Doppelgänger</em></div><div class="spacer battle-history"><br></div><div class="battle-history">The opposing Doppleganger used <strong>Earthquake</strong>!<br></div><div class="battle-history"><small>It's super effective!</small><br></div><div class="battle-history"><small>(Barbaracle lost <abbr title="−218/286">76.2%</abbr> of its health!)</small><br></div><div class="spacer battle-history"><br></div><div class="battle-history">Barbaracle fainted!<br></div><div class="spacer battle-history"><br></div><div class="battle-history">Go! <strong>Liepard</strong>!<br></div><div class="spacer battle-history"><br></div><h2 class="battle-history">Turn 17</h2><div class="chat chatmessage-faireskullkid"><strong style="color:hsl(230,83%,59.462871843966944%)"><small>★</small><span class="username" data-name="faireskullkid">faireskullkid</span>:</strong> <em>thanks</em></div><div class="spacer battle-history"><br></div><div class="battle-history">Liepard used <strong>Thunder Wave</strong>!<br></div><div class="battle-history"><small>The opposing Doppleganger is paralyzed! It may be unable to move!</small><br></div><div class="spacer battle-history"><br></div><div class="battle-history">The opposing Doppleganger is paralyzed! It can't move!<br></div><div class="spacer battle-history"><br></div><h2 class="battle-history">Turn 18</h2><div class="chat chatmessage-metagross888"><strong style="color:hsl(144,53%,43.498539721626784%)"><small>★</small><span class="username" data-name="Metagross888">Metagross888</span>:</strong> <em>ur welcome</em></div><div class="spacer battle-history"><br></div><div class="battle-history">Liepard used <strong>Knock Off</strong>!<br></div><div class="battle-history"><small>(The opposing Doppleganger lost <abbr title="−85/300">28.3%</abbr> of its health!)</small><br></div><div class="battle-history"><small>Liepard knocked off the opposing Doppleganger's Choice Scarf!</small><br></div><div class="spacer battle-history"><br></div><div class="battle-history">The opposing Doppleganger is paralyzed! It can't move!<br></div><div class="spacer battle-history"><br></div><h2 class="battle-history">Turn 19</h2><div class="spacer battle-history"><br></div><div class="battle-history">Liepard used <strong>Knock Off</strong>!<br></div><div class="battle-history"><small>(The opposing Doppleganger lost <abbr title="−66/300">22%</abbr> of its health!)</small><br></div><div class="spacer battle-history"><br></div><div class="battle-history">The opposing Doppleganger is paralyzed! It can't move!<br></div><div class="spacer battle-history"><br></div><h2 class="battle-history">Turn 20</h2><div class="spacer battle-history"><br></div><div class="battle-history">Liepard used <strong>Knock Off</strong>!<br></div><div class="battle-history"><small>(The opposing Doppleganger lost <abbr title="−60/300">20%</abbr> of its health!)</small><br></div><div class="spacer battle-history"><br></div><div class="battle-history">The opposing Doppleganger is paralyzed! It can't move!<br></div><div class="spacer battle-history"><br></div><h2 class="battle-history">Turn 21</h2><div class="spacer battle-history"><br></div><div class="battle-history">Liepard used <strong>Knock Off</strong>!<br></div><div class="battle-history"><small>(The opposing Doppleganger lost <abbr title="−67/300">22.3%</abbr> of its health!)</small><br></div><div class="spacer battle-history"><br></div><div class="battle-history">The opposing Doppleganger used <strong>Earthquake</strong>!<br></div><div class="battle-history"><small>(Liepard lost <abbr title="−126/332">38.0%</abbr> of its health!)</small><br></div><div class="spacer battle-history"><br></div><div class="battle-history">Liepard fainted!<br></div><div class="chat chatmessage-faireskullkid"><strong style="color:hsl(230,83%,59.462871843966944%)"><small>★</small><span class="username" data-name="faireskullkid">faireskullkid</span>:</strong> <em>lol</em></div><div class="spacer battle-history"><br></div><div class="battle-history">Go! <strong>Aggron</strong>!<br></div><div class="spacer battle-history"><br></div><h2 class="battle-history">Turn 22</h2><div class="chat chatmessage-metagross888"><strong style="color:hsl(144,53%,43.498539721626784%)"><small>★</small><span class="username" data-name="Metagross888">Metagross888</span>:</strong> <em>4 in a row</em></div><div class="spacer battle-history"><br></div><div class="battle-history">Aggron used <strong>Earthquake</strong>!<br></div><div class="battle-history"><small>It's super effective!</small><br></div><div class="battle-history"><small>(The opposing Doppleganger lost <abbr title="−22/300">7.3%</abbr> of its health!)</small><br></div><div class="spacer battle-history"><br></div><div class="battle-history">The opposing Doppleganger fainted!<br></div><div class="spacer battle-history"><br></div><div class="battle-history">faireskullkid sent out Furry (<strong>Furfrou</strong>)!<br></div><div class="spacer battle-history"><br></div><h2 class="battle-history">Turn 23</h2><div class="spacer battle-history"><br></div><div class="battle-history">The opposing Furry used <strong>Cotton Guard</strong>!<br></div><div class="battle-history"><small>The opposing Furry's Defense rose drastically!</small><br></div><div class="spacer battle-history"><br></div><div class="battle-history">Aggron used <strong>Dragon Tail</strong>!<br></div><div class="battle-history"><small>The opposing Furry avoided the attack!</small><br></div><div class="spacer battle-history"><br></div><h2 class="battle-history">Turn 24</h2><div class="spacer battle-history"><br></div><div class="battle-history">The opposing Furry used <strong>Sucker Punch</strong>!<br></div><div class="battle-history"><small>(Aggron lost <abbr title="−25/344">7.3%</abbr> of its health!)</small><br></div><div class="spacer battle-history"><br></div><div class="battle-history">Aggron used <strong>Dragon Tail</strong>!<br></div><div class="battle-history"><small>The opposing Furry avoided the attack!</small><br></div><div class="spacer battle-history"><br></div><div class="battle-history"><small>Aggron restored a little HP using its Leftovers!</small><br></div><div class="spacer battle-history"><br></div><h2 class="battle-history">Turn 25</h2><div class="spacer battle-history"><br></div><div class="battle-history">The opposing Furry used <strong>Sucker Punch</strong>!<br></div><div class="battle-history"><small>(Aggron lost <abbr title="−24/344">7.0%</abbr> of its health!)</small><br></div><div class="spacer battle-history"><br></div><div class="battle-history">Aggron used <strong>Dragon Tail</strong>!<br></div><div class="battle-history"><small>(The opposing Furry lost <abbr title="−17/354">4.8%</abbr> of its health!)</small><br></div><div class="spacer battle-history"><br></div><div class="battle-history">Dancing Moth (<strong>Vivillon-Icysnow</strong>) was dragged out!<br></div><div class="spacer battle-history"><br></div><div class="battle-history"><small>Aggron restored a little HP using its Leftovers!</small><br></div><div class="spacer battle-history"><br></div><h2 class="battle-history">Turn 26</h2><div class="spacer battle-history"><br></div><div class="battle-history">The opposing Dancing Moth used <strong>Energy Ball</strong>!<br></div><div class="battle-history"><small>(Aggron lost <abbr title="−130/344">37.8%</abbr> of its health!)</small><br></div><div class="spacer battle-history"><br></div><div class="battle-history">Aggron used <strong>Heavy Slam</strong>!<br></div><div class="battle-history"><small>(The opposing Dancing Moth lost <abbr title="−250/301">83.1%</abbr> of its health!)</small><br></div><div class="spacer battle-history"><br></div><div class="battle-history"><small>The opposing Dancing Moth restored a little HP using its Leftovers!</small><br></div><div class="battle-history"><small>Aggron restored a little HP using its Leftovers!</small><br></div><div class="spacer battle-history"><br></div><h2 class="battle-history">Turn 27</h2><div class="spacer battle-history"><br></div><div class="battle-history">The opposing Dancing Moth used <strong>Energy Ball</strong>!<br></div><div class="battle-history"><small>(Aggron lost <abbr title="−135/344">39.2%</abbr> of its health!)</small><br></div><div class="spacer battle-history"><br></div><div class="battle-history">Aggron used <strong>Heavy Slam</strong>!<br></div><div class="battle-history"><small>(The opposing Dancing Moth lost <abbr title="−69/301">22.9%</abbr> of its health!)</small><br></div><div class="spacer battle-history"><br></div><div class="battle-history">The opposing Dancing Moth fainted!<br></div><div class="spacer battle-history"><br></div><div class="battle-history"><small>Aggron restored a little HP using its Leftovers!</small><br></div><div class="spacer battle-history"><br></div><div class="battle-history">faireskullkid sent out Deadly Sin (<strong>Zangoose</strong>)!<br></div><div class="spacer battle-history"><br></div><h2 class="battle-history">Turn 28</h2><div class="spacer battle-history"><br></div><div class="battle-history">The opposing Deadly Sin used <strong>Swords Dance</strong>!<br></div><div class="battle-history"><small>The opposing Deadly Sin's Attack rose sharply!</small><br></div><div class="spacer battle-history"><br></div><div class="battle-history">Aggron used <strong>Heavy Slam</strong>!<br></div><div class="battle-history"><small>(The opposing Deadly Sin lost <abbr title="−220/287">76.7%</abbr> of its health!)</small><br></div><div class="spacer battle-history"><br></div><div class="battle-history"><small>Aggron restored a little HP using its Leftovers!</small><br></div><div class="battle-history"><small>The opposing Deadly Sin was hurt by poison!</small><br></div><div class="spacer battle-history"><br></div><h2 class="battle-history">Turn 29</h2><div class="spacer battle-history"><br></div><div class="battle-history">The opposing Deadly Sin used <strong>Facade</strong>!<br></div><div class="battle-history"><small>It's not very effective...</small><br></div><div class="battle-history"><small>(Aggron lost <abbr title="−80/344">23.3%</abbr> of its health!)</small><br></div><div class="spacer battle-history"><br></div><div class="battle-history">Aggron used <strong>Stealth Rock</strong>!<br></div><div class="battle-history"><small>Pointed stones float in the air around the opposing team!</small><br></div><div class="spacer battle-history"><br></div><div class="battle-history"><small>Aggron restored a little HP using its Leftovers!</small><br></div><div class="battle-history"><small>The opposing Deadly Sin was hurt by poison!</small><br></div><div class="spacer battle-history"><br></div><div class="battle-history">The opposing Deadly Sin fainted!<br></div><div class="spacer battle-history"><br></div><div class="battle-history">faireskullkid sent out Furry (<strong>Furfrou</strong>)!<br></div><div class="battle-history"><small>Pointed stones dug into the opposing Furry!</small><br></div><div class="spacer battle-history"><br></div><h2 class="battle-history">Turn 30</h2><div class="spacer battle-history"><br></div><div class="battle-history">The opposing Furry used <strong>Cotton Guard</strong>!<br></div><div class="battle-history"><small>The opposing Furry's Defense rose drastically!</small><br></div><div class="spacer battle-history"><br></div><div class="battle-history">Aggron used <strong>Heavy Slam</strong>!<br></div><div class="battle-history"><small>(The opposing Furry lost <abbr title="−43/354">12.1%</abbr> of its health!)</small><br></div><div class="spacer battle-history"><br></div><div class="battle-history"><small>The opposing Furry restored a little HP using its Leftovers!</small><br></div><div class="battle-history"><small>Aggron restored a little HP using its Leftovers!</small><br></div><div class="spacer battle-history"><br></div><h2 class="battle-history">Turn 31</h2><div class="spacer battle-history"><br></div><div class="battle-history">The opposing Furry used <strong>Sucker Punch</strong>!<br></div><div class="battle-history"><small>(Aggron lost <abbr title="−25/344">7.3%</abbr> of its health!)</small><br></div><div class="spacer battle-history"><br></div><div class="battle-history">Aggron used <strong>Heavy Slam</strong>!<br></div><div class="battle-history"><small>(The opposing Furry lost <abbr title="−45/354">12.7%</abbr> of its health!)</small><br></div><div class="spacer battle-history"><br></div><div class="battle-history"><small>The opposing Furry restored a little HP using its Leftovers!</small><br></div><div class="battle-history"><small>Aggron restored a little HP using its Leftovers!</small><br></div><div class="spacer battle-history"><br></div><h2 class="battle-history">Turn 32</h2><div class="spacer battle-history"><br></div><div class="battle-history">The opposing Furry used <strong>Sucker Punch</strong>!<br></div><div class="battle-history"><small>(Aggron lost <abbr title="−27/344">7.8%</abbr> of its health!)</small><br></div><div class="spacer battle-history"><br></div><div class="battle-history">Aggron used <strong>Heavy Slam</strong>!<br></div><div class="battle-history"><small>(The opposing Furry lost <abbr title="−51/354">14.4%</abbr> of its health!)</small><br></div><div class="spacer battle-history"><br></div><div class="battle-history"><small>The opposing Furry restored a little HP using its Leftovers!</small><br></div><div class="battle-history"><small>Aggron restored a little HP using its Leftovers!</small><br></div><div class="spacer battle-history"><br></div><h2 class="battle-history">Turn 33</h2><div class="spacer battle-history"><br></div><div class="battle-history">The opposing Furry used <strong>Cotton Guard</strong>!<br></div><div class="battle-history"><small>The opposing Furry's Defense rose drastically!</small><br></div><div class="spacer battle-history"><br></div><div class="battle-history">Aggron used <strong>Heavy Slam</strong>!<br></div><div class="battle-history"><small>(The opposing Furry lost <abbr title="−31/354">8.8%</abbr> of its health!)</small><br></div><div class="spacer battle-history"><br></div><div class="battle-history"><small>The opposing Furry restored a little HP using its Leftovers!</small><br></div><div class="battle-history"><small>Aggron restored a little HP using its Leftovers!</small><br></div><div class="spacer battle-history"><br></div><h2 class="battle-history">Turn 34</h2><div class="spacer battle-history"><br></div><div class="battle-history">The opposing Furry used <strong>Sucker Punch</strong>!<br></div><div class="battle-history"><small>(Aggron lost <abbr title="−26/344">7.6%</abbr> of its health!)</small><br></div><div class="spacer battle-history"><br></div><div class="battle-history">Aggron used <strong>Heavy Slam</strong>!<br></div><div class="battle-history"><small>(The opposing Furry lost <abbr title="−31/354">8.8%</abbr> of its health!)</small><br></div><div class="spacer battle-history"><br></div><div class="battle-history"><small>The opposing Furry restored a little HP using its Leftovers!</small><br></div><div class="battle-history"><small>Aggron restored a little HP using its Leftovers!</small><br></div><div class="spacer battle-history"><br></div><h2 class="battle-history">Turn 35</h2><div class="spacer battle-history"><br></div><div class="battle-history">The opposing Furry used <strong>Sucker Punch</strong>!<br></div><div class="battle-history"><small>(Aggron lost <abbr title="−27/344">7.8%</abbr> of its health!)</small><br></div><div class="spacer battle-history"><br></div><div class="battle-history">Aggron used <strong>Heavy Slam</strong>!<br></div><div class="battle-history"><small>(The opposing Furry lost <abbr title="−28/354">7.9%</abbr> of its health!)</small><br></div><div class="spacer battle-history"><br></div><div class="battle-history"><small>The opposing Furry restored a little HP using its Leftovers!</small><br></div><div class="battle-history"><small>Aggron restored a little HP using its Leftovers!</small><br></div><div class="spacer battle-history"><br></div><h2 class="battle-history">Turn 36</h2><div class="spacer battle-history"><br></div><div class="battle-history">The opposing Furry used <strong>Sucker Punch</strong>!<br></div><div class="battle-history"><small>(Aggron lost <abbr title="−26/344">7.6%</abbr> of its health!)</small><br></div><div class="spacer battle-history"><br></div><div class="battle-history">Aggron used <strong>Heavy Slam</strong>!<br></div><div class="battle-history"><small>(The opposing Furry lost <abbr title="−31/354">8.8%</abbr> of its health!)</small><br></div><div class="spacer battle-history"><br></div><div class="battle-history"><small>The opposing Furry restored a little HP using its Leftovers!</small><br></div><div class="battle-history"><small>Aggron restored a little HP using its Leftovers!</small><br></div><div class="spacer battle-history"><br></div><h2 class="battle-history">Turn 37</h2><div class="spacer battle-history"><br></div><div class="battle-history">The opposing Furry used <strong>Rest</strong>!<br></div><div class="battle-history"><small>The opposing Furry fell asleep!</small><br></div><div class="battle-history"><small>The opposing Furry slept and became healthy!</small><br></div><div class="spacer battle-history"><br></div><div class="battle-history">Aggron used <strong>Heavy Slam</strong>!<br></div><div class="battle-history"><small>(The opposing Furry lost <abbr title="−28/354">7.9%</abbr> of its health!)</small><br></div><div class="spacer battle-history"><br></div><div class="battle-history"><small>The opposing Furry restored a little HP using its Leftovers!</small><br></div><div class="battle-history"><small>Aggron restored a little HP using its Leftovers!</small><br></div><div class="spacer battle-history"><br></div><h2 class="battle-history">Turn 38</h2><div class="chat chatmessage-faireskullkid"><strong style="color:hsl(230,83%,59.462871843966944%)"><small>★</small><span class="username" data-name="faireskullkid">faireskullkid</span>:</strong> <em>gg</em></div><div class="chat chatmessage-metagross888"><strong style="color:hsl(144,53%,43.498539721626784%)"><small>★</small><span class="username" data-name="Metagross888">Metagross888</span>:</strong> <em>i really hate u right now</em></div><div class="chat chatmessage-faireskullkid"><strong style="color:hsl(230,83%,59.462871843966944%)"><small>★</small><span class="username" data-name="faireskullkid">faireskullkid</span>:</strong> <em>nice battle, but i don't have patience</em></div><div class="spacer battle-history"><br></div><div class="battle-history">The opposing Furry is fast asleep.<br></div><div class="spacer battle-history"><br></div><div class="battle-history">Aggron used <strong>Heavy Slam</strong>!<br></div><div class="battle-history"><small>(The opposing Furry lost <abbr title="−30/354">8.5%</abbr> of its health!)</small><br></div><div class="spacer battle-history"><br></div><div class="battle-history"><small>The opposing Furry restored a little HP using its Leftovers!</small><br></div><div class="battle-history"><small>Aggron restored a little HP using its Leftovers!</small><br></div><div class="spacer battle-history"><br></div><h2 class="battle-history">Turn 39</h2><div class="chat chatmessage-metagross888"><strong style="color:hsl(144,53%,43.498539721626784%)"><small>★</small><span class="username" data-name="Metagross888">Metagross888</span>:</strong> <em>it really was good</em></div><div class="chat chatmessage-faireskullkid"><strong style="color:hsl(230,83%,59.462871843966944%)"><small>★</small><span class="username" data-name="faireskullkid">faireskullkid</span>:</strong> <em>yeah, u're really good</em></div><div class="chat chatmessage-metagross888"><strong style="color:hsl(144,53%,43.498539721626784%)"><small>★</small><span class="username" data-name="Metagross888">Metagross888</span>:</strong> <em>to make it fair, i will forfait</em></div><div class="chat chatmessage-metagross888"><strong style="color:hsl(144,53%,43.498539721626784%)"><small>★</small><span class="username" data-name="Metagross888">Metagross888</span>:</strong> <em>i know when i lost</em></div><div class="spacer battle-history"><br></div><div class="battle-history"><small>Metagross888 forfeited.</small><br></div><div class="spacer battle-history"><br></div><div class="battle-history"><strong>faireskullkid</strong> won the battle!<br></div><div class="chat"><small>Metagross888 left.</small></div></div><div class="inner-preempt"></div></div></div>
</div>
<script>
let daily = Math.floor(Date.now()/1000/60/60/24);document.write('<script src="https://play.pokemonshowdown.com/js/replay-embed.js?version'+daily+'"></'+'script>');
</script>
