<!DOCTYPE html>
<meta charset="utf-8" />
<!-- version 1 -->
<title>NU replay: gymlead11b vs. Big➰Air</title>
<style>
html,body {font-family:Verdana, sans-serif;font-size:10pt;margin:0;padding:0;}body{padding:12px 0;} .battle-log {font-family:Verdana, sans-serif;font-size:10pt;} .battle-log-inline {border:1px solid #AAAAAA;background:#EEF2F5;color:black;max-width:640px;margin:0 auto 80px;padding-bottom:5px;} .battle-log .inner {padding:4px 8px 0px 8px;} .battle-log .inner-preempt {padding:0 8px 4px 8px;} .battle-log .inner-after {margin-top:0.5em;} .battle-log h2 {margin:0.5em -8px;padding:4px 8px;border:1px solid #AAAAAA;background:#E0E7EA;border-left:0;border-right:0;font-family:Verdana, sans-serif;font-size:13pt;} .battle-log .chat {vertical-align:middle;padding:3px 0 3px 0;font-size:8pt;} .battle-log .chat strong {color:#40576A;} .battle-log .chat em {padding:1px 4px 1px 3px;color:#000000;font-style:normal;} .chat.mine {background:rgba(0,0,0,0.05);margin-left:-8px;margin-right:-8px;padding-left:8px;padding-right:8px;} .spoiler {color:#BBBBBB;background:#BBBBBB;padding:0px 3px;} .spoiler:hover, .spoiler:active, .spoiler-shown {color:#000000;background:#E2E2E2;padding:0px 3px;} .spoiler a {color:#BBBBBB;} .spoiler:hover a, .spoiler:active a, .spoiler-shown a {color:#2288CC;} .chat code, .chat .spoiler:hover code, .chat .spoiler:active code, .chat .spoiler-shown code {border:1px solid #C0C0C0;background:#EEEEEE;color:black;padding:0 2px;} .chat .spoiler code {border:1px solid #CCCCCC;background:#CCCCCC;color:#CCCCCC;} .battle-log .rated {padding:3px 4px;} .battle-log .rated strong {color:white;background:#89A;padding:1px 4px;border-radius:4px;} .spacer {margin-top:0.5em;} .message-announce {background:#6688AA;color:white;padding:1px 4px 2px;} .message-announce a, .broadcast-green a, .broadcast-blue a, .broadcast-red a {color:#DDEEFF;} .broadcast-green {background-color:#559955;color:white;padding:2px 4px;} .broadcast-blue {background-color:#6688AA;color:white;padding:2px 4px;} .infobox {border:1px solid #6688AA;padding:2px 4px;} .infobox-limited {max-height:200px;overflow:auto;overflow-x:hidden;} .broadcast-red {background-color:#AA5544;color:white;padding:2px 4px;} .message-learn-canlearn {font-weight:bold;color:#228822;text-decoration:underline;} .message-learn-cannotlearn {font-weight:bold;color:#CC2222;text-decoration:underline;} .message-effect-weak {font-weight:bold;color:#CC2222;} .message-effect-resist {font-weight:bold;color:#6688AA;} .message-effect-immune {font-weight:bold;color:#666666;} .message-learn-list {margin-top:0;margin-bottom:0;} .message-throttle-notice, .message-error {color:#992222;} .message-overflow, .chat small.message-overflow {font-size:0pt;} .message-overflow::before {font-size:9pt;content:'...';} .subtle {color:#3A4A66;}
</style>
<div class="wrapper replay-wrapper" style="max-width:1180px;margin:0 auto">
<input type="hidden" name="replayid" value="nu-524806046" />
<div class="battle"></div><div class="battle-log"></div><div class="replay-controls"></div><div class="replay-controls-2"></div>
<h1 style="font-weight:normal;text-align:center"><strong>NU</strong><br /><a href="http://pokemonshowdown.com/users/gymlead11b" class="subtle" target="_blank">gymlead11b</a> vs. <a href="http://pokemonshowdown.com/users/bigair" class="subtle" target="_blank">Big➰Air</a></h1>
<script type="text/plain" class="battle-log-data">|j|gymlead11b
|j|Big➰Air
|player|p1|gymlead11b|266
|player|p2|Big➰Air|129
|gametype|singles
|gen|6
|tier|NU
|seed|1986,14603,17772,15170
|rule|Sleep Clause Mod: Limit one foe put to sleep
|rule|Species Clause: Limit one of each Pokémon
|rule|OHKO Clause: OHKO moves are banned
|rule|Moody Clause: Moody is banned
|rule|Evasion Moves Clause: Evasion moves are banned
|rule|Endless Battle Clause: Forcing endless battles is banned
|rule|HP Percentage Mod: HP is shown in percentages
|clearpoke
|poke|p1|Aggron, M|item
|poke|p1|Charizard, F|item
|poke|p1|Gastrodon, F|item
|poke|p1|Abomasnow, F|item
|poke|p1|Malamar, M|item
|poke|p1|Rotom|item
|poke|p2|Liepard, M|item
|poke|p2|Garbodor, M|item
|poke|p2|Steelix, F|item
|poke|p2|Xatu, M|item
|poke|p2|Throh, M|item
|poke|p2|Frillish, F|item
|rule|Swagger Clause: Swagger is banned
|rule|Baton Pass Clause: Limit one Baton Passer, can't pass Spe and other stats simultaneously
|teampreview
|choice|team 6, team 2, team 3, team 4, team 5, team 1|team 1, team 2, team 3, team 4, team 5, team 6
|
|start
|switch|p1a: Rotom|Rotom|304\/304
|switch|p2a: Vega|Liepard, M|269\/269
|turn|1
|choice|move voltswitch|move pursuit
|
|move|p2a: Vega|Pursuit|p1a: Rotom
|-supereffective|p1a: Rotom
|-damage|p1a: Rotom|88\/304
|-enditem|p1a: Rotom|Sitrus Berry|[eat]
|-heal|p1a: Rotom|164\/304|[from] item: Sitrus Berry
|move|p1a: Rotom|Volt Switch|p2a: Vega
|-damage|p2a: Vega|137\/269
|choice|switch 6|
|
|switch|p1a: Aggron|Aggron, M|281\/281
|
|upkeep
|turn|2
|choice|move superpower|switch 3
|
|switch|p2a: Totem|Steelix, F|352\/352
|move|p1a: Aggron|Superpower|p2a: Totem
|-supereffective|p2a: Totem
|-damage|p2a: Totem|142\/352
|-unboost|p1a: Aggron|atk|1
|-unboost|p1a: Aggron|def|1
|
|-heal|p2a: Totem|164\/352|[from] item: Leftovers
|upkeep
|turn|3
|c|★gymlead11b|I have no gaps in my defense
|choice|move superpower|switch 2
|
|switch|p2a: Tr@sh|Garbodor, M|364\/364
|move|p1a: Aggron|Superpower|p2a: Tr@sh
|-resisted|p2a: Tr@sh
|-crit|p2a: Tr@sh
|-damage|p2a: Tr@sh|226\/364
|-damage|p1a: Aggron|235\/281|[from] item: Rocky Helmet|[of] p2a: Tr@sh
|-unboost|p1a: Aggron|atk|1
|-unboost|p1a: Aggron|def|1
|
|upkeep
|turn|4
|c|★gymlead11b|tr@sh is my favorite pokémon
|choice|switch 4|move toxicspikes
|
|switch|p1a: Abomasnow|Abomasnow, F|321\/321
|-weather|Hail|[from] ability: Snow Warning|[of] p1a: Abomasnow
|move|p2a: Tr@sh|Toxic Spikes|p1a: Abomasnow
|-sidestart|p1: gymlead11b|move: Toxic Spikes
|
|-weather|Hail|[upkeep]
|-damage|p2a: Tr@sh|204\/364|[from] hail
|upkeep
|turn|5
|choice|move earthquake|switch 5
|
|switch|p2a: Black Belt|Throh, M|444\/444
|move|p1a: Abomasnow|Earthquake|p2a: Black Belt
|-crit|p2a: Black Belt
|-damage|p2a: Black Belt|287\/444
|-damage|p1a: Abomasnow|289\/321|[from] item: Life Orb
|
|-weather|Hail|[upkeep]
|-damage|p2a: Black Belt|260\/444|[from] hail
|-heal|p2a: Black Belt|287\/444|[from] item: Leftovers
|upkeep
|turn|6
|choice|switch 2|move bulkup
|
|switch|p1a: Charizard|Charizard, F|297\/297
|move|p2a: Black Belt|Bulk Up|p2a: Black Belt
|-boost|p2a: Black Belt|atk|1
|-boost|p2a: Black Belt|def|1
|
|-weather|Hail|[upkeep]
|-damage|p1a: Charizard|279\/297|[from] hail
|-damage|p2a: Black Belt|260\/444|[from] hail
|-heal|p2a: Black Belt|287\/444|[from] item: Leftovers
|upkeep
|turn|7
|choice|move airslash|switch 6
|
|switch|p2a: Jelly|Frillish, F|314\/314
|move|p1a: Charizard|Air Slash|p2a: Jelly
|-damage|p2a: Jelly|227\/314
|-damage|p1a: Charizard|250\/297|[from] item: Life Orb
|
|-weather|Hail|[upkeep]
|-damage|p1a: Charizard|232\/297|[from] hail
|-damage|p2a: Jelly|208\/314|[from] hail
|upkeep
|turn|8
|choice|switch 5|move recover
|
|switch|p1a: Malamar|Malamar, M|376\/376
|-status|p1a: Malamar|psn
|move|p2a: Jelly|Recover|p2a: Jelly
|-heal|p2a: Jelly|314\/314
|
|-weather|none
|-damage|p1a: Malamar|329\/376 psn|[from] psn
|upkeep
|turn|9
|choice|move knockoff|switch 5
|
|switch|p2a: Tr@sh|Garbodor, M|204\/364
|move|p1a: Malamar|Knock Off|p2a: Tr@sh
|-damage|p2a: Tr@sh|117\/364
|-damage|p1a: Malamar|267\/376 psn|[from] item: Rocky Helmet|[of] p2a: Tr@sh
|-enditem|p2a: Tr@sh|Rocky Helmet|[from] move: Knock Off|[of] p1a: Malamar
|
|-heal|p1a: Malamar|290\/376 psn|[from] item: Leftovers
|-damage|p1a: Malamar|243\/376 psn|[from] psn
|upkeep
|turn|10
|choice|move superpower|move gunkshot
|
|move|p2a: Tr@sh|Gunk Shot|p1a: Malamar
|-damage|p1a: Malamar|95\/376 psn
|move|p1a: Malamar|Superpower|p2a: Tr@sh
|-resisted|p2a: Tr@sh
|-damage|p2a: Tr@sh|81\/364
|-boost|p1a: Malamar|atk|1
|-boost|p1a: Malamar|def|1
|
|-heal|p1a: Malamar|118\/376 psn|[from] item: Leftovers
|-damage|p1a: Malamar|71\/376 psn|[from] psn
|upkeep
|turn|11
|choice|move rest|move gunkshot
|
|move|p2a: Tr@sh|Gunk Shot|p1a: Malamar
|-damage|p1a: Malamar|0 fnt
|faint|p1a: Malamar
|
|upkeep
|choice|switch 6|
|
|switch|p1a: Rotom|Rotom|164\/304
|turn|12
|choice|move voltswitch|move spikes
|
|move|p1a: Rotom|Volt Switch|p2a: Tr@sh
|-damage|p2a: Tr@sh|0 fnt
|faint|p2a: Tr@sh
|choice|switch 4|
|
|switch|p1a: Aggron|Aggron, M|235\/281
|
|upkeep
|choice||switch 6
|
|switch|p2a: Black Belt|Throh, M|287\/444
|turn|13
|choice|move heavyslam|move circlethrow
|
|move|p1a: Aggron|Heavy Slam|p2a: Black Belt
|-damage|p2a: Black Belt|0 fnt
|faint|p2a: Black Belt
|
|upkeep
|choice||switch 2
|
|switch|p2a: Totem|Steelix, F|164\/352
|turn|14
|choice|move heavyslam|move stealthrock
|
|move|p1a: Aggron|Heavy Slam|p2a: Totem
|-resisted|p2a: Totem
|-damage|p2a: Totem|135\/352
|move|p2a: Totem|Stealth Rock|p1a: Aggron
|-sidestart|p1: gymlead11b|move: Stealth Rock
|
|-heal|p2a: Totem|157\/352|[from] item: Leftovers
|upkeep
|turn|15
|choice|switch 3|move toxic
|
|switch|p1a: Gastrodon|Gastrodon, F|426\/426
|-damage|p1a: Gastrodon|400\/426|[from] Stealth Rock
|-status|p1a: Gastrodon|psn
|move|p2a: Totem|Toxic|p1a: Gastrodon
|-fail|p1a: Gastrodon
|
|-heal|p1a: Gastrodon|426\/426 psn|[from] item: Leftovers
|-heal|p2a: Totem|179\/352|[from] item: Leftovers
|-damage|p1a: Gastrodon|373\/426 psn|[from] psn
|upkeep
|turn|16
|choice|move earthquake|switch 5
|
|switch|p2a: Jelly|Frillish, F|314\/314
|move|p1a: Gastrodon|Earthquake|p2a: Jelly
|-damage|p2a: Jelly|193\/314
|
|-heal|p1a: Gastrodon|399\/426 psn|[from] item: Leftovers
|-damage|p1a: Gastrodon|346\/426 psn|[from] psn
|upkeep
|turn|17
|choice|switch 4|move taunt
|
|switch|p1a: Rotom|Rotom|164\/304
|-damage|p1a: Rotom|126\/304|[from] Stealth Rock
|move|p2a: Jelly|Taunt|p1a: Rotom
|-start|p1a: Rotom|move: Taunt
|
|upkeep
|turn|18
|choice|move voltswitch|move recover
|
|move|p1a: Rotom|Volt Switch|p2a: Jelly
|-supereffective|p2a: Jelly
|-damage|p2a: Jelly|113\/314
|choice|switch 5|
|
|switch|p1a: Charizard|Charizard, F|232\/297
|-damage|p1a: Charizard|84\/297|[from] Stealth Rock
|move|p2a: Jelly|Recover|p2a: Jelly
|-heal|p2a: Jelly|270\/314
|
|upkeep
|turn|19
|choice|move airslash|move scald
|
|move|p1a: Charizard|Air Slash|p2a: Jelly
|-damage|p2a: Jelly|188\/314
|-damage|p1a: Charizard|55\/297|[from] item: Life Orb
|cant|p2a: Jelly|flinch
|
|upkeep
|turn|20
|choice|move airslash|move taunt
|
|move|p1a: Charizard|Air Slash|p2a: Jelly
|-damage|p2a: Jelly|101\/314
|-damage|p1a: Charizard|26\/297|[from] item: Life Orb
|move|p2a: Jelly|Taunt|p1a: Charizard
|-start|p1a: Charizard|move: Taunt
|
|upkeep
|turn|21
|c|★gymlead11b|waste of a turn
|c|★Big➰Air|it was a misclick rofl
|c|★gymlead11b|I'm fully physical
|c|★Big➰Air|i know
|choice|move airslash|move recover
|
|move|p1a: Charizard|Air Slash|p2a: Jelly
|-crit|p2a: Jelly
|-damage|p2a: Jelly|0 fnt
|-damage|p1a: Charizard|0 fnt|[from] item: Life Orb
|faint|p2a: Jelly
|faint|p1a: Charizard
|
|upkeep
|choice|switch 5|switch 4
|
|switch|p1a: Rotom|Rotom|126\/304
|switch|p2a: Wise|Xatu, M|334\/334
|-damage|p1a: Rotom|88\/304|[from] Stealth Rock
|turn|22
|choice|move voltswitch|move roost
|
|move|p1a: Rotom|Volt Switch|p2a: Wise
|-supereffective|p2a: Wise
|-damage|p2a: Wise|140\/334
|choice|switch 3|
|
|switch|p1a: Aggron|Aggron, M|235\/281
|-damage|p1a: Aggron|218\/281|[from] Stealth Rock
|move|p2a: Wise|Roost|p2a: Wise
|-heal|p2a: Wise|307\/334
|
|upkeep
|turn|23
|choice|move headsmash|switch 5
|
|switch|p2a: Totem|Steelix, F|179\/352
|move|p1a: Aggron|Head Smash|p2a: Totem|[miss]
|-miss|p1a: Aggron|p2a: Totem
|
|-heal|p2a: Totem|201\/352|[from] item: Leftovers
|upkeep
|turn|24
|choice|switch 4|move earthquake
|
|switch|p1a: Gastrodon|Gastrodon, F|346\/426 psn
|-damage|p1a: Gastrodon|320\/426 psn|[from] Stealth Rock
|move|p2a: Totem|Earthquake|p1a: Gastrodon
|-damage|p1a: Gastrodon|200\/426 psn
|
|-heal|p1a: Gastrodon|226\/426 psn|[from] item: Leftovers
|-heal|p2a: Totem|223\/352|[from] item: Leftovers
|-damage|p1a: Gastrodon|173\/426 psn|[from] psn
|upkeep
|turn|25
|choice|move earthquake|switch 5
|
|switch|p2a: Wise|Xatu, M|307\/334
|move|p1a: Gastrodon|Earthquake|p2a: Wise
|-immune|p2a: Wise|[msg]
|
|-heal|p1a: Gastrodon|199\/426 psn|[from] item: Leftovers
|-damage|p1a: Gastrodon|146\/426 psn|[from] psn
|upkeep
|turn|26
|choice|switch 3|move calmmind
|
|switch|p1a: Rotom|Rotom|88\/304
|-damage|p1a: Rotom|50\/304|[from] Stealth Rock
|move|p2a: Wise|Calm Mind|p2a: Wise
|-boost|p2a: Wise|spa|1
|-boost|p2a: Wise|spd|1
|
|upkeep
|turn|27
|choice|move voltswitch|move calmmind
|
|move|p1a: Rotom|Volt Switch|p2a: Wise
|-supereffective|p2a: Wise
|-damage|p2a: Wise|173\/334
|choice|switch 2|
|
|switch|p1a: Abomasnow|Abomasnow, F|289\/321
|-damage|p1a: Abomasnow|209\/321|[from] Stealth Rock
|-status|p1a: Abomasnow|psn
|-weather|Hail|[from] ability: Snow Warning|[of] p1a: Abomasnow
|move|p2a: Wise|Calm Mind|p2a: Wise
|-boost|p2a: Wise|spa|1
|-boost|p2a: Wise|spd|1
|
|-weather|Hail|[upkeep]
|-damage|p2a: Wise|153\/334|[from] hail
|-damage|p1a: Abomasnow|169\/321 psn|[from] psn
|upkeep
|turn|28
|choice|move iceshard|move psychic
|
|move|p1a: Abomasnow|Ice Shard|p2a: Wise
|-supereffective|p2a: Wise
|-damage|p2a: Wise|28\/334
|-damage|p1a: Abomasnow|137\/321 psn|[from] item: Life Orb
|move|p2a: Wise|Psychic|p1a: Abomasnow
|-damage|p1a: Abomasnow|0 fnt
|faint|p1a: Abomasnow
|
|-weather|Hail|[upkeep]
|-damage|p2a: Wise|8\/334|[from] hail
|upkeep
|choice|switch 2|
|
|switch|p1a: Rotom|Rotom|50\/304
|-damage|p1a: Rotom|12\/304|[from] Stealth Rock
|turn|29
|choice|move hex|move psychic
|
|move|p1a: Rotom|Hex|p2a: Wise
|-supereffective|p2a: Wise
|-damage|p2a: Wise|0 fnt
|faint|p2a: Wise
|
|-weather|Hail|[upkeep]
|-damage|p1a: Rotom|0 fnt|[from] hail
|upkeep
|faint|p1a: Rotom
|choice|switch 3|switch 5
|
|switch|p1a: Gastrodon|Gastrodon, F|146\/426 psn
|switch|p2a: Totem|Steelix, F|223\/352
|-damage|p1a: Gastrodon|120\/426 psn|[from] Stealth Rock
|turn|30
|choice|move earthquake|switch 3
|
|switch|p2a: Vega|Liepard, M|137\/269
|move|p1a: Gastrodon|Earthquake|p2a: Vega
|-damage|p2a: Vega|0 fnt
|faint|p2a: Vega
|
|-weather|Hail|[upkeep]
|-damage|p1a: Gastrodon|94\/426 psn|[from] hail
|-heal|p1a: Gastrodon|120\/426 psn|[from] item: Leftovers
|-damage|p1a: Gastrodon|67\/426 psn|[from] psn
|upkeep
|choice||switch 3
|
|switch|p2a: Totem|Steelix, F|223\/352
|turn|31
|choice|move earthquake|move earthquake
|
|move|p1a: Gastrodon|Earthquake|p2a: Totem
|-supereffective|p2a: Totem
|-damage|p2a: Totem|121\/352
|move|p2a: Totem|Earthquake|p1a: Gastrodon
|-damage|p1a: Gastrodon|0 fnt
|faint|p1a: Gastrodon
|
|-weather|none
|-heal|p2a: Totem|143\/352|[from] item: Leftovers
|upkeep
|choice|switch 4|
|
|switch|p1a: Aggron|Aggron, M|218\/281
|-damage|p1a: Aggron|201\/281|[from] Stealth Rock
|turn|32
|choice|move superpower|move earthquake
|
|move|p1a: Aggron|Superpower|p2a: Totem
|-supereffective|p2a: Totem
|-damage|p2a: Totem|0 fnt
|-unboost|p1a: Aggron|atk|1
|-unboost|p1a: Aggron|def|1
|faint|p2a: Totem
|
|win|gymlead11b
|player|p1
|player|p2
|l|Big➰Air
|c|★gymlead11b|gg</script>
</div>
<div class="battle-log battle-log-inline"><div class="inner"><div class="battle-options"></div><div class="inner"><div class="chat"><small>gymlead11b joined.</small></div><div class="chat"><small>Big➰Air joined.</small></div><div class=""><small>Format:</small> <br><strong>NU</strong></div><div class=""><small><em>Sleep Clause Mod:</em> Limit one foe put to sleep</small></div><div class=""><small><em>Species Clause:</em> Limit one of each Pokémon</small></div><div class=""><small><em>OHKO Clause:</em> OHKO moves are banned</small></div><div class=""><small><em>Moody Clause:</em> Moody is banned</small></div><div class=""><small><em>Evasion Moves Clause:</em> Evasion moves are banned</small></div><div class=""><small><em>Endless Battle Clause:</em> Forcing endless battles is banned</small></div><div class=""><small><em>HP Percentage Mod:</em> HP is shown in percentages</small></div><div class=""><small><em>Swagger Clause:</em> Swagger is banned</small></div><div class=""><small><em>Baton Pass Clause:</em> Limit one Baton Passer, can't pass Spe and other stats simultaneously</small></div><div class="chat battle-history"><strong>gymlead11b's team:</strong> <em style="color:#445566;display:block;">Aggron / Charizard / Gastrodon / Abomasnow / Malamar / Rotom</em></div><div class="chat battle-history"><strong>Big➰Air's team:</strong> <em style="color:#445566;display:block;">Liepard / Garbodor / Steelix / Xatu / Throh / Frillish</em></div><div class="spacer battle-history"><br></div><div class="battle-history">Battle started between gymlead11b and Big➰Air!<br></div><div class="spacer battle-history"><br></div><div class="battle-history">Go! <strong>Rotom</strong>!<br></div><div class="spacer battle-history"><br></div><div class="battle-history">Big➰Air sent out Vega (<strong>Liepard</strong>)!<br></div><div class="spacer battle-history"><br></div><h2 class="battle-history">Turn 1</h2><div class="spacer battle-history"><br></div><div class="battle-history">The opposing Vega used <strong>Pursuit</strong>!<br></div><div class="battle-history"><small>It's super effective!</small><br></div><div class="battle-history"><small>(Rotom lost <abbr title="−216/304">71.1%</abbr> of its health!)</small><br></div><div class="battle-history"><small>Rotom ate its Sitrus Berry!</small><br></div><div class="battle-history"><small>Rotom restored HP using its Sitrus Berry!</small><br></div><div class="spacer battle-history"><br></div><div class="battle-history">Rotom used <strong>Volt Switch</strong>!<br></div><div class="battle-history"><small>(The opposing Vega lost <abbr title="−132/269">49.1%</abbr> of its health!)</small><br></div><div class="spacer battle-history"><br></div><div class="battle-history">Rotom went back to gymlead11b!<br></div><div class="battle-history">Go! <strong>Aggron</strong>!<br></div><div class="spacer battle-history"><br></div><h2 class="battle-history">Turn 2</h2><div class="spacer battle-history"><br></div><div class="battle-history">Big➰Air withdrew Vega!<br></div><div class="battle-history">Big➰Air sent out Totem (<strong>Steelix</strong>)!<br></div><div class="spacer battle-history"><br></div><div class="battle-history">Aggron used <strong>Superpower</strong>!<br></div><div class="battle-history"><small>It's super effective!</small><br></div><div class="battle-history"><small>(The opposing Totem lost <abbr title="−210/352">59.7%</abbr> of its health!)</small><br></div><div class="battle-history"><small>Aggron's Attack fell!</small><br></div><div class="battle-history"><small>Aggron's Defense fell!</small><br></div><div class="spacer battle-history"><br></div><div class="battle-history"><small>The opposing Totem restored a little HP using its Leftovers!</small><br></div><div class="spacer battle-history"><br></div><h2 class="battle-history">Turn 3</h2><div class="chat chatmessage-gymlead11b"><strong style="color:hsl(68,50%,41.4883765675%)"><small>★</small><span class="username" data-name="gymlead11b">gymlead11b</span>:</strong> <em>I have no gaps in my defense</em></div><div class="spacer battle-history"><br></div><div class="battle-history">Big➰Air withdrew Totem!<br></div><div class="battle-history">Big➰Air sent out Tr@sh (<strong>Garbodor</strong>)!<br></div><div class="spacer battle-history"><br></div><div class="battle-history">Aggron used <strong>Superpower</strong>!<br></div><div class="battle-history"><small>It's not very effective...</small><br></div><div class="battle-history"><small>A critical hit!</small><br></div><div class="battle-history"><small>(The opposing Tr@sh lost <abbr title="−138/364">37.9%</abbr> of its health!)</small><br></div><div class="battle-history"><small>Aggron was hurt by the Rocky Helmet!</small><br></div><div class="battle-history"><small>Aggron's Attack fell!</small><br></div><div class="battle-history"><small>Aggron's Defense fell!</small><br></div><div class="spacer battle-history"><br></div><h2 class="battle-history">Turn 4</h2><div class="chat chatmessage-gymlead11b"><strong style="color:hsl(68,50%,41.4883765675%)"><small>★</small><span class="username" data-name="gymlead11b">gymlead11b</span>:</strong> <em>tr@sh is my favorite pokémon</em></div><div class="spacer battle-history"><br></div><div class="battle-history">Aggron, come back!<br></div><div class="battle-history">Go! <strong>Abomasnow</strong>!<br></div><div class="battle-history"><small>[Abomasnow's Snow Warning]</small><br><small>It started to hail!</small><br></div><div class="spacer battle-history"><br></div><div class="battle-history">The opposing Tr@sh used <strong>Toxic Spikes</strong>!<br></div><div class="battle-history"><small>Poison spikes were scattered on the ground all around your team!</small><br></div><div class="spacer battle-history"><br></div><div class="battle-history"><small>The hail is crashing down.</small><br></div><div class="battle-history"><small>The opposing Tr@sh is buffeted by the hail!</small><br></div><div class="spacer battle-history"><br></div><h2 class="battle-history">Turn 5</h2><div class="spacer battle-history"><br></div><div class="battle-history">Big➰Air withdrew Tr@sh!<br></div><div class="battle-history">Big➰Air sent out Black Belt (<strong>Throh</strong>)!<br></div><div class="spacer battle-history"><br></div><div class="battle-history">Abomasnow used <strong>Earthquake</strong>!<br></div><div class="battle-history"><small>A critical hit!</small><br></div><div class="battle-history"><small>(The opposing Black Belt lost <abbr title="−157/444">35.4%</abbr> of its health!)</small><br></div><div class="battle-history"><small>Abomasnow lost some of its HP!</small><br></div><div class="spacer battle-history"><br></div><div class="battle-history"><small>The hail is crashing down.</small><br></div><div class="battle-history"><small>The opposing Black Belt is buffeted by the hail!</small><br></div><div class="battle-history"><small>The opposing Black Belt restored a little HP using its Leftovers!</small><br></div><div class="spacer battle-history"><br></div><h2 class="battle-history">Turn 6</h2><div class="spacer battle-history"><br></div><div class="battle-history">Abomasnow, come back!<br></div><div class="battle-history">Go! <strong>Charizard</strong>!<br></div><div class="spacer battle-history"><br></div><div class="battle-history">The opposing Black Belt used <strong>Bulk Up</strong>!<br></div><div class="battle-history"><small>The opposing Black Belt's Attack rose!</small><br></div><div class="battle-history"><small>The opposing Black Belt's Defense rose!</small><br></div><div class="spacer battle-history"><br></div><div class="battle-history"><small>The hail is crashing down.</small><br></div><div class="battle-history"><small>Charizard is buffeted by the hail!</small><br></div><div class="battle-history"><small>The opposing Black Belt is buffeted by the hail!</small><br></div><div class="battle-history"><small>The opposing Black Belt restored a little HP using its Leftovers!</small><br></div><div class="spacer battle-history"><br></div><h2 class="battle-history">Turn 7</h2><div class="spacer battle-history"><br></div><div class="battle-history">Big➰Air withdrew Black Belt!<br></div><div class="battle-history">Big➰Air sent out Jelly (<strong>Frillish</strong>)!<br></div><div class="spacer battle-history"><br></div><div class="battle-history">Charizard used <strong>Air Slash</strong>!<br></div><div class="battle-history"><small>(The opposing Jelly lost <abbr title="−87/314">27.7%</abbr> of its health!)</small><br></div><div class="battle-history"><small>Charizard lost some of its HP!</small><br></div><div class="spacer battle-history"><br></div><div class="battle-history"><small>The hail is crashing down.</small><br></div><div class="battle-history"><small>Charizard is buffeted by the hail!</small><br></div><div class="battle-history"><small>The opposing Jelly is buffeted by the hail!</small><br></div><div class="spacer battle-history"><br></div><h2 class="battle-history">Turn 8</h2><div class="spacer battle-history"><br></div><div class="battle-history">Charizard, come back!<br></div><div class="battle-history">Go! <strong>Malamar</strong>!<br></div><div class="battle-history"><small>Malamar was poisoned!</small><br></div><div class="spacer battle-history"><br></div><div class="battle-history">The opposing Jelly used <strong>Recover</strong>!<br></div><div class="battle-history"><small>The opposing Jelly restored its HP.</small><br></div><div class="spacer battle-history"><br></div><div class="battle-history"><small>The hail stopped.</small><br></div><div class="battle-history"><small>Malamar was hurt by poison!</small><br></div><div class="spacer battle-history"><br></div><h2 class="battle-history">Turn 9</h2><div class="spacer battle-history"><br></div><div class="battle-history">Big➰Air withdrew Jelly!<br></div><div class="battle-history">Big➰Air sent out Tr@sh (<strong>Garbodor</strong>)!<br></div><div class="spacer battle-history"><br></div><div class="battle-history">Malamar used <strong>Knock Off</strong>!<br></div><div class="battle-history"><small>(The opposing Tr@sh lost <abbr title="−87/364">23.9%</abbr> of its health!)</small><br></div><div class="battle-history"><small>Malamar was hurt by the Rocky Helmet!</small><br></div><div class="battle-history"><small>Malamar knocked off the opposing Tr@sh's Rocky Helmet!</small><br></div><div class="spacer battle-history"><br></div><div class="battle-history"><small>Malamar restored a little HP using its Leftovers!</small><br></div><div class="battle-history"><small>Malamar was hurt by poison!</small><br></div><div class="spacer battle-history"><br></div><h2 class="battle-history">Turn 10</h2><div class="spacer battle-history"><br></div><div class="battle-history">The opposing Tr@sh used <strong>Gunk Shot</strong>!<br></div><div class="battle-history"><small>(Malamar lost <abbr title="−148/376">39.4%</abbr> of its health!)</small><br></div><div class="spacer battle-history"><br></div><div class="battle-history">Malamar used <strong>Superpower</strong>!<br></div><div class="battle-history"><small>It's not very effective...</small><br></div><div class="battle-history"><small>(The opposing Tr@sh lost <abbr title="−36/364">9.9%</abbr> of its health!)</small><br></div><div class="battle-history"><small>Malamar's Attack rose!</small><br></div><div class="battle-history"><small>Malamar's Defense rose!</small><br></div><div class="spacer battle-history"><br></div><div class="battle-history"><small>Malamar restored a little HP using its Leftovers!</small><br></div><div class="battle-history"><small>Malamar was hurt by poison!</small><br></div><div class="spacer battle-history"><br></div><h2 class="battle-history">Turn 11</h2><div class="spacer battle-history"><br></div><div class="battle-history">The opposing Tr@sh used <strong>Gunk Shot</strong>!<br></div><div class="battle-history"><small>(Malamar lost <abbr title="−71/376">18.9%</abbr> of its health!)</small><br></div><div class="spacer battle-history"><br></div><div class="battle-history">Malamar fainted!<br></div><div class="spacer battle-history"><br></div><div class="battle-history">Go! <strong>Rotom</strong>!<br></div><div class="spacer battle-history"><br></div><h2 class="battle-history">Turn 12</h2><div class="spacer battle-history"><br></div><div class="battle-history">Rotom used <strong>Volt Switch</strong>!<br></div><div class="battle-history"><small>(The opposing Tr@sh lost <abbr title="−81/364">22.3%</abbr> of its health!)</small><br></div><div class="spacer battle-history"><br></div><div class="battle-history">The opposing Tr@sh fainted!<br></div><div class="spacer battle-history"><br></div><div class="battle-history">Rotom went back to gymlead11b!<br></div><div class="battle-history">Go! <strong>Aggron</strong>!<br></div><div class="spacer battle-history"><br></div><div class="battle-history">Big➰Air sent out Black Belt (<strong>Throh</strong>)!<br></div><div class="spacer battle-history"><br></div><h2 class="battle-history">Turn 13</h2><div class="spacer battle-history"><br></div><div class="battle-history">Aggron used <strong>Heavy Slam</strong>!<br></div><div class="battle-history"><small>(The opposing Black Belt lost <abbr title="−287/444">64.6%</abbr> of its health!)</small><br></div><div class="spacer battle-history"><br></div><div class="battle-history">The opposing Black Belt fainted!<br></div><div class="spacer battle-history"><br></div><div class="battle-history">Big➰Air sent out Totem (<strong>Steelix</strong>)!<br></div><div class="spacer battle-history"><br></div><h2 class="battle-history">Turn 14</h2><div class="spacer battle-history"><br></div><div class="battle-history">Aggron used <strong>Heavy Slam</strong>!<br></div><div class="battle-history"><small>It's not very effective...</small><br></div><div class="battle-history"><small>(The opposing Totem lost <abbr title="−29/352">8.2%</abbr> of its health!)</small><br></div><div class="spacer battle-history"><br></div><div class="battle-history">The opposing Totem used <strong>Stealth Rock</strong>!<br></div><div class="battle-history"><small>Pointed stones float in the air around your team!</small><br></div><div class="spacer battle-history"><br></div><div class="battle-history"><small>The opposing Totem restored a little HP using its Leftovers!</small><br></div><div class="spacer battle-history"><br></div><h2 class="battle-history">Turn 15</h2><div class="spacer battle-history"><br></div><div class="battle-history">Aggron, come back!<br></div><div class="battle-history">Go! <strong>Gastrodon</strong>!<br></div><div class="battle-history"><small>Pointed stones dug into Gastrodon!</small><br></div><div class="battle-history"><small>Gastrodon was poisoned!</small><br></div><div class="spacer battle-history"><br></div><div class="battle-history">The opposing Totem used <strong>Toxic</strong>!<br></div><div class="battle-history"><small>But it failed!</small><br></div><div class="spacer battle-history"><br></div><div class="battle-history"><small>Gastrodon restored a little HP using its Leftovers!</small><br></div><div class="battle-history"><small>The opposing Totem restored a little HP using its Leftovers!</small><br></div><div class="battle-history"><small>Gastrodon was hurt by poison!</small><br></div><div class="spacer battle-history"><br></div><h2 class="battle-history">Turn 16</h2><div class="spacer battle-history"><br></div><div class="battle-history">Big➰Air withdrew Totem!<br></div><div class="battle-history">Big➰Air sent out Jelly (<strong>Frillish</strong>)!<br></div><div class="spacer battle-history"><br></div><div class="battle-history">Gastrodon used <strong>Earthquake</strong>!<br></div><div class="battle-history"><small>(The opposing Jelly lost <abbr title="−121/314">38.5%</abbr> of its health!)</small><br></div><div class="spacer battle-history"><br></div><div class="battle-history"><small>Gastrodon restored a little HP using its Leftovers!</small><br></div><div class="battle-history"><small>Gastrodon was hurt by poison!</small><br></div><div class="spacer battle-history"><br></div><h2 class="battle-history">Turn 17</h2><div class="spacer battle-history"><br></div><div class="battle-history">Gastrodon, come back!<br></div><div class="battle-history">Go! <strong>Rotom</strong>!<br></div><div class="battle-history"><small>Pointed stones dug into Rotom!</small><br></div><div class="spacer battle-history"><br></div><div class="battle-history">The opposing Jelly used <strong>Taunt</strong>!<br></div><div class="battle-history"><small>Rotom fell for the taunt!</small><br></div><div class="spacer battle-history"><br></div><h2 class="battle-history">Turn 18</h2><div class="spacer battle-history"><br></div><div class="battle-history">Rotom used <strong>Volt Switch</strong>!<br></div><div class="battle-history"><small>It's super effective!</small><br></div><div class="battle-history"><small>(The opposing Jelly lost <abbr title="−80/314">25.5%</abbr> of its health!)</small><br></div><div class="spacer battle-history"><br></div><div class="battle-history">Rotom went back to gymlead11b!<br></div><div class="battle-history">Go! <strong>Charizard</strong>!<br></div><div class="battle-history"><small>Pointed stones dug into Charizard!</small><br></div><div class="spacer battle-history"><br></div><div class="battle-history">The opposing Jelly used <strong>Recover</strong>!<br></div><div class="battle-history"><small>The opposing Jelly restored its HP.</small><br></div><div class="spacer battle-history"><br></div><h2 class="battle-history">Turn 19</h2><div class="spacer battle-history"><br></div><div class="battle-history">Charizard used <strong>Air Slash</strong>!<br></div><div class="battle-history"><small>(The opposing Jelly lost <abbr title="−82/314">26.1%</abbr> of its health!)</small><br></div><div class="battle-history"><small>Charizard lost some of its HP!</small><br></div><div class="spacer battle-history"><br></div><div class="battle-history">The opposing Jelly flinched and couldn't move!<br></div><div class="spacer battle-history"><br></div><h2 class="battle-history">Turn 20</h2><div class="spacer battle-history"><br></div><div class="battle-history">Charizard used <strong>Air Slash</strong>!<br></div><div class="battle-history"><small>(The opposing Jelly lost <abbr title="−87/314">27.7%</abbr> of its health!)</small><br></div><div class="battle-history"><small>Charizard lost some of its HP!</small><br></div><div class="spacer battle-history"><br></div><div class="battle-history">The opposing Jelly used <strong>Taunt</strong>!<br></div><div class="battle-history"><small>Charizard fell for the taunt!</small><br></div><div class="spacer battle-history"><br></div><h2 class="battle-history">Turn 21</h2><div class="chat chatmessage-gymlead11b"><strong style="color:hsl(68,50%,41.4883765675%)"><small>★</small><span class="username" data-name="gymlead11b">gymlead11b</span>:</strong> <em>waste of a turn</em></div><div class="chat chatmessage-bigair"><strong style="color:hsl(140,60%,40.9607694592%)"><small>★</small><span class="username" data-name="Big➰Air">Big➰Air</span>:</strong> <em>it was a misclick rofl</em></div><div class="chat chatmessage-gymlead11b"><strong style="color:hsl(68,50%,41.4883765675%)"><small>★</small><span class="username" data-name="gymlead11b">gymlead11b</span>:</strong> <em>I'm fully physical</em></div><div class="chat chatmessage-bigair"><strong style="color:hsl(140,60%,40.9607694592%)"><small>★</small><span class="username" data-name="Big➰Air">Big➰Air</span>:</strong> <em>i know</em></div><div class="spacer battle-history"><br></div><div class="battle-history">Charizard used <strong>Air Slash</strong>!<br></div><div class="battle-history"><small>A critical hit!</small><br></div><div class="battle-history"><small>(The opposing Jelly lost <abbr title="−101/314">32.2%</abbr> of its health!)</small><br></div><div class="battle-history"><small>Charizard lost some of its HP!</small><br></div><div class="spacer battle-history"><br></div><div class="battle-history">The opposing Jelly fainted!<br></div><div class="battle-history">Charizard fainted!<br></div><div class="spacer battle-history"><br></div><div class="battle-history">Go! <strong>Rotom</strong>!<br></div><div class="spacer battle-history"><br></div><div class="battle-history">Big➰Air sent out Wise (<strong>Xatu</strong>)!<br></div><div class="battle-history"><small>Pointed stones dug into Rotom!</small><br></div><div class="spacer battle-history"><br></div><h2 class="battle-history">Turn 22</h2><div class="spacer battle-history"><br></div><div class="battle-history">Rotom used <strong>Volt Switch</strong>!<br></div><div class="battle-history"><small>It's super effective!</small><br></div><div class="battle-history"><small>(The opposing Wise lost <abbr title="−194/334">58.1%</abbr> of its health!)</small><br></div><div class="spacer battle-history"><br></div><div class="battle-history">Rotom went back to gymlead11b!<br></div><div class="battle-history">Go! <strong>Aggron</strong>!<br></div><div class="battle-history"><small>Pointed stones dug into Aggron!</small><br></div><div class="spacer battle-history"><br></div><div class="battle-history">The opposing Wise used <strong>Roost</strong>!<br></div><div class="battle-history"><small>The opposing Wise restored its HP.</small><br></div><div class="spacer battle-history"><br></div><h2 class="battle-history">Turn 23</h2><div class="spacer battle-history"><br></div><div class="battle-history">Big➰Air withdrew Wise!<br></div><div class="battle-history">Big➰Air sent out Totem (<strong>Steelix</strong>)!<br></div><div class="spacer battle-history"><br></div><div class="battle-history">Aggron used <strong>Head Smash</strong>!<br></div><div class="battle-history"><small>The opposing Totem avoided the attack!</small><br></div><div class="spacer battle-history"><br></div><div class="battle-history"><small>The opposing Totem restored a little HP using its Leftovers!</small><br></div><div class="spacer battle-history"><br></div><h2 class="battle-history">Turn 24</h2><div class="spacer battle-history"><br></div><div class="battle-history">Aggron, come back!<br></div><div class="battle-history">Go! <strong>Gastrodon</strong>!<br></div><div class="battle-history"><small>Pointed stones dug into Gastrodon!</small><br></div><div class="spacer battle-history"><br></div><div class="battle-history">The opposing Totem used <strong>Earthquake</strong>!<br></div><div class="battle-history"><small>(Gastrodon lost <abbr title="−120/426">28.2%</abbr> of its health!)</small><br></div><div class="spacer battle-history"><br></div><div class="battle-history"><small>Gastrodon restored a little HP using its Leftovers!</small><br></div><div class="battle-history"><small>The opposing Totem restored a little HP using its Leftovers!</small><br></div><div class="battle-history"><small>Gastrodon was hurt by poison!</small><br></div><div class="spacer battle-history"><br></div><h2 class="battle-history">Turn 25</h2><div class="spacer battle-history"><br></div><div class="battle-history">Big➰Air withdrew Totem!<br></div><div class="battle-history">Big➰Air sent out Wise (<strong>Xatu</strong>)!<br></div><div class="spacer battle-history"><br></div><div class="battle-history">Gastrodon used <strong>Earthquake</strong>!<br></div><div class="battle-history"><small>It doesn't affect the opposing Wise...</small><br></div><div class="spacer battle-history"><br></div><div class="battle-history"><small>Gastrodon restored a little HP using its Leftovers!</small><br></div><div class="battle-history"><small>Gastrodon was hurt by poison!</small><br></div><div class="spacer battle-history"><br></div><h2 class="battle-history">Turn 26</h2><div class="spacer battle-history"><br></div><div class="battle-history">Gastrodon, come back!<br></div><div class="battle-history">Go! <strong>Rotom</strong>!<br></div><div class="battle-history"><small>Pointed stones dug into Rotom!</small><br></div><div class="spacer battle-history"><br></div><div class="battle-history">The opposing Wise used <strong>Calm Mind</strong>!<br></div><div class="battle-history"><small>The opposing Wise's Special Attack rose!</small><br></div><div class="battle-history"><small>The opposing Wise's Special Defense rose!</small><br></div><div class="spacer battle-history"><br></div><h2 class="battle-history">Turn 27</h2><div class="spacer battle-history"><br></div><div class="battle-history">Rotom used <strong>Volt Switch</strong>!<br></div><div class="battle-history"><small>It's super effective!</small><br></div><div class="battle-history"><small>(The opposing Wise lost <abbr title="−134/334">40.1%</abbr> of its health!)</small><br></div><div class="spacer battle-history"><br></div><div class="battle-history">Rotom went back to gymlead11b!<br></div><div class="battle-history">Go! <strong>Abomasnow</strong>!<br></div><div class="battle-history"><small>Pointed stones dug into Abomasnow!</small><br></div><div class="battle-history"><small>Abomasnow was poisoned!</small><br></div><div class="battle-history"><small>[Abomasnow's Snow Warning]</small><br><small>It started to hail!</small><br></div><div class="spacer battle-history"><br></div><div class="battle-history">The opposing Wise used <strong>Calm Mind</strong>!<br></div><div class="battle-history"><small>The opposing Wise's Special Attack rose!</small><br></div><div class="battle-history"><small>The opposing Wise's Special Defense rose!</small><br></div><div class="spacer battle-history"><br></div><div class="battle-history"><small>The hail is crashing down.</small><br></div><div class="battle-history"><small>The opposing Wise is buffeted by the hail!</small><br></div><div class="battle-history"><small>Abomasnow was hurt by poison!</small><br></div><div class="spacer battle-history"><br></div><h2 class="battle-history">Turn 28</h2><div class="spacer battle-history"><br></div><div class="battle-history">Abomasnow used <strong>Ice Shard</strong>!<br></div><div class="battle-history"><small>It's super effective!</small><br></div><div class="battle-history"><small>(The opposing Wise lost <abbr title="−125/334">37.4%</abbr> of its health!)</small><br></div><div class="battle-history"><small>Abomasnow lost some of its HP!</small><br></div><div class="spacer battle-history"><br></div><div class="battle-history">The opposing Wise used <strong>Psychic</strong>!<br></div><div class="battle-history"><small>(Abomasnow lost <abbr title="−137/321">42.7%</abbr> of its health!)</small><br></div><div class="spacer battle-history"><br></div><div class="battle-history">Abomasnow fainted!<br></div><div class="spacer battle-history"><br></div><div class="battle-history"><small>The hail is crashing down.</small><br></div><div class="battle-history"><small>The opposing Wise is buffeted by the hail!</small><br></div><div class="spacer battle-history"><br></div><div class="battle-history">Go! <strong>Rotom</strong>!<br></div><div class="battle-history"><small>Pointed stones dug into Rotom!</small><br></div><div class="spacer battle-history"><br></div><h2 class="battle-history">Turn 29</h2><div class="spacer battle-history"><br></div><div class="battle-history">Rotom used <strong>Hex</strong>!<br></div><div class="battle-history"><small>It's super effective!</small><br></div><div class="battle-history"><small>(The opposing Wise lost <abbr title="−8/334">2.4%</abbr> of its health!)</small><br></div><div class="spacer battle-history"><br></div><div class="battle-history">The opposing Wise fainted!<br></div><div class="spacer battle-history"><br></div><div class="battle-history"><small>The hail is crashing down.</small><br></div><div class="battle-history"><small>Rotom is buffeted by the hail!</small><br></div><div class="spacer battle-history"><br></div><div class="battle-history">Rotom fainted!<br></div><div class="spacer battle-history"><br></div><div class="battle-history">Go! <strong>Gastrodon</strong>!<br></div><div class="spacer battle-history"><br></div><div class="battle-history">Big➰Air sent out Totem (<strong>Steelix</strong>)!<br></div><div class="battle-history"><small>Pointed stones dug into Gastrodon!</small><br></div><div class="spacer battle-history"><br></div><h2 class="battle-history">Turn 30</h2><div class="spacer battle-history"><br></div><div class="battle-history">Big➰Air withdrew Totem!<br></div><div class="battle-history">Big➰Air sent out Vega (<strong>Liepard</strong>)!<br></div><div class="spacer battle-history"><br></div><div class="battle-history">Gastrodon used <strong>Earthquake</strong>!<br></div><div class="battle-history"><small>(The opposing Vega lost <abbr title="−137/269">50.9%</abbr> of its health!)</small><br></div><div class="spacer battle-history"><br></div><div class="battle-history">The opposing Vega fainted!<br></div><div class="spacer battle-history"><br></div><div class="battle-history"><small>The hail is crashing down.</small><br></div><div class="battle-history"><small>Gastrodon is buffeted by the hail!</small><br></div><div class="battle-history"><small>Gastrodon restored a little HP using its Leftovers!</small><br></div><div class="battle-history"><small>Gastrodon was hurt by poison!</small><br></div><div class="spacer battle-history"><br></div><div class="battle-history">Big➰Air sent out Totem (<strong>Steelix</strong>)!<br></div><div class="spacer battle-history"><br></div><h2 class="battle-history">Turn 31</h2><div class="spacer battle-history"><br></div><div class="battle-history">Gastrodon used <strong>Earthquake</strong>!<br></div><div class="battle-history"><small>It's super effective!</small><br></div><div class="battle-history"><small>(The opposing Totem lost <abbr title="−102/352">29.0%</abbr> of its health!)</small><br></div><div class="spacer battle-history"><br></div><div class="battle-history">The opposing Totem used <strong>Earthquake</strong>!<br></div><div class="battle-history"><small>(Gastrodon lost <abbr title="−67/426">15.7%</abbr> of its health!)</small><br></div><div class="spacer battle-history"><br></div><div class="battle-history">Gastrodon fainted!<br></div><div class="spacer battle-history"><br></div><div class="battle-history"><small>The hail stopped.</small><br></div><div class="battle-history"><small>The opposing Totem restored a little HP using its Leftovers!</small><br></div><div class="spacer battle-history"><br></div><div class="battle-history">Go! <strong>Aggron</strong>!<br></div><div class="battle-history"><small>Pointed stones dug into Aggron!</small><br></div><div class="spacer battle-history"><br></div><h2 class="battle-history">Turn 32</h2><div class="spacer battle-history"><br></div><div class="battle-history">Aggron used <strong>Superpower</strong>!<br></div><div class="battle-history"><small>It's super effective!</small><br></div><div class="battle-history"><small>(The opposing Totem lost <abbr title="−143/352">40.6%</abbr> of its health!)</small><br></div><div class="battle-history"><small>Aggron's Attack fell!</small><br></div><div class="battle-history"><small>Aggron's Defense fell!</small><br></div><div class="spacer battle-history"><br></div><div class="battle-history">The opposing Totem fainted!<br></div><div class="spacer battle-history"><br></div><div class="battle-history"><strong>gymlead11b</strong> won the battle!<br></div><div class="chat"><small>Big➰Air left.</small></div><div class="chat chatmessage-gymlead11b"><strong style="color:hsl(68,50%,41.4883765675%)"><small>★</small><span class="username" data-name="gymlead11b">gymlead11b</span>:</strong> <em>gg</em></div></div><div class="inner-preempt"></div></div></div>
</div>
<script>
let daily = Math.floor(Date.now()/1000/60/60/24);document.write('<script src="https://play.pokemonshowdown.com/js/replay-embed.js?version'+daily+'"></'+'script>');
</script>
