<!DOCTYPE html>
<meta charset="utf-8" />
<!-- version 1 -->
<title>NU replay: trollmylife vs. SoulsTKR</title>
<style>
html,body {font-family:Verdana, sans-serif;font-size:10pt;margin:0;padding:0;}body{padding:12px 0;} .battle-log {font-family:Verdana, sans-serif;font-size:10pt;} .battle-log-inline {border:1px solid #AAAAAA;background:#EEF2F5;color:black;max-width:640px;margin:0 auto 80px;padding-bottom:5px;} .battle-log .inner {padding:4px 8px 0px 8px;} .battle-log .inner-preempt {padding:0 8px 4px 8px;} .battle-log .inner-after {margin-top:0.5em;} .battle-log h2 {margin:0.5em -8px;padding:4px 8px;border:1px solid #AAAAAA;background:#E0E7EA;border-left:0;border-right:0;font-family:Verdana, sans-serif;font-size:13pt;} .battle-log .chat {vertical-align:middle;padding:3px 0 3px 0;font-size:8pt;} .battle-log .chat strong {color:#40576A;} .battle-log .chat em {padding:1px 4px 1px 3px;color:#000000;font-style:normal;} .chat.mine {background:rgba(0,0,0,0.05);margin-left:-8px;margin-right:-8px;padding-left:8px;padding-right:8px;} .spoiler {color:#BBBBBB;background:#BBBBBB;padding:0px 3px;} .spoiler:hover, .spoiler:active, .spoiler-shown {color:#000000;background:#E2E2E2;padding:0px 3px;} .spoiler a {color:#BBBBBB;} .spoiler:hover a, .spoiler:active a, .spoiler-shown a {color:#2288CC;} .chat code, .chat .spoiler:hover code, .chat .spoiler:active code, .chat .spoiler-shown code {border:1px solid #C0C0C0;background:#EEEEEE;color:black;padding:0 2px;} .chat .spoiler code {border:1px solid #CCCCCC;background:#CCCCCC;color:#CCCCCC;} .battle-log .rated {padding:3px 4px;} .battle-log .rated strong {color:white;background:#89A;padding:1px 4px;border-radius:4px;} .spacer {margin-top:0.5em;} .message-announce {background:#6688AA;color:white;padding:1px 4px 2px;} .message-announce a, .broadcast-green a, .broadcast-blue a, .broadcast-red a {color:#DDEEFF;} .broadcast-green {background-color:#559955;color:white;padding:2px 4px;} .broadcast-blue {background-color:#6688AA;color:white;padding:2px 4px;} .infobox {border:1px solid #6688AA;padding:2px 4px;} .infobox-limited {max-height:200px;overflow:auto;overflow-x:hidden;} .broadcast-red {background-color:#AA5544;color:white;padding:2px 4px;} .message-learn-canlearn {font-weight:bold;color:#228822;text-decoration:underline;} .message-learn-cannotlearn {font-weight:bold;color:#CC2222;text-decoration:underline;} .message-effect-weak {font-weight:bold;color:#CC2222;} .message-effect-resist {font-weight:bold;color:#6688AA;} .message-effect-immune {font-weight:bold;color:#666666;} .message-learn-list {margin-top:0;margin-bottom:0;} .message-throttle-notice, .message-error {color:#992222;} .message-overflow, .chat small.message-overflow {font-size:0pt;} .message-overflow::before {font-size:9pt;content:'...';} .subtle {color:#3A4A66;}
</style>
<div class="wrapper replay-wrapper" style="max-width:1180px;margin:0 auto">
<input type="hidden" name="replayid" value="nu-513564062" />
<div class="battle"></div><div class="battle-log"></div><div class="replay-controls"></div><div class="replay-controls-2"></div>
<h1 style="font-weight:normal;text-align:center"><strong>NU</strong><br /><a href="http://pokemonshowdown.com/users/trollmylife" class="subtle" target="_blank">trollmylife</a> vs. <a href="http://pokemonshowdown.com/users/soulstkr" class="subtle" target="_blank">SoulsTKR</a></h1>
<script type="text/plain" class="battle-log-data">|j|trollmylife
|j|SoulsTKR
|player|p1|trollmylife|290
|player|p2|SoulsTKR|164
|gametype|singles
|gen|6
|tier|NU
|rated
|seed|43904,24630,30824,17965
|rule|Sleep Clause Mod: Limit one foe put to sleep
|rule|Species Clause: Limit one of each Pokémon
|rule|OHKO Clause: OHKO moves are banned
|rule|Moody Clause: Moody is banned
|rule|Evasion Moves Clause: Evasion moves are banned
|rule|Endless Battle Clause: Forcing endless battles is banned
|rule|HP Percentage Mod: HP is shown in percentages
|clearpoke
|poke|p1|Tangela, M|item
|poke|p1|Claydol|item
|poke|p1|Lanturn, F, shiny|item
|poke|p1|Primeape, M, shiny|item
|poke|p1|Archeops, F, shiny|item
|poke|p1|Pyroar, F|item
|poke|p2|Aggron, F|item
|poke|p2|Carracosta, F|item
|poke|p2|Charizard, M|item
|poke|p2|Gastrodon, M|item
|poke|p2|Rotom-Fan|item
|poke|p2|Audino, M|item
|rule|Swagger Clause: Swagger is banned
|rule|Baton Pass Clause: Limit one Baton Passer, can't pass Spe and other stats simultaneously
|teampreview
|choice|team 2, team 1, team 3, team 4, team 5, team 6|team 5, team 2, team 3, team 4, team 1, team 6
|
|start
|switch|p1a: Claydol|Claydol|323\/323
|switch|p2a: Rotom|Rotom-Fan|241\/241
|turn|1
|choice|move stealthrock|move willowisp
|
|move|p2a: Rotom|Will-O-Wisp|p1a: Claydol
|-status|p1a: Claydol|brn
|move|p1a: Claydol|Stealth Rock|p2a: Rotom
|-sidestart|p2: SoulsTKR|move: Stealth Rock
|
|-damage|p1a: Claydol|283\/323 brn|[from] brn
|upkeep
|turn|2
|choice|switch 3|switch 5
|
|switch|p2a: Aggron|Aggron, F|343\/343
|-damage|p2a: Aggron|322\/343|[from] Stealth Rock
|switch|p1a: Lanturn|Lanturn, F, shiny|453\/453
|
|upkeep
|turn|3
|choice|move scald|move stealthrock
|
|move|p1a: Lanturn|Scald|p2a: Aggron
|-supereffective|p2a: Aggron
|-damage|p2a: Aggron|94\/343
|move|p2a: Aggron|Stealth Rock|p1a: Lanturn
|-sidestart|p1: trollmylife|move: Stealth Rock
|
|upkeep
|turn|4
|choice|move scald|move earthquake
|
|move|p1a: Lanturn|Scald|p2a: Aggron
|-supereffective|p2a: Aggron
|-damage|p2a: Aggron|0 fnt
|faint|p2a: Aggron
|
|upkeep
|choice||switch 2
|
|switch|p2a: Carracosta|Carracosta, F|289\/289
|-damage|p2a: Carracosta|253\/289|[from] Stealth Rock
|turn|5
|choice|move discharge|move shellsmash
|
|move|p1a: Lanturn|Discharge|p2a: Carracosta
|-supereffective|p2a: Carracosta
|-damage|p2a: Carracosta|25\/289
|move|p2a: Carracosta|Shell Smash|p2a: Carracosta
|-unboost|p2a: Carracosta|def|1
|-unboost|p2a: Carracosta|spd|1
|-boost|p2a: Carracosta|atk|2
|-boost|p2a: Carracosta|spa|2
|-boost|p2a: Carracosta|spe|2
|-enditem|p2a: Carracosta|White Herb
|-clearnegativeboost|p2a: Carracosta|[silent]
|
|upkeep
|turn|6
|choice|move protect|move rockslide
|
|move|p1a: Lanturn|Protect|p1a: Lanturn
|-singleturn|p1a: Lanturn|Protect
|move|p2a: Carracosta|Rock Slide|p1a: Lanturn
|-activate|p1a: Lanturn|move: Protect
|
|upkeep
|turn|7
|choice|switch 2|move earthquake
|
|switch|p1a: Tangela|Tangela, M|334\/334
|-damage|p1a: Tangela|293\/334|[from] Stealth Rock
|move|p2a: Carracosta|Earthquake|p1a: Tangela
|-resisted|p1a: Tangela
|-damage|p1a: Tangela|240\/334
|
|upkeep
|turn|8
|choice|move gigadrain|move rockslide
|
|move|p2a: Carracosta|Rock Slide|p1a: Tangela
|-damage|p1a: Tangela|117\/334
|cant|p1a: Tangela|flinch
|
|upkeep
|turn|9
|choice|switch 3|move rockslide
|
|switch|p1a: Claydol|Claydol|283\/323 brn
|-damage|p1a: Claydol|263\/323 brn|[from] Stealth Rock
|move|p2a: Carracosta|Rock Slide|p1a: Claydol
|-resisted|p1a: Claydol
|-damage|p1a: Claydol|142\/323 brn
|
|-heal|p1a: Claydol|162\/323 brn|[from] item: Leftovers
|-damage|p1a: Claydol|122\/323 brn|[from] brn
|upkeep
|turn|10
|choice|move earthquake|move aquajet
|
|move|p2a: Carracosta|Aqua Jet|p1a: Claydol
|-supereffective|p1a: Claydol
|-damage|p1a: Claydol|0 fnt
|faint|p1a: Claydol
|
|upkeep
|choice|switch 4|
|
|switch|p1a: Primeape|Primeape, M, shiny|271\/271
|-damage|p1a: Primeape|255\/271|[from] Stealth Rock
|turn|11
|choice|move closecombat|move aquajet
|
|move|p2a: Carracosta|Aqua Jet|p1a: Primeape
|-damage|p1a: Primeape|41\/271
|move|p1a: Primeape|Close Combat|p2a: Carracosta
|-supereffective|p2a: Carracosta
|-damage|p2a: Carracosta|0 fnt
|-unboost|p1a: Primeape|def|1
|-unboost|p1a: Primeape|spd|1
|faint|p2a: Carracosta
|
|upkeep
|choice||switch 5
|
|switch|p2a: Rotom|Rotom-Fan|241\/241
|-damage|p2a: Rotom|181\/241|[from] Stealth Rock
|turn|12
|choice|switch 2|move airslash
|
|switch|p1a: Lanturn|Lanturn, F, shiny|453\/453
|-damage|p1a: Lanturn|397\/453|[from] Stealth Rock
|move|p2a: Rotom|Air Slash|p1a: Lanturn
|-resisted|p1a: Lanturn
|-damage|p1a: Lanturn|343\/453
|
|-heal|p1a: Lanturn|371\/453|[from] item: Leftovers
|upkeep
|turn|13
|choice|move scald|switch 4
|
|switch|p2a: Gastrodon|Gastrodon, M|426\/426
|-damage|p2a: Gastrodon|400\/426|[from] Stealth Rock
|move|p1a: Lanturn|Scald|p2a: Gastrodon
|-damage|p2a: Gastrodon|333\/426
|
|-heal|p1a: Lanturn|399\/453|[from] item: Leftovers
|-heal|p2a: Gastrodon|359\/426|[from] item: Leftovers
|upkeep
|turn|14
|l|SoulsTKR
|player|p2
|j|SoulsTKR
|player|p2|SoulsTKR|164
|choice|switch 3|move toxic
|
|switch|p1a: Tangela|Tangela, M|228\/334
|-damage|p1a: Tangela|187\/334|[from] Stealth Rock
|move|p2a: Gastrodon|Toxic|p1a: Tangela
|-status|p1a: Tangela|tox
|
|-heal|p2a: Gastrodon|385\/426|[from] item: Leftovers
|-damage|p1a: Tangela|167\/334 tox|[from] psn
|upkeep
|turn|15
|choice|move gigadrain|move protect
|
|move|p2a: Gastrodon|Protect|p2a: Gastrodon
|-singleturn|p2a: Gastrodon|Protect
|move|p1a: Tangela|Giga Drain|p2a: Gastrodon
|-activate|p2a: Gastrodon|move: Protect
|
|-heal|p2a: Gastrodon|411\/426|[from] item: Leftovers
|-damage|p1a: Tangela|127\/334 tox|[from] psn
|upkeep
|turn|16
|choice|move gigadrain|switch 6
|
|switch|p2a: Audino|Audino, M|410\/410
|-damage|p2a: Audino|359\/410|[from] Stealth Rock
|move|p1a: Tangela|Giga Drain|p2a: Audino
|-damage|p2a: Audino|287\/410
|-heal|p1a: Tangela|163\/334 tox|[from] drain|[of] p2a: Audino
|
|-damage|p1a: Tangela|103\/334 tox|[from] psn
|upkeep
|turn|17
|choice|switch 3|move wish mega
|
|switch|p1a: Lanturn|Lanturn, F, shiny|399\/453
|-damage|p1a: Lanturn|343\/453|[from] Stealth Rock
|detailschange|p2a: Audino|Audino-Mega, M
|-mega|p2a: Audino|Audino|Audinite
|move|p2a: Audino|Wish|p2a: Audino
|
|-heal|p1a: Lanturn|371\/453|[from] item: Leftovers
|upkeep
|turn|18
|choice|move scald|move toxic
|
|move|p1a: Lanturn|Scald|p2a: Audino
|-damage|p2a: Audino|242\/410
|move|p2a: Audino|Toxic|p1a: Lanturn
|-status|p1a: Lanturn|tox
|
|-heal|p2a: Audino|410\/410|[from] move: Wish|[wisher] Audino
|-heal|p1a: Lanturn|399\/453 tox|[from] item: Leftovers
|-damage|p1a: Lanturn|371\/453 tox|[from] psn
|upkeep
|turn|19
|choice|move healbell|move wish
|
|move|p1a: Lanturn|Heal Bell|p1a: Lanturn
|-activate|p1a: Lanturn|move: Heal Bell
|-curestatus|p1a: Lanturn|tox|[msg]
|-curestatus|p1: Tangela|tox|[msg]
|move|p2a: Audino|Wish|p2a: Audino
|
|-heal|p1a: Lanturn|399\/453|[from] item: Leftovers
|upkeep
|turn|20
|choice|move discharge|switch 3
|
|switch|p2a: Charizard|Charizard, M|297\/297
|-damage|p2a: Charizard|149\/297|[from] Stealth Rock
|move|p1a: Lanturn|Discharge|p2a: Charizard
|-supereffective|p2a: Charizard
|-damage|p2a: Charizard|0 fnt
|faint|p2a: Charizard
|
|-heal|p1a: Lanturn|427\/453|[from] item: Leftovers
|upkeep
|c|★SoulsTKR|xdxd
|choice||switch 6
|
|switch|p2a: Gastrodon|Gastrodon, M|411\/426
|-damage|p2a: Gastrodon|385\/426|[from] Stealth Rock
|turn|21
|choice|move scald|move earthpower
|
|move|p1a: Lanturn|Scald|p2a: Gastrodon
|-damage|p2a: Gastrodon|327\/426
|move|p2a: Gastrodon|Earth Power|p1a: Lanturn
|-supereffective|p1a: Lanturn
|-damage|p1a: Lanturn|241\/453
|
|-heal|p1a: Lanturn|269\/453|[from] item: Leftovers
|-heal|p2a: Gastrodon|353\/426|[from] item: Leftovers
|upkeep
|turn|22
|choice|switch 3|move earthpower
|
|switch|p1a: Tangela|Tangela, M|214\/334
|-damage|p1a: Tangela|173\/334|[from] Stealth Rock
|move|p2a: Gastrodon|Earth Power|p1a: Tangela
|-resisted|p1a: Tangela
|-damage|p1a: Tangela|110\/334
|
|-heal|p2a: Gastrodon|379\/426|[from] item: Leftovers
|upkeep
|turn|23
|choice|move gigadrain|move protect
|
|move|p2a: Gastrodon|Protect|p2a: Gastrodon
|-singleturn|p2a: Gastrodon|Protect
|move|p1a: Tangela|Giga Drain|p2a: Gastrodon
|-activate|p2a: Gastrodon|move: Protect
|
|-heal|p2a: Gastrodon|405\/426|[from] item: Leftovers
|upkeep
|turn|24
|choice|move gigadrain|switch 4
|
|switch|p2a: Rotom|Rotom-Fan|181\/241
|-damage|p2a: Rotom|121\/241|[from] Stealth Rock
|move|p1a: Tangela|Giga Drain|p2a: Rotom
|-resisted|p2a: Rotom
|-damage|p2a: Rotom|81\/241
|-heal|p1a: Tangela|130\/334|[from] drain|[of] p2a: Rotom
|
|upkeep
|turn|25
|choice|switch 3|move painsplit
|
|switch|p1a: Lanturn|Lanturn, F, shiny|269\/453
|-damage|p1a: Lanturn|213\/453|[from] Stealth Rock
|move|p2a: Rotom|Pain Split|p1a: Lanturn
|-sethp|p1a: Lanturn|147\/453|p2a: Rotom|147\/241|[from] move: Pain Split
|
|-heal|p1a: Lanturn|175\/453|[from] item: Leftovers
|upkeep
|turn|26
|choice|move scald|switch 4
|
|switch|p2a: Gastrodon|Gastrodon, M|405\/426
|-damage|p2a: Gastrodon|379\/426|[from] Stealth Rock
|move|p1a: Lanturn|Scald|p2a: Gastrodon
|-damage|p2a: Gastrodon|313\/426
|-status|p2a: Gastrodon|brn
|
|-heal|p1a: Lanturn|203\/453|[from] item: Leftovers
|-heal|p2a: Gastrodon|339\/426 brn|[from] item: Leftovers
|-damage|p2a: Gastrodon|286\/426 brn|[from] brn
|upkeep
|turn|27
|choice|move protect|move earthpower
|
|move|p1a: Lanturn|Protect|p1a: Lanturn
|-singleturn|p1a: Lanturn|Protect
|move|p2a: Gastrodon|Earth Power|p1a: Lanturn
|-activate|p1a: Lanturn|move: Protect
|
|-heal|p1a: Lanturn|231\/453|[from] item: Leftovers
|-heal|p2a: Gastrodon|312\/426 brn|[from] item: Leftovers
|-damage|p2a: Gastrodon|259\/426 brn|[from] brn
|upkeep
|turn|28
|choice|switch 2|move icebeam
|
|switch|p1a: Primeape|Primeape, M, shiny|41\/271
|-damage|p1a: Primeape|25\/271|[from] Stealth Rock
|move|p2a: Gastrodon|Ice Beam|p1a: Primeape
|-damage|p1a: Primeape|0 fnt
|faint|p1a: Primeape
|
|-heal|p2a: Gastrodon|285\/426 brn|[from] item: Leftovers
|-damage|p2a: Gastrodon|232\/426 brn|[from] brn
|upkeep
|choice|switch 6|
|
|switch|p1a: Pyroar|Pyroar, F|313\/313
|-ability|p1a: Pyroar|Unnerve|p2: SoulsTKR
|-damage|p1a: Pyroar|235\/313|[from] Stealth Rock
|turn|29
|choice|move hypervoice|move earthpower
|
|move|p1a: Pyroar|Hyper Voice|p2a: Gastrodon
|-damage|p2a: Gastrodon|92\/426 brn
|-damage|p1a: Pyroar|204\/313|[from] item: Life Orb
|move|p2a: Gastrodon|Earth Power|p1a: Pyroar
|-supereffective|p1a: Pyroar
|-damage|p1a: Pyroar|0 fnt
|faint|p1a: Pyroar
|
|-heal|p2a: Gastrodon|118\/426 brn|[from] item: Leftovers
|-damage|p2a: Gastrodon|65\/426 brn|[from] brn
|upkeep
|choice|switch 5|
|
|switch|p1a: Archeops|Archeops, F, shiny|291\/291
|-damage|p1a: Archeops|219\/291|[from] Stealth Rock
|turn|30
|choice|move earthquake|move icebeam
|
|move|p1a: Archeops|Earthquake|p2a: Gastrodon
|-damage|p2a: Gastrodon|0 fnt
|faint|p2a: Gastrodon
|
|upkeep
|choice||switch 4
|
|switch|p2a: Rotom|Rotom-Fan|147\/241
|-damage|p2a: Rotom|87\/241|[from] Stealth Rock
|turn|31
|choice|move stoneedge|move voltswitch
|
|move|p2a: Rotom|Volt Switch|p1a: Archeops
|-supereffective|p1a: Archeops
|-damage|p1a: Archeops|0 fnt
|faint|p1a: Archeops
|choice||switch 3
|
|switch|p2a: Audino|Audino-Mega, M|410\/410
|-damage|p2a: Audino|359\/410|[from] Stealth Rock
|
|upkeep
|choice|switch 3|
|
|switch|p1a: Tangela|Tangela, M|241\/334
|-damage|p1a: Tangela|200\/334|[from] Stealth Rock
|turn|32
|choice|move toxic|move wish
|
|move|p1a: Tangela|Toxic|p2a: Audino
|-status|p2a: Audino|tox
|move|p2a: Audino|Wish|p2a: Audino
|
|-damage|p2a: Audino|334\/410 tox|[from] psn
|upkeep
|turn|33
|choice|move knockoff|switch 3
|
|switch|p2a: Rotom|Rotom-Fan|87\/241
|-damage|p2a: Rotom|27\/241|[from] Stealth Rock
|move|p1a: Tangela|Knock Off|p2a: Rotom
|-damage|p2a: Rotom|0 fnt
|-enditem|p2a: Rotom|Choice Scarf|[from] move: Knock Off|[of] p1a: Tangela
|faint|p2a: Rotom
|
|upkeep
|choice||switch 3
|
|switch|p2a: Audino|Audino-Mega, M|334\/410 tox
|-damage|p2a: Audino|283\/410 tox|[from] Stealth Rock
|turn|34
|-message|SoulsTKR forfeited.
|
|win|trollmylife
|player|p1
|player|p2
|l|SoulsTKR</script>
</div>
<div class="battle-log battle-log-inline"><div class="inner"><div class="battle-options"></div><div class="inner"><div class="chat"><small>trollmylife joined.</small></div><div class="chat"><small>SoulsTKR joined.</small></div><div class=""><small>Format:</small> <br><strong>NU</strong></div><div class="rated"><strong>Rated battle</strong></div><div class=""><small><em>Sleep Clause Mod:</em> Limit one foe put to sleep</small></div><div class=""><small><em>Species Clause:</em> Limit one of each Pokémon</small></div><div class=""><small><em>OHKO Clause:</em> OHKO moves are banned</small></div><div class=""><small><em>Moody Clause:</em> Moody is banned</small></div><div class=""><small><em>Evasion Moves Clause:</em> Evasion moves are banned</small></div><div class=""><small><em>Endless Battle Clause:</em> Forcing endless battles is banned</small></div><div class=""><small><em>HP Percentage Mod:</em> HP is shown in percentages</small></div><div class=""><small><em>Swagger Clause:</em> Swagger is banned</small></div><div class=""><small><em>Baton Pass Clause:</em> Limit one Baton Passer, can't pass Spe and other stats simultaneously</small></div><div class="chat battle-history"><strong>trollmylife's team:</strong> <em style="color:#445566;display:block;">Tangela / Claydol / Lanturn / Primeape / Archeops / Pyroar</em></div><div class="chat battle-history"><strong>SoulsTKR's team:</strong> <em style="color:#445566;display:block;">Aggron / Carracosta / Charizard / Gastrodon / Rotom-Fan / Audino</em></div><div class="spacer battle-history"><br></div><div class="battle-history">Battle started between trollmylife and SoulsTKR!<br></div><div class="spacer battle-history"><br></div><div class="battle-history">Go! <strong>Claydol</strong>!<br></div><div class="spacer battle-history"><br></div><div class="battle-history">SoulsTKR sent out Rotom (<strong>Rotom-Fan</strong>)!<br></div><div class="spacer battle-history"><br></div><h2 class="battle-history">Turn 1</h2><div class="spacer battle-history"><br></div><div class="battle-history">The opposing Rotom used <strong>Will-O-Wisp</strong>!<br></div><div class="battle-history"><small>Claydol was burned!</small><br></div><div class="spacer battle-history"><br></div><div class="battle-history">Claydol used <strong>Stealth Rock</strong>!<br></div><div class="battle-history"><small>Pointed stones float in the air around the opposing team!</small><br></div><div class="spacer battle-history"><br></div><div class="battle-history"><small>Claydol was hurt by its burn!</small><br></div><div class="spacer battle-history"><br></div><h2 class="battle-history">Turn 2</h2><div class="spacer battle-history"><br></div><div class="battle-history">SoulsTKR withdrew Rotom!<br></div><div class="battle-history">SoulsTKR sent out <strong>Aggron</strong>!<br></div><div class="battle-history"><small>Pointed stones dug into the opposing Aggron!</small><br></div><div class="spacer battle-history"><br></div><div class="battle-history">Claydol, come back!<br></div><div class="battle-history">Go! <strong>Lanturn</strong>!<br></div><div class="spacer battle-history"><br></div><h2 class="battle-history">Turn 3</h2><div class="spacer battle-history"><br></div><div class="battle-history">Lanturn used <strong>Scald</strong>!<br></div><div class="battle-history"><small>It's super effective!</small><br></div><div class="battle-history"><small>(The opposing Aggron lost <abbr title="−228/343">66.5%</abbr> of its health!)</small><br></div><div class="spacer battle-history"><br></div><div class="battle-history">The opposing Aggron used <strong>Stealth Rock</strong>!<br></div><div class="battle-history"><small>Pointed stones float in the air around your team!</small><br></div><div class="spacer battle-history"><br></div><h2 class="battle-history">Turn 4</h2><div class="spacer battle-history"><br></div><div class="battle-history">Lanturn used <strong>Scald</strong>!<br></div><div class="battle-history"><small>It's super effective!</small><br></div><div class="battle-history"><small>(The opposing Aggron lost <abbr title="−94/343">27.4%</abbr> of its health!)</small><br></div><div class="spacer battle-history"><br></div><div class="battle-history">The opposing Aggron fainted!<br></div><div class="spacer battle-history"><br></div><div class="battle-history">SoulsTKR sent out <strong>Carracosta</strong>!<br></div><div class="battle-history"><small>Pointed stones dug into the opposing Carracosta!</small><br></div><div class="spacer battle-history"><br></div><h2 class="battle-history">Turn 5</h2><div class="spacer battle-history"><br></div><div class="battle-history">Lanturn used <strong>Discharge</strong>!<br></div><div class="battle-history"><small>It's super effective!</small><br></div><div class="battle-history"><small>(The opposing Carracosta lost <abbr title="−228/289">78.9%</abbr> of its health!)</small><br></div><div class="spacer battle-history"><br></div><div class="battle-history">The opposing Carracosta used <strong>Shell Smash</strong>!<br></div><div class="battle-history"><small>The opposing Carracosta's Defense fell!</small><br></div><div class="battle-history"><small>The opposing Carracosta's Special Defense fell!</small><br></div><div class="battle-history"><small>The opposing Carracosta's Attack rose sharply!</small><br></div><div class="battle-history"><small>The opposing Carracosta's Special Attack rose sharply!</small><br></div><div class="battle-history"><small>The opposing Carracosta's Speed rose sharply!</small><br></div><div class="battle-history"><small>The opposing Carracosta returned its status to normal using its White Herb!</small><br></div><div class="spacer battle-history"><br></div><h2 class="battle-history">Turn 6</h2><div class="spacer battle-history"><br></div><div class="battle-history">Lanturn used <strong>Protect</strong>!<br></div><div class="battle-history"><small>Lanturn protected itself!</small><br></div><div class="spacer battle-history"><br></div><div class="battle-history">The opposing Carracosta used <strong>Rock Slide</strong>!<br></div><div class="battle-history"><small>Lanturn protected itself!</small><br></div><div class="spacer battle-history"><br></div><h2 class="battle-history">Turn 7</h2><div class="spacer battle-history"><br></div><div class="battle-history">Lanturn, come back!<br></div><div class="battle-history">Go! <strong>Tangela</strong>!<br></div><div class="battle-history"><small>Pointed stones dug into Tangela!</small><br></div><div class="spacer battle-history"><br></div><div class="battle-history">The opposing Carracosta used <strong>Earthquake</strong>!<br></div><div class="battle-history"><small>It's not very effective...</small><br></div><div class="battle-history"><small>(Tangela lost <abbr title="−53/334">15.9%</abbr> of its health!)</small><br></div><div class="spacer battle-history"><br></div><h2 class="battle-history">Turn 8</h2><div class="spacer battle-history"><br></div><div class="battle-history">The opposing Carracosta used <strong>Rock Slide</strong>!<br></div><div class="battle-history"><small>(Tangela lost <abbr title="−123/334">36.8%</abbr> of its health!)</small><br></div><div class="spacer battle-history"><br></div><div class="battle-history">Tangela flinched and couldn't move!<br></div><div class="spacer battle-history"><br></div><h2 class="battle-history">Turn 9</h2><div class="spacer battle-history"><br></div><div class="battle-history">Tangela, come back!<br></div><div class="battle-history">Go! <strong>Claydol</strong>!<br></div><div class="battle-history"><small>Pointed stones dug into Claydol!</small><br></div><div class="spacer battle-history"><br></div><div class="battle-history">The opposing Carracosta used <strong>Rock Slide</strong>!<br></div><div class="battle-history"><small>It's not very effective...</small><br></div><div class="battle-history"><small>(Claydol lost <abbr title="−121/323">37.5%</abbr> of its health!)</small><br></div><div class="spacer battle-history"><br></div><div class="battle-history"><small>Claydol restored a little HP using its Leftovers!</small><br></div><div class="battle-history"><small>Claydol was hurt by its burn!</small><br></div><div class="spacer battle-history"><br></div><h2 class="battle-history">Turn 10</h2><div class="spacer battle-history"><br></div><div class="battle-history">The opposing Carracosta used <strong>Aqua Jet</strong>!<br></div><div class="battle-history"><small>It's super effective!</small><br></div><div class="battle-history"><small>(Claydol lost <abbr title="−122/323">37.8%</abbr> of its health!)</small><br></div><div class="spacer battle-history"><br></div><div class="battle-history">Claydol fainted!<br></div><div class="spacer battle-history"><br></div><div class="battle-history">Go! <strong>Primeape</strong>!<br></div><div class="battle-history"><small>Pointed stones dug into Primeape!</small><br></div><div class="spacer battle-history"><br></div><h2 class="battle-history">Turn 11</h2><div class="spacer battle-history"><br></div><div class="battle-history">The opposing Carracosta used <strong>Aqua Jet</strong>!<br></div><div class="battle-history"><small>(Primeape lost <abbr title="−214/271">79.0%</abbr> of its health!)</small><br></div><div class="spacer battle-history"><br></div><div class="battle-history">Primeape used <strong>Close Combat</strong>!<br></div><div class="battle-history"><small>It's super effective!</small><br></div><div class="battle-history"><small>(The opposing Carracosta lost <abbr title="−25/289">8.7%</abbr> of its health!)</small><br></div><div class="battle-history"><small>Primeape's Defense fell!</small><br></div><div class="battle-history"><small>Primeape's Special Defense fell!</small><br></div><div class="spacer battle-history"><br></div><div class="battle-history">The opposing Carracosta fainted!<br></div><div class="spacer battle-history"><br></div><div class="battle-history">SoulsTKR sent out Rotom (<strong>Rotom-Fan</strong>)!<br></div><div class="battle-history"><small>Pointed stones dug into the opposing Rotom!</small><br></div><div class="spacer battle-history"><br></div><h2 class="battle-history">Turn 12</h2><div class="spacer battle-history"><br></div><div class="battle-history">Primeape, come back!<br></div><div class="battle-history">Go! <strong>Lanturn</strong>!<br></div><div class="battle-history"><small>Pointed stones dug into Lanturn!</small><br></div><div class="spacer battle-history"><br></div><div class="battle-history">The opposing Rotom used <strong>Air Slash</strong>!<br></div><div class="battle-history"><small>It's not very effective...</small><br></div><div class="battle-history"><small>(Lanturn lost <abbr title="−54/453">11.9%</abbr> of its health!)</small><br></div><div class="spacer battle-history"><br></div><div class="battle-history"><small>Lanturn restored a little HP using its Leftovers!</small><br></div><div class="spacer battle-history"><br></div><h2 class="battle-history">Turn 13</h2><div class="spacer battle-history"><br></div><div class="battle-history">SoulsTKR withdrew Rotom!<br></div><div class="battle-history">SoulsTKR sent out <strong>Gastrodon</strong>!<br></div><div class="battle-history"><small>Pointed stones dug into the opposing Gastrodon!</small><br></div><div class="spacer battle-history"><br></div><div class="battle-history">Lanturn used <strong>Scald</strong>!<br></div><div class="battle-history"><small>(The opposing Gastrodon lost <abbr title="−67/426">15.7%</abbr> of its health!)</small><br></div><div class="spacer battle-history"><br></div><div class="battle-history"><small>Lanturn restored a little HP using its Leftovers!</small><br></div><div class="battle-history"><small>The opposing Gastrodon restored a little HP using its Leftovers!</small><br></div><div class="spacer battle-history"><br></div><h2 class="battle-history">Turn 14</h2><div class="chat"><small>SoulsTKR left.</small></div><div class="chat"><small>SoulsTKR joined.</small></div><div class="spacer battle-history"><br></div><div class="battle-history">Lanturn, come back!<br></div><div class="battle-history">Go! <strong>Tangela</strong>!<br></div><div class="battle-history"><small>Pointed stones dug into Tangela!</small><br></div><div class="spacer battle-history"><br></div><div class="battle-history">The opposing Gastrodon used <strong>Toxic</strong>!<br></div><div class="battle-history"><small>Tangela was badly poisoned!</small><br></div><div class="spacer battle-history"><br></div><div class="battle-history"><small>The opposing Gastrodon restored a little HP using its Leftovers!</small><br></div><div class="battle-history"><small>Tangela was hurt by poison!</small><br></div><div class="spacer battle-history"><br></div><h2 class="battle-history">Turn 15</h2><div class="spacer battle-history"><br></div><div class="battle-history">The opposing Gastrodon used <strong>Protect</strong>!<br></div><div class="battle-history"><small>The opposing Gastrodon protected itself!</small><br></div><div class="spacer battle-history"><br></div><div class="battle-history">Tangela used <strong>Giga Drain</strong>!<br></div><div class="battle-history"><small>The opposing Gastrodon protected itself!</small><br></div><div class="spacer battle-history"><br></div><div class="battle-history"><small>The opposing Gastrodon restored a little HP using its Leftovers!</small><br></div><div class="battle-history"><small>Tangela was hurt by poison!</small><br></div><div class="spacer battle-history"><br></div><h2 class="battle-history">Turn 16</h2><div class="spacer battle-history"><br></div><div class="battle-history">SoulsTKR withdrew Gastrodon!<br></div><div class="battle-history">SoulsTKR sent out <strong>Audino</strong>!<br></div><div class="battle-history"><small>Pointed stones dug into the opposing Audino!</small><br></div><div class="spacer battle-history"><br></div><div class="battle-history">Tangela used <strong>Giga Drain</strong>!<br></div><div class="battle-history"><small>(The opposing Audino lost <abbr title="−72/410">17.6%</abbr> of its health!)</small><br></div><div class="battle-history"><small>The opposing Audino had its energy drained!</small><br></div><div class="spacer battle-history"><br></div><div class="battle-history"><small>Tangela was hurt by poison!</small><br></div><div class="spacer battle-history"><br></div><h2 class="battle-history">Turn 17</h2><div class="spacer battle-history"><br></div><div class="battle-history">Tangela, come back!<br></div><div class="battle-history">Go! <strong>Lanturn</strong>!<br></div><div class="battle-history"><small>Pointed stones dug into Lanturn!</small><br></div><div class="spacer battle-history"><br></div><div class="battle-history"><small>The opposing Audino's Audinite is reacting to SoulsTKR's Mega Bracelet!</small><br>The opposing Audino has Mega Evolved into Mega Audino!<br></div><div class="spacer battle-history"><br></div><div class="battle-history">The opposing Audino used <strong>Wish</strong>!<br></div><div class="spacer battle-history"><br></div><div class="battle-history"><small>Lanturn restored a little HP using its Leftovers!</small><br></div><div class="spacer battle-history"><br></div><h2 class="battle-history">Turn 18</h2><div class="spacer battle-history"><br></div><div class="battle-history">Lanturn used <strong>Scald</strong>!<br></div><div class="battle-history"><small>(The opposing Audino lost <abbr title="−45/410">11.0%</abbr> of its health!)</small><br></div><div class="spacer battle-history"><br></div><div class="battle-history">The opposing Audino used <strong>Toxic</strong>!<br></div><div class="battle-history"><small>Lanturn was badly poisoned!</small><br></div><div class="spacer battle-history"><br></div><div class="battle-history"><small>Audino's wish came true!</small><br></div><div class="battle-history"><small>Lanturn restored a little HP using its Leftovers!</small><br></div><div class="battle-history"><small>Lanturn was hurt by poison!</small><br></div><div class="spacer battle-history"><br></div><h2 class="battle-history">Turn 19</h2><div class="spacer battle-history"><br></div><div class="battle-history">Lanturn used <strong>Heal Bell</strong>!<br></div><div class="battle-history"><small>A bell chimed!</small><br></div><div class="battle-history"><small>Lanturn was cured of its poisoning.</small><br></div><div class="battle-history"><small>Tangela was cured of its poisoning.</small><br></div><div class="spacer battle-history"><br></div><div class="battle-history">The opposing Audino used <strong>Wish</strong>!<br></div><div class="spacer battle-history"><br></div><div class="battle-history"><small>Lanturn restored a little HP using its Leftovers!</small><br></div><div class="spacer battle-history"><br></div><h2 class="battle-history">Turn 20</h2><div class="spacer battle-history"><br></div><div class="battle-history">SoulsTKR withdrew Audino!<br></div><div class="battle-history">SoulsTKR sent out <strong>Charizard</strong>!<br></div><div class="battle-history"><small>Pointed stones dug into the opposing Charizard!</small><br></div><div class="spacer battle-history"><br></div><div class="battle-history">Lanturn used <strong>Discharge</strong>!<br></div><div class="battle-history"><small>It's super effective!</small><br></div><div class="battle-history"><small>(The opposing Charizard lost <abbr title="−149/297">50.2%</abbr> of its health!)</small><br></div><div class="spacer battle-history"><br></div><div class="battle-history">The opposing Charizard fainted!<br></div><div class="spacer battle-history"><br></div><div class="battle-history"><small>Lanturn restored a little HP using its Leftovers!</small><br></div><div class="chat chatmessage-soulstkr"><strong style="color:hsl(308,47%,46.25699098847105%)"><small>★</small><span class="username" data-name="SoulsTKR">SoulsTKR</span>:</strong> <em>xdxd</em></div><div class="spacer battle-history"><br></div><div class="battle-history">SoulsTKR sent out <strong>Gastrodon</strong>!<br></div><div class="battle-history"><small>Pointed stones dug into the opposing Gastrodon!</small><br></div><div class="spacer battle-history"><br></div><h2 class="battle-history">Turn 21</h2><div class="spacer battle-history"><br></div><div class="battle-history">Lanturn used <strong>Scald</strong>!<br></div><div class="battle-history"><small>(The opposing Gastrodon lost <abbr title="−58/426">13.6%</abbr> of its health!)</small><br></div><div class="spacer battle-history"><br></div><div class="battle-history">The opposing Gastrodon used <strong>Earth Power</strong>!<br></div><div class="battle-history"><small>It's super effective!</small><br></div><div class="battle-history"><small>(Lanturn lost <abbr title="−186/453">41.1%</abbr> of its health!)</small><br></div><div class="spacer battle-history"><br></div><div class="battle-history"><small>Lanturn restored a little HP using its Leftovers!</small><br></div><div class="battle-history"><small>The opposing Gastrodon restored a little HP using its Leftovers!</small><br></div><div class="spacer battle-history"><br></div><h2 class="battle-history">Turn 22</h2><div class="spacer battle-history"><br></div><div class="battle-history">Lanturn, come back!<br></div><div class="battle-history">Go! <strong>Tangela</strong>!<br></div><div class="battle-history"><small>Pointed stones dug into Tangela!</small><br></div><div class="spacer battle-history"><br></div><div class="battle-history">The opposing Gastrodon used <strong>Earth Power</strong>!<br></div><div class="battle-history"><small>It's not very effective...</small><br></div><div class="battle-history"><small>(Tangela lost <abbr title="−63/334">18.9%</abbr> of its health!)</small><br></div><div class="spacer battle-history"><br></div><div class="battle-history"><small>The opposing Gastrodon restored a little HP using its Leftovers!</small><br></div><div class="spacer battle-history"><br></div><h2 class="battle-history">Turn 23</h2><div class="spacer battle-history"><br></div><div class="battle-history">The opposing Gastrodon used <strong>Protect</strong>!<br></div><div class="battle-history"><small>The opposing Gastrodon protected itself!</small><br></div><div class="spacer battle-history"><br></div><div class="battle-history">Tangela used <strong>Giga Drain</strong>!<br></div><div class="battle-history"><small>The opposing Gastrodon protected itself!</small><br></div><div class="spacer battle-history"><br></div><div class="battle-history"><small>The opposing Gastrodon restored a little HP using its Leftovers!</small><br></div><div class="spacer battle-history"><br></div><h2 class="battle-history">Turn 24</h2><div class="spacer battle-history"><br></div><div class="battle-history">SoulsTKR withdrew Gastrodon!<br></div><div class="battle-history">SoulsTKR sent out Rotom (<strong>Rotom-Fan</strong>)!<br></div><div class="battle-history"><small>Pointed stones dug into the opposing Rotom!</small><br></div><div class="spacer battle-history"><br></div><div class="battle-history">Tangela used <strong>Giga Drain</strong>!<br></div><div class="battle-history"><small>It's not very effective...</small><br></div><div class="battle-history"><small>(The opposing Rotom lost <abbr title="−40/241">16.6%</abbr> of its health!)</small><br></div><div class="battle-history"><small>The opposing Rotom had its energy drained!</small><br></div><div class="spacer battle-history"><br></div><h2 class="battle-history">Turn 25</h2><div class="spacer battle-history"><br></div><div class="battle-history">Tangela, come back!<br></div><div class="battle-history">Go! <strong>Lanturn</strong>!<br></div><div class="battle-history"><small>Pointed stones dug into Lanturn!</small><br></div><div class="spacer battle-history"><br></div><div class="battle-history">The opposing Rotom used <strong>Pain Split</strong>!<br></div><div class="battle-history"><small>The battlers shared their pain!</small><br></div><div class="spacer battle-history"><br></div><div class="battle-history"><small>Lanturn restored a little HP using its Leftovers!</small><br></div><div class="spacer battle-history"><br></div><h2 class="battle-history">Turn 26</h2><div class="spacer battle-history"><br></div><div class="battle-history">SoulsTKR withdrew Rotom!<br></div><div class="battle-history">SoulsTKR sent out <strong>Gastrodon</strong>!<br></div><div class="battle-history"><small>Pointed stones dug into the opposing Gastrodon!</small><br></div><div class="spacer battle-history"><br></div><div class="battle-history">Lanturn used <strong>Scald</strong>!<br></div><div class="battle-history"><small>(The opposing Gastrodon lost <abbr title="−66/426">15.5%</abbr> of its health!)</small><br></div><div class="battle-history"><small>The opposing Gastrodon was burned!</small><br></div><div class="spacer battle-history"><br></div><div class="battle-history"><small>Lanturn restored a little HP using its Leftovers!</small><br></div><div class="battle-history"><small>The opposing Gastrodon restored a little HP using its Leftovers!</small><br></div><div class="battle-history"><small>The opposing Gastrodon was hurt by its burn!</small><br></div><div class="spacer battle-history"><br></div><h2 class="battle-history">Turn 27</h2><div class="spacer battle-history"><br></div><div class="battle-history">Lanturn used <strong>Protect</strong>!<br></div><div class="battle-history"><small>Lanturn protected itself!</small><br></div><div class="spacer battle-history"><br></div><div class="battle-history">The opposing Gastrodon used <strong>Earth Power</strong>!<br></div><div class="battle-history"><small>Lanturn protected itself!</small><br></div><div class="spacer battle-history"><br></div><div class="battle-history"><small>Lanturn restored a little HP using its Leftovers!</small><br></div><div class="battle-history"><small>The opposing Gastrodon restored a little HP using its Leftovers!</small><br></div><div class="battle-history"><small>The opposing Gastrodon was hurt by its burn!</small><br></div><div class="spacer battle-history"><br></div><h2 class="battle-history">Turn 28</h2><div class="spacer battle-history"><br></div><div class="battle-history">Lanturn, come back!<br></div><div class="battle-history">Go! <strong>Primeape</strong>!<br></div><div class="battle-history"><small>Pointed stones dug into Primeape!</small><br></div><div class="spacer battle-history"><br></div><div class="battle-history">The opposing Gastrodon used <strong>Ice Beam</strong>!<br></div><div class="battle-history"><small>(Primeape lost <abbr title="−25/271">9.2%</abbr> of its health!)</small><br></div><div class="spacer battle-history"><br></div><div class="battle-history">Primeape fainted!<br></div><div class="spacer battle-history"><br></div><div class="battle-history"><small>The opposing Gastrodon restored a little HP using its Leftovers!</small><br></div><div class="battle-history"><small>The opposing Gastrodon was hurt by its burn!</small><br></div><div class="spacer battle-history"><br></div><div class="battle-history">Go! <strong>Pyroar</strong>!<br></div><div class="battle-history"><small>[Pyroar's Unnerve]</small><br><small>The opposing team is too nervous to eat Berries!</small><br></div><div class="battle-history"><small>Pointed stones dug into Pyroar!</small><br></div><div class="spacer battle-history"><br></div><h2 class="battle-history">Turn 29</h2><div class="spacer battle-history"><br></div><div class="battle-history">Pyroar used <strong>Hyper Voice</strong>!<br></div><div class="battle-history"><small>(The opposing Gastrodon lost <abbr title="−140/426">32.9%</abbr> of its health!)</small><br></div><div class="battle-history"><small>Pyroar lost some of its HP!</small><br></div><div class="spacer battle-history"><br></div><div class="battle-history">The opposing Gastrodon used <strong>Earth Power</strong>!<br></div><div class="battle-history"><small>It's super effective!</small><br></div><div class="battle-history"><small>(Pyroar lost <abbr title="−204/313">65.2%</abbr> of its health!)</small><br></div><div class="spacer battle-history"><br></div><div class="battle-history">Pyroar fainted!<br></div><div class="spacer battle-history"><br></div><div class="battle-history"><small>The opposing Gastrodon restored a little HP using its Leftovers!</small><br></div><div class="battle-history"><small>The opposing Gastrodon was hurt by its burn!</small><br></div><div class="spacer battle-history"><br></div><div class="battle-history">Go! <strong>Archeops</strong>!<br></div><div class="battle-history"><small>Pointed stones dug into Archeops!</small><br></div><div class="spacer battle-history"><br></div><h2 class="battle-history">Turn 30</h2><div class="spacer battle-history"><br></div><div class="battle-history">Archeops used <strong>Earthquake</strong>!<br></div><div class="battle-history"><small>(The opposing Gastrodon lost <abbr title="−65/426">15.3%</abbr> of its health!)</small><br></div><div class="spacer battle-history"><br></div><div class="battle-history">The opposing Gastrodon fainted!<br></div><div class="spacer battle-history"><br></div><div class="battle-history">SoulsTKR sent out Rotom (<strong>Rotom-Fan</strong>)!<br></div><div class="battle-history"><small>Pointed stones dug into the opposing Rotom!</small><br></div><div class="spacer battle-history"><br></div><h2 class="battle-history">Turn 31</h2><div class="spacer battle-history"><br></div><div class="battle-history">The opposing Rotom used <strong>Volt Switch</strong>!<br></div><div class="battle-history"><small>It's super effective!</small><br></div><div class="battle-history"><small>(Archeops lost <abbr title="−219/291">75.3%</abbr> of its health!)</small><br></div><div class="spacer battle-history"><br></div><div class="battle-history">Archeops fainted!<br></div><div class="spacer battle-history"><br></div><div class="battle-history">The opposing Rotom went back to SoulsTKR!<br></div><div class="battle-history">SoulsTKR sent out Audino (<strong>Audino-Mega</strong>)!<br></div><div class="battle-history"><small>Pointed stones dug into the opposing Audino!</small><br></div><div class="spacer battle-history"><br></div><div class="battle-history">Go! <strong>Tangela</strong>!<br></div><div class="battle-history"><small>Pointed stones dug into Tangela!</small><br></div><div class="spacer battle-history"><br></div><h2 class="battle-history">Turn 32</h2><div class="spacer battle-history"><br></div><div class="battle-history">Tangela used <strong>Toxic</strong>!<br></div><div class="battle-history"><small>The opposing Audino was badly poisoned!</small><br></div><div class="spacer battle-history"><br></div><div class="battle-history">The opposing Audino used <strong>Wish</strong>!<br></div><div class="spacer battle-history"><br></div><div class="battle-history"><small>The opposing Audino was hurt by poison!</small><br></div><div class="spacer battle-history"><br></div><h2 class="battle-history">Turn 33</h2><div class="spacer battle-history"><br></div><div class="battle-history">SoulsTKR withdrew Audino!<br></div><div class="battle-history">SoulsTKR sent out Rotom (<strong>Rotom-Fan</strong>)!<br></div><div class="battle-history"><small>Pointed stones dug into the opposing Rotom!</small><br></div><div class="spacer battle-history"><br></div><div class="battle-history">Tangela used <strong>Knock Off</strong>!<br></div><div class="battle-history"><small>(The opposing Rotom lost <abbr title="−27/241">11.2%</abbr> of its health!)</small><br></div><div class="battle-history"><small>Tangela knocked off the opposing Rotom's Choice Scarf!</small><br></div><div class="spacer battle-history"><br></div><div class="battle-history">The opposing Rotom fainted!<br></div><div class="spacer battle-history"><br></div><div class="battle-history">SoulsTKR sent out Audino (<strong>Audino-Mega</strong>)!<br></div><div class="battle-history"><small>Pointed stones dug into the opposing Audino!</small><br></div><div class="spacer battle-history"><br></div><h2 class="battle-history">Turn 34</h2><div class="spacer battle-history"><br></div><div class="battle-history"><small>SoulsTKR forfeited.</small><br></div><div class="spacer battle-history"><br></div><div class="battle-history"><strong>trollmylife</strong> won the battle!<br></div><div class="chat"><small>SoulsTKR left.</small></div></div><div class="inner-preempt"></div></div></div>
</div>
<script>
let daily = Math.floor(Date.now()/1000/60/60/24);document.write('<script src="https://play.pokemonshowdown.com/js/replay-embed.js?version'+daily+'"></'+'script>');
</script>
