<!DOCTYPE html>
<meta charset="utf-8" />
<!-- version 1 -->
<title>NU replay: Lªnd0rus vs. CookieEater123</title>
<style>
html,body {font-family:Verdana, sans-serif;font-size:10pt;margin:0;padding:0;}body{padding:12px 0;} .battle-log {font-family:Verdana, sans-serif;font-size:10pt;} .battle-log-inline {border:1px solid #AAAAAA;background:#EEF2F5;color:black;max-width:640px;margin:0 auto 80px;padding-bottom:5px;} .battle-log .inner {padding:4px 8px 0px 8px;} .battle-log .inner-preempt {padding:0 8px 4px 8px;} .battle-log .inner-after {margin-top:0.5em;} .battle-log h2 {margin:0.5em -8px;padding:4px 8px;border:1px solid #AAAAAA;background:#E0E7EA;border-left:0;border-right:0;font-family:Verdana, sans-serif;font-size:13pt;} .battle-log .chat {vertical-align:middle;padding:3px 0 3px 0;font-size:8pt;} .battle-log .chat strong {color:#40576A;} .battle-log .chat em {padding:1px 4px 1px 3px;color:#000000;font-style:normal;} .chat.mine {background:rgba(0,0,0,0.05);margin-left:-8px;margin-right:-8px;padding-left:8px;padding-right:8px;} .spoiler {color:#BBBBBB;background:#BBBBBB;padding:0px 3px;} .spoiler:hover, .spoiler:active, .spoiler-shown {color:#000000;background:#E2E2E2;padding:0px 3px;} .spoiler a {color:#BBBBBB;} .spoiler:hover a, .spoiler:active a, .spoiler-shown a {color:#2288CC;} .chat code, .chat .spoiler:hover code, .chat .spoiler:active code, .chat .spoiler-shown code {border:1px solid #C0C0C0;background:#EEEEEE;color:black;padding:0 2px;} .chat .spoiler code {border:1px solid #CCCCCC;background:#CCCCCC;color:#CCCCCC;} .battle-log .rated {padding:3px 4px;} .battle-log .rated strong {color:white;background:#89A;padding:1px 4px;border-radius:4px;} .spacer {margin-top:0.5em;} .message-announce {background:#6688AA;color:white;padding:1px 4px 2px;} .message-announce a, .broadcast-green a, .broadcast-blue a, .broadcast-red a {color:#DDEEFF;} .broadcast-green {background-color:#559955;color:white;padding:2px 4px;} .broadcast-blue {background-color:#6688AA;color:white;padding:2px 4px;} .infobox {border:1px solid #6688AA;padding:2px 4px;} .infobox-limited {max-height:200px;overflow:auto;overflow-x:hidden;} .broadcast-red {background-color:#AA5544;color:white;padding:2px 4px;} .message-learn-canlearn {font-weight:bold;color:#228822;text-decoration:underline;} .message-learn-cannotlearn {font-weight:bold;color:#CC2222;text-decoration:underline;} .message-effect-weak {font-weight:bold;color:#CC2222;} .message-effect-resist {font-weight:bold;color:#6688AA;} .message-effect-immune {font-weight:bold;color:#666666;} .message-learn-list {margin-top:0;margin-bottom:0;} .message-throttle-notice, .message-error {color:#992222;} .message-overflow, .chat small.message-overflow {font-size:0pt;} .message-overflow::before {font-size:9pt;content:'...';} .subtle {color:#3A4A66;}
</style>
<div class="wrapper replay-wrapper" style="max-width:1180px;margin:0 auto">
<input type="hidden" name="replayid" value="nu-526146262" />
<div class="battle"></div><div class="battle-log"></div><div class="replay-controls"></div><div class="replay-controls-2"></div>
<h1 style="font-weight:normal;text-align:center"><strong>NU</strong><br /><a href="http://pokemonshowdown.com/users/lnd0rus" class="subtle" target="_blank">Lªnd0rus</a> vs. <a href="http://pokemonshowdown.com/users/cookieeater123" class="subtle" target="_blank">CookieEater123</a></h1>
<script type="text/plain" class="battle-log-data">|j|Lªnd0rus
|j|CookieEater123
|player|p1|Lªnd0rus|70
|player|p2|CookieEater123|266
|gametype|singles
|gen|6
|tier|NU
|rated
|seed|30740,17549,52461,5061
|rule|Sleep Clause Mod: Limit one foe put to sleep
|rule|Species Clause: Limit one of each Pokémon
|rule|OHKO Clause: OHKO moves are banned
|rule|Moody Clause: Moody is banned
|rule|Evasion Moves Clause: Evasion moves are banned
|rule|Endless Battle Clause: Forcing endless battles is banned
|rule|HP Percentage Mod: HP is shown in percentages
|clearpoke
|poke|p1|Furfrou, M|item
|poke|p1|Lickilicky, F|item
|poke|p1|Kecleon, F|item
|poke|p1|Kangaskhan, F|item
|poke|p1|Audino, F|item
|poke|p1|Ditto|item
|poke|p2|Piloswine, F|item
|poke|p2|Persian, M|item
|poke|p2|Swoobat, F|item
|poke|p2|Braixen, M|item
|poke|p2|Electrode|item
|poke|p2|Vileplume, M|item
|rule|Swagger Clause: Swagger is banned
|rule|Baton Pass Clause: Limit one Baton Passer, can't pass Spe and other stats simultaneously
|teampreview
|choice|team 4, team 2, team 3, team 1, team 5, team 6|team 3, team 2, team 1, team 4, team 5, team 6
|
|start
|switch|p1a: Kangaskhan|Kangaskhan, F|414\/414
|switch|p2a: SimpleNEasy|Swoobat, F|275\/275
|turn|1
|choice|move icepunch|move calmmind
|
|move|p2a: SimpleNEasy|Calm Mind|p2a: SimpleNEasy
|-boost|p2a: SimpleNEasy|spa|2
|-boost|p2a: SimpleNEasy|spd|2
|move|p1a: Kangaskhan|Ice Punch|p2a: SimpleNEasy
|-supereffective|p2a: SimpleNEasy
|-damage|p2a: SimpleNEasy|0 fnt
|faint|p2a: SimpleNEasy
|
|upkeep
|choice||switch 6
|
|switch|p2a: Creeper|Vileplume, M|352\/352
|turn|2
|-message|CookieEater123 forfeited.
|
|win|Lªnd0rus
|player|p1
|player|p2
|l|CookieEater123
|raw|Lªnd0rus's rating: 1000 &rarr; <strong>1043<\/strong><br \/>(+43 for winning)
|raw|CookieEater123's rating: 1026 &rarr; <strong>1011<\/strong><br \/>(-15 for losing)</script>
</div>
<div class="battle-log battle-log-inline"><div class="inner"><div class="battle-options"></div><div class="inner"><div class="chat"><small>Lªnd0rus joined.</small></div><div class="chat"><small>CookieEater123 joined.</small></div><div class=""><small>Format:</small> <br><strong>NU</strong></div><div class="rated"><strong>Rated battle</strong></div><div class=""><small><em>Sleep Clause Mod:</em> Limit one foe put to sleep</small></div><div class=""><small><em>Species Clause:</em> Limit one of each Pokémon</small></div><div class=""><small><em>OHKO Clause:</em> OHKO moves are banned</small></div><div class=""><small><em>Moody Clause:</em> Moody is banned</small></div><div class=""><small><em>Evasion Moves Clause:</em> Evasion moves are banned</small></div><div class=""><small><em>Endless Battle Clause:</em> Forcing endless battles is banned</small></div><div class=""><small><em>HP Percentage Mod:</em> HP is shown in percentages</small></div><div class=""><small><em>Swagger Clause:</em> Swagger is banned</small></div><div class=""><small><em>Baton Pass Clause:</em> Limit one Baton Passer, can't pass Spe and other stats simultaneously</small></div><div class="chat battle-history"><strong>Lªnd0rus's team:</strong> <em style="color:#445566;display:block;">Furfrou / Lickilicky / Kecleon / Kangaskhan / Audino / Ditto</em></div><div class="chat battle-history"><strong>CookieEater123's team:</strong> <em style="color:#445566;display:block;">Piloswine / Persian / Swoobat / Braixen / Electrode / Vileplume</em></div><div class="spacer battle-history"><br></div><div class="battle-history">Battle started between Lªnd0rus and CookieEater123!<br></div><div class="spacer battle-history"><br></div><div class="battle-history">Go! <strong>Kangaskhan</strong>!<br></div><div class="spacer battle-history"><br></div><div class="battle-history">CookieEater123 sent out SimpleNEasy (<strong>Swoobat</strong>)!<br></div><div class="spacer battle-history"><br></div><h2 class="battle-history">Turn 1</h2><div class="spacer battle-history"><br></div><div class="battle-history">The opposing SimpleNEasy used <strong>Calm Mind</strong>!<br></div><div class="battle-history"><small>The opposing SimpleNEasy's Special Attack rose sharply!</small><br></div><div class="battle-history"><small>The opposing SimpleNEasy's Special Defense rose sharply!</small><br></div><div class="spacer battle-history"><br></div><div class="battle-history">Kangaskhan used <strong>Ice Punch</strong>!<br></div><div class="battle-history"><small>It's super effective!</small><br></div><div class="battle-history"><small>(The opposing SimpleNEasy lost <abbr title="−275/275">100%</abbr> of its health!)</small><br></div><div class="spacer battle-history"><br></div><div class="battle-history">The opposing SimpleNEasy fainted!<br></div><div class="spacer battle-history"><br></div><div class="battle-history">CookieEater123 sent out Creeper (<strong>Vileplume</strong>)!<br></div><div class="spacer battle-history"><br></div><h2 class="battle-history">Turn 2</h2><div class="spacer battle-history"><br></div><div class="battle-history"><small>CookieEater123 forfeited.</small><br></div><div class="spacer battle-history"><br></div><div class="battle-history"><strong>Lªnd0rus</strong> won the battle!<br></div><div class="chat"><small>CookieEater123 left.</small></div><div class="chat">Lªnd0rus's rating: 1000 → <strong>1043</strong><br>(+43 for winning)</div><div class="chat">CookieEater123's rating: 1026 → <strong>1011</strong><br>(-15 for losing)</div></div><div class="inner-preempt"></div></div></div>
</div>
<script>
let daily = Math.floor(Date.now()/1000/60/60/24);document.write('<script src="https://play.pokemonshowdown.com/js/replay-embed.js?version'+daily+'"></'+'script>');
</script>
