<!DOCTYPE html>
<meta charset="utf-8" />
<!-- version 1 -->
<title>NU replay: Nu deity vs. EdoMinato_OP</title>
<style>
html,body {font-family:Verdana, sans-serif;font-size:10pt;margin:0;padding:0;}body{padding:12px 0;} .battle-log {font-family:Verdana, sans-serif;font-size:10pt;} .battle-log-inline {border:1px solid #AAAAAA;background:#EEF2F5;color:black;max-width:640px;margin:0 auto 80px;padding-bottom:5px;} .battle-log .inner {padding:4px 8px 0px 8px;} .battle-log .inner-preempt {padding:0 8px 4px 8px;} .battle-log .inner-after {margin-top:0.5em;} .battle-log h2 {margin:0.5em -8px;padding:4px 8px;border:1px solid #AAAAAA;background:#E0E7EA;border-left:0;border-right:0;font-family:Verdana, sans-serif;font-size:13pt;} .battle-log .chat {vertical-align:middle;padding:3px 0 3px 0;font-size:8pt;} .battle-log .chat strong {color:#40576A;} .battle-log .chat em {padding:1px 4px 1px 3px;color:#000000;font-style:normal;} .chat.mine {background:rgba(0,0,0,0.05);margin-left:-8px;margin-right:-8px;padding-left:8px;padding-right:8px;} .spoiler {color:#BBBBBB;background:#BBBBBB;padding:0px 3px;} .spoiler:hover, .spoiler:active, .spoiler-shown {color:#000000;background:#E2E2E2;padding:0px 3px;} .spoiler a {color:#BBBBBB;} .spoiler:hover a, .spoiler:active a, .spoiler-shown a {color:#2288CC;} .chat code, .chat .spoiler:hover code, .chat .spoiler:active code, .chat .spoiler-shown code {border:1px solid #C0C0C0;background:#EEEEEE;color:black;padding:0 2px;} .chat .spoiler code {border:1px solid #CCCCCC;background:#CCCCCC;color:#CCCCCC;} .battle-log .rated {padding:3px 4px;} .battle-log .rated strong {color:white;background:#89A;padding:1px 4px;border-radius:4px;} .spacer {margin-top:0.5em;} .message-announce {background:#6688AA;color:white;padding:1px 4px 2px;} .message-announce a, .broadcast-green a, .broadcast-blue a, .broadcast-red a {color:#DDEEFF;} .broadcast-green {background-color:#559955;color:white;padding:2px 4px;} .broadcast-blue {background-color:#6688AA;color:white;padding:2px 4px;} .infobox {border:1px solid #6688AA;padding:2px 4px;} .infobox-limited {max-height:200px;overflow:auto;overflow-x:hidden;} .broadcast-red {background-color:#AA5544;color:white;padding:2px 4px;} .message-learn-canlearn {font-weight:bold;color:#228822;text-decoration:underline;} .message-learn-cannotlearn {font-weight:bold;color:#CC2222;text-decoration:underline;} .message-effect-weak {font-weight:bold;color:#CC2222;} .message-effect-resist {font-weight:bold;color:#6688AA;} .message-effect-immune {font-weight:bold;color:#666666;} .message-learn-list {margin-top:0;margin-bottom:0;} .message-throttle-notice, .message-error {color:#992222;} .message-overflow, .chat small.message-overflow {font-size:0pt;} .message-overflow::before {font-size:9pt;content:'...';} .subtle {color:#3A4A66;}
</style>
<div class="wrapper replay-wrapper" style="max-width:1180px;margin:0 auto">
<input type="hidden" name="replayid" value="nu-527606934" />
<div class="battle"></div><div class="battle-log"></div><div class="replay-controls"></div><div class="replay-controls-2"></div>
<h1 style="font-weight:normal;text-align:center"><strong>NU</strong><br /><a href="http://pokemonshowdown.com/users/nudeity" class="subtle" target="_blank">Nu deity</a> vs. <a href="http://pokemonshowdown.com/users/edominatoop" class="subtle" target="_blank">EdoMinato_OP</a></h1>
<script type="text/plain" class="battle-log-data">|j|Nu deity
|j|EdoMinato_OP
|player|p1|Nu deity|13
|player|p2|EdoMinato_OP|163
|gametype|singles
|gen|6
|tier|NU
|rated
|seed|18447,34880,43357,45765
|rule|Sleep Clause Mod: Limit one foe put to sleep
|rule|Species Clause: Limit one of each Pokémon
|rule|OHKO Clause: OHKO moves are banned
|rule|Moody Clause: Moody is banned
|rule|Evasion Moves Clause: Evasion moves are banned
|rule|Endless Battle Clause: Forcing endless battles is banned
|rule|HP Percentage Mod: HP is shown in percentages
|clearpoke
|poke|p1|Camerupt, M, shiny|item
|poke|p1|Ludicolo, F, shiny|item
|poke|p1|Rhydon, M|item
|poke|p1|Mr. Mime, F|item
|poke|p1|Drifblim, M|item
|poke|p1|Pawniard, F|item
|poke|p2|Leavanny, M|item
|poke|p2|Mismagius, F|item
|poke|p2|Kabutops, F|item
|poke|p2|Charizard, F|item
|poke|p2|Electivire, F|item
|poke|p2|Cryogonal|item
|rule|Swagger Clause: Swagger is banned
|rule|Baton Pass Clause: Limit one Baton Passer, can't pass Spe and other stats simultaneously
|teampreview
|choice|team 6, team 2, team 3, team 4, team 5, team 1|team 5, team 2, team 3, team 4, team 1, team 6
|
|start
|switch|p1a: Pawniard|Pawniard, F|231\/231
|switch|p2a: Electivire|Electivire, F|291\/291
|turn|1
|choice|switch 5|move crosschop
|
|switch|p1a: Drifblim|Drifblim, M|441\/441
|move|p2a: Electivire|Cross Chop|p1a: Drifblim
|-immune|p1a: Drifblim|[msg]
|
|upkeep
|turn|2
|choice|switch 3|move thunderpunch
|
|switch|p1a: Rhydon|Rhydon, M|351\/351
|move|p2a: Electivire|Thunder Punch|p1a: Rhydon
|-immune|p1a: Rhydon|[msg]
|
|upkeep
|turn|3
|choice|move rockblast|move earthquake
|
|move|p2a: Electivire|Earthquake|p1a: Rhydon
|-supereffective|p1a: Rhydon
|-damage|p1a: Rhydon|166\/351
|-damage|p2a: Electivire|262\/291|[from] item: Life Orb
|move|p1a: Rhydon|Rock Blast|p2a: Electivire
|-crit|p2a: Electivire
|-damage|p2a: Electivire|163\/291
|-crit|p2a: Electivire
|-damage|p2a: Electivire|72\/291
|-damage|p2a: Electivire|12\/291
|-damage|p2a: Electivire|0 fnt
|-hitcount|p2a: Electivire|4
|faint|p2a: Electivire
|
|upkeep
|choice||switch 6
|
|switch|p2a: Cryogonal|Cryogonal|281\/281
|turn|4
|choice|switch 6|move icebeam
|
|switch|p1a: Camerupt|Camerupt, M, shiny|343\/343
|move|p2a: Cryogonal|Ice Beam|p1a: Camerupt
|-damage|p1a: Camerupt|232\/343
|
|upkeep
|turn|5
|choice|move earthpower|switch 3
|
|switch|p2a: Kabutops|Kabutops, F|261\/261
|move|p1a: Camerupt|Earth Power|p2a: Kabutops
|-supereffective|p2a: Kabutops
|-damage|p2a: Kabutops|0 fnt
|faint|p2a: Kabutops
|
|upkeep
|-message|EdoMinato_OP forfeited.
|
|win|Nu deity
|player|p1
|player|p2
|l|EdoMinato_OP</script>
</div>
<div class="battle-log battle-log-inline"><div class="inner"><div class="battle-options"></div><div class="inner"><div class="chat"><small>Nu deity joined.</small></div><div class="chat"><small>EdoMinato_OP joined.</small></div><div class=""><small>Format:</small> <br><strong>NU</strong></div><div class="rated"><strong>Rated battle</strong></div><div class=""><small><em>Sleep Clause Mod:</em> Limit one foe put to sleep</small></div><div class=""><small><em>Species Clause:</em> Limit one of each Pokémon</small></div><div class=""><small><em>OHKO Clause:</em> OHKO moves are banned</small></div><div class=""><small><em>Moody Clause:</em> Moody is banned</small></div><div class=""><small><em>Evasion Moves Clause:</em> Evasion moves are banned</small></div><div class=""><small><em>Endless Battle Clause:</em> Forcing endless battles is banned</small></div><div class=""><small><em>HP Percentage Mod:</em> HP is shown in percentages</small></div><div class=""><small><em>Swagger Clause:</em> Swagger is banned</small></div><div class=""><small><em>Baton Pass Clause:</em> Limit one Baton Passer, can't pass Spe and other stats simultaneously</small></div><div class="chat battle-history"><strong>Nu deity's team:</strong> <em style="color:#445566;display:block;">Camerupt / Ludicolo / Rhydon / Mr. Mime / Drifblim / Pawniard</em></div><div class="chat battle-history"><strong>EdoMinato_OP's team:</strong> <em style="color:#445566;display:block;">Leavanny / Mismagius / Kabutops / Charizard / Electivire / Cryogonal</em></div><div class="spacer battle-history"><br></div><div class="battle-history">Battle started between Nu deity and EdoMinato_OP!<br></div><div class="spacer battle-history"><br></div><div class="battle-history">Go! <strong>Pawniard</strong>!<br></div><div class="spacer battle-history"><br></div><div class="battle-history">EdoMinato_OP sent out <strong>Electivire</strong>!<br></div><div class="spacer battle-history"><br></div><h2 class="battle-history">Turn 1</h2><div class="spacer battle-history"><br></div><div class="battle-history">Pawniard, come back!<br></div><div class="battle-history">Go! <strong>Drifblim</strong>!<br></div><div class="spacer battle-history"><br></div><div class="battle-history">The opposing Electivire used <strong>Cross Chop</strong>!<br></div><div class="battle-history"><small>It doesn't affect Drifblim...</small><br></div><div class="spacer battle-history"><br></div><h2 class="battle-history">Turn 2</h2><div class="spacer battle-history"><br></div><div class="battle-history">Drifblim, come back!<br></div><div class="battle-history">Go! <strong>Rhydon</strong>!<br></div><div class="spacer battle-history"><br></div><div class="battle-history">The opposing Electivire used <strong>Thunder Punch</strong>!<br></div><div class="battle-history"><small>It doesn't affect Rhydon...</small><br></div><div class="spacer battle-history"><br></div><h2 class="battle-history">Turn 3</h2><div class="spacer battle-history"><br></div><div class="battle-history">The opposing Electivire used <strong>Earthquake</strong>!<br></div><div class="battle-history"><small>It's super effective!</small><br></div><div class="battle-history"><small>(Rhydon lost <abbr title="−185/351">52.7%</abbr> of its health!)</small><br></div><div class="battle-history"><small>The opposing Electivire lost some of its HP!</small><br></div><div class="spacer battle-history"><br></div><div class="battle-history">Rhydon used <strong>Rock Blast</strong>!<br></div><div class="battle-history"><small>A critical hit!</small><br></div><div class="battle-history"><small>(The opposing Electivire lost <abbr title="−99/291">34.0%</abbr> of its health!)</small><br></div><div class="battle-history"><small>A critical hit!</small><br></div><div class="battle-history"><small>(The opposing Electivire lost <abbr title="−91/291">31.3%</abbr> of its health!)</small><br></div><div class="battle-history"><small>(The opposing Electivire lost <abbr title="−60/291">20.6%</abbr> of its health!)</small><br></div><div class="battle-history"><small>(The opposing Electivire lost <abbr title="−12/291">4.1%</abbr> of its health!)</small><br></div><div class="battle-history"><small>Hit 4 times!</small><br></div><div class="spacer battle-history"><br></div><div class="battle-history">The opposing Electivire fainted!<br></div><div class="spacer battle-history"><br></div><div class="battle-history">EdoMinato_OP sent out <strong>Cryogonal</strong>!<br></div><div class="spacer battle-history"><br></div><h2 class="battle-history">Turn 4</h2><div class="spacer battle-history"><br></div><div class="battle-history">Rhydon, come back!<br></div><div class="battle-history">Go! <strong>Camerupt</strong>!<br></div><div class="spacer battle-history"><br></div><div class="battle-history">The opposing Cryogonal used <strong>Ice Beam</strong>!<br></div><div class="battle-history"><small>(Camerupt lost <abbr title="−111/343">32.4%</abbr> of its health!)</small><br></div><div class="spacer battle-history"><br></div><h2 class="battle-history">Turn 5</h2><div class="spacer battle-history"><br></div><div class="battle-history">EdoMinato_OP withdrew Cryogonal!<br></div><div class="battle-history">EdoMinato_OP sent out <strong>Kabutops</strong>!<br></div><div class="spacer battle-history"><br></div><div class="battle-history">Camerupt used <strong>Earth Power</strong>!<br></div><div class="battle-history"><small>It's super effective!</small><br></div><div class="battle-history"><small>(The opposing Kabutops lost <abbr title="−261/261">100%</abbr> of its health!)</small><br></div><div class="spacer battle-history"><br></div><div class="battle-history">The opposing Kabutops fainted!<br></div><div class="spacer battle-history"><br></div><div class="battle-history"><small>EdoMinato_OP forfeited.</small><br></div><div class="spacer battle-history"><br></div><div class="battle-history"><strong>Nu deity</strong> won the battle!<br></div><div class="chat"><small>EdoMinato_OP left.</small></div></div><div class="inner-preempt"></div></div></div>
</div>
<script>
let daily = Math.floor(Date.now()/1000/60/60/24);document.write('<script src="https://play.pokemonshowdown.com/js/replay-embed.js?version'+daily+'"></'+'script>');
</script>
