<!DOCTYPE html>
<meta charset="utf-8" />
<!-- version 1 -->
<title>NU replay: Zaniu Schiaaa vs. LCezasfuck</title>
<style>
html,body {font-family:Verdana, sans-serif;font-size:10pt;margin:0;padding:0;}body{padding:12px 0;} .battle-log {font-family:Verdana, sans-serif;font-size:10pt;} .battle-log-inline {border:1px solid #AAAAAA;background:#EEF2F5;color:black;max-width:640px;margin:0 auto 80px;padding-bottom:5px;} .battle-log .inner {padding:4px 8px 0px 8px;} .battle-log .inner-preempt {padding:0 8px 4px 8px;} .battle-log .inner-after {margin-top:0.5em;} .battle-log h2 {margin:0.5em -8px;padding:4px 8px;border:1px solid #AAAAAA;background:#E0E7EA;border-left:0;border-right:0;font-family:Verdana, sans-serif;font-size:13pt;} .battle-log .chat {vertical-align:middle;padding:3px 0 3px 0;font-size:8pt;} .battle-log .chat strong {color:#40576A;} .battle-log .chat em {padding:1px 4px 1px 3px;color:#000000;font-style:normal;} .chat.mine {background:rgba(0,0,0,0.05);margin-left:-8px;margin-right:-8px;padding-left:8px;padding-right:8px;} .spoiler {color:#BBBBBB;background:#BBBBBB;padding:0px 3px;} .spoiler:hover, .spoiler:active, .spoiler-shown {color:#000000;background:#E2E2E2;padding:0px 3px;} .spoiler a {color:#BBBBBB;} .spoiler:hover a, .spoiler:active a, .spoiler-shown a {color:#2288CC;} .chat code, .chat .spoiler:hover code, .chat .spoiler:active code, .chat .spoiler-shown code {border:1px solid #C0C0C0;background:#EEEEEE;color:black;padding:0 2px;} .chat .spoiler code {border:1px solid #CCCCCC;background:#CCCCCC;color:#CCCCCC;} .battle-log .rated {padding:3px 4px;} .battle-log .rated strong {color:white;background:#89A;padding:1px 4px;border-radius:4px;} .spacer {margin-top:0.5em;} .message-announce {background:#6688AA;color:white;padding:1px 4px 2px;} .message-announce a, .broadcast-green a, .broadcast-blue a, .broadcast-red a {color:#DDEEFF;} .broadcast-green {background-color:#559955;color:white;padding:2px 4px;} .broadcast-blue {background-color:#6688AA;color:white;padding:2px 4px;} .infobox {border:1px solid #6688AA;padding:2px 4px;} .infobox-limited {max-height:200px;overflow:auto;overflow-x:hidden;} .broadcast-red {background-color:#AA5544;color:white;padding:2px 4px;} .message-learn-canlearn {font-weight:bold;color:#228822;text-decoration:underline;} .message-learn-cannotlearn {font-weight:bold;color:#CC2222;text-decoration:underline;} .message-effect-weak {font-weight:bold;color:#CC2222;} .message-effect-resist {font-weight:bold;color:#6688AA;} .message-effect-immune {font-weight:bold;color:#666666;} .message-learn-list {margin-top:0;margin-bottom:0;} .message-throttle-notice, .message-error {color:#992222;} .message-overflow, .chat small.message-overflow {font-size:0pt;} .message-overflow::before {font-size:9pt;content:'...';} .subtle {color:#3A4A66;}
</style>
<div class="wrapper replay-wrapper" style="max-width:1180px;margin:0 auto">
<input type="hidden" name="replayid" value="nu-502282147" />
<div class="battle"></div><div class="battle-log"></div><div class="replay-controls"></div><div class="replay-controls-2"></div>
<h1 style="font-weight:normal;text-align:center"><strong>NU</strong><br /><a href="http://pokemonshowdown.com/users/zaniuschiaaa" class="subtle" target="_blank">Zaniu Schiaaa</a> vs. <a href="http://pokemonshowdown.com/users/lcezasfuck" class="subtle" target="_blank">LCezasfuck</a></h1>
<script type="text/plain" class="battle-log-data">|j|Zaniu Schiaaa
|j|LCezasfuck
|player|p1|Zaniu Schiaaa|68
|player|p2|LCezasfuck|184
|gametype|singles
|gen|6
|tier|NU
|rated
|seed|10181,4590,39731,59591
|rule|Baton Pass Speed Clause: Limit one Baton Passer, can't pass Speed
|rule|Sleep Clause Mod: Limit one foe put to sleep
|rule|Species Clause: Limit one of each Pokémon
|rule|OHKO Clause: OHKO moves are banned
|rule|Moody Clause: Moody is banned
|rule|Evasion Moves Clause: Evasion moves are banned
|rule|Endless Battle Clause: Forcing endless battles is banned
|rule|HP Percentage Mod: HP is shown in percentages
|clearpoke
|poke|p1|Swellow, M|item
|poke|p1|Archeops, M|
|poke|p1|Mismagius, F|item
|poke|p1|Kangaskhan, F|item
|poke|p1|Murkrow, M|item
|poke|p1|Electivire, M|item
|poke|p2|Xatu, F|item
|poke|p2|Steelix, M|item
|poke|p2|Wartortle, F|item
|poke|p2|Roselia, M|item
|poke|p2|Audino, M|item
|poke|p2|Linoone, F|item
|rule|Swagger Clause: Swagger is banned
|rule|Baton Pass Clause: Limit one Baton Passer, can't pass Spe and other stats simultaneously
|teampreview
|c|★Zaniu Schiaaa|good luck m8 :)
|c|★LCezasfuck|U too :D
|choice|team 4, team 2, team 3, team 1, team 5, team 6|team 2, team 1, team 3, team 4, team 5, team 6
|
|start
|switch|p1a: Kangaskhan|Kangaskhan, F|351\/351
|switch|p2a: Steelix|Steelix, M|354\/354
|turn|1
|choice|move fakeout|move stealthrock
|
|move|p1a: Kangaskhan|Fake Out|p2a: Steelix
|-resisted|p2a: Steelix
|-damage|p2a: Steelix|342\/354
|cant|p2a: Steelix|flinch
|
|-heal|p2a: Steelix|354\/354|[from] item: Leftovers
|upkeep
|turn|2
|choice|switch 5|move toxic
|
|switch|p1a: Murkrow|Murkrow, M|323\/323
|move|p2a: Steelix|Toxic|p1a: Murkrow
|-status|p1a: Murkrow|tox
|
|-damage|p1a: Murkrow|303\/323 tox|[from] psn
|upkeep
|turn|3
|choice|move meanlook|move stealthrock
|
|move|p1a: Murkrow|Mean Look|p2a: Steelix
|-activate|p2a: Steelix|trapped
|move|p2a: Steelix|Stealth Rock|p1a: Murkrow
|-sidestart|p1: Zaniu Schiaaa|move: Stealth Rock
|
|-damage|p1a: Murkrow|263\/323 tox|[from] psn
|upkeep
|turn|4
|c|★LCezasfuck|lol
|choice|move featherdance|move roar
|
|move|p1a: Murkrow|Feather Dance|p2a: Steelix
|-unboost|p2a: Steelix|atk|2
|move|p2a: Steelix|Roar|p1a: Murkrow
|drag|p1a: Archeops|Archeops, M|291\/291
|-damage|p1a: Archeops|219\/291|[from] Stealth Rock
|
|upkeep
|turn|5
|c|★Zaniu Schiaaa|sigh
|choice|move earthpower|move roar
|
|move|p1a: Archeops|Earth Power|p2a: Steelix
|-supereffective|p2a: Steelix
|-damage|p2a: Steelix|138\/354
|move|p2a: Steelix|Roar|p1a: Archeops
|drag|p1a: Swellow|Swellow, M|261\/261
|-damage|p1a: Swellow|196\/261|[from] Stealth Rock
|
|-heal|p2a: Steelix|160\/354|[from] item: Leftovers
|-status|p1a: Swellow|tox|[from] item: Toxic Orb
|upkeep
|turn|6
|choice|move facade|switch 3
|
|switch|p2a: Wartortle|Wartortle, F|322\/322
|move|p1a: Swellow|Facade|p2a: Wartortle
|-damage|p2a: Wartortle|166\/322
|
|-damage|p1a: Swellow|180\/261 tox|[from] psn
|upkeep
|turn|7
|choice|move facade|move scald
|
|move|p1a: Swellow|Facade|p2a: Wartortle
|-damage|p2a: Wartortle|1\/322
|move|p2a: Wartortle|Scald|p1a: Swellow
|-damage|p1a: Swellow|56\/261 tox
|
|-damage|p1a: Swellow|24\/261 tox|[from] psn
|upkeep
|turn|8
|choice|move uturn|move scald
|
|move|p1a: Swellow|U-turn|p2a: Wartortle
|-damage|p2a: Wartortle|0 fnt
|faint|p2a: Wartortle
|choice|switch 6|
|
|switch|p1a: Electivire|Electivire, M|354\/354
|-damage|p1a: Electivire|310\/354|[from] Stealth Rock
|
|upkeep
|choice||switch 5
|
|switch|p2a: Audino|Audino, M|410\/410
|turn|9
|choice|move hammerarm|move wish
|
|move|p1a: Electivire|Hammer Arm|p2a: Audino|[miss]
|-miss|p1a: Electivire|p2a: Audino
|move|p2a: Audino|Wish|p2a: Audino
|
|upkeep
|turn|10
|choice|move hammerarm|switch 3
|
|switch|p2a: Steelix|Steelix, M|160\/354
|move|p1a: Electivire|Hammer Arm|p2a: Steelix
|-supereffective|p2a: Steelix
|-damage|p2a: Steelix|46\/354
|-unboost|p1a: Electivire|spe|1
|
|-heal|p2a: Steelix|251\/354|[from] move: Wish|[wisher] Audino
|-heal|p2a: Steelix|273\/354|[from] item: Leftovers
|upkeep
|turn|11
|choice|move firepunch|move toxic
|
|move|p1a: Electivire|Fire Punch|p2a: Steelix
|-supereffective|p2a: Steelix
|-damage|p2a: Steelix|191\/354
|move|p2a: Steelix|Toxic|p1a: Electivire
|-status|p1a: Electivire|tox
|
|-heal|p2a: Steelix|213\/354|[from] item: Leftovers
|-damage|p1a: Electivire|288\/354 tox|[from] psn
|upkeep
|turn|12
|choice|move hammerarm|switch 3
|
|switch|p2a: Audino|Audino, M|410\/410
|move|p1a: Electivire|Hammer Arm|p2a: Audino|[miss]
|-miss|p1a: Electivire|p2a: Audino
|
|-damage|p1a: Electivire|244\/354 tox|[from] psn
|upkeep
|turn|13
|choice|move voltswitch|move wish mega
|
|detailschange|p2a: Audino|Audino-Mega, M
|-mega|p2a: Audino|Audino|Audinite
|move|p2a: Audino|Wish|p2a: Audino
|move|p1a: Electivire|Volt Switch|p2a: Audino
|-damage|p2a: Audino|362\/410
|choice|switch 3|
|
|switch|p1a: Mismagius|Mismagius, F|261\/261
|-damage|p1a: Mismagius|229\/261|[from] Stealth Rock
|
|upkeep
|turn|14
|choice|move nastyplot|move flamethrower
|
|move|p1a: Mismagius|Nasty Plot|p1a: Mismagius
|-boost|p1a: Mismagius|spa|2
|move|p2a: Audino|Flamethrower|p1a: Mismagius
|-damage|p1a: Mismagius|178\/261
|
|-heal|p2a: Audino|410\/410|[from] move: Wish|[wisher] Audino
|upkeep
|turn|15
|choice|move nastyplot|move wish
|
|move|p1a: Mismagius|Nasty Plot|p1a: Mismagius
|-boost|p1a: Mismagius|spa|2
|move|p2a: Audino|Wish|p2a: Audino
|
|upkeep
|turn|16
|choice|move thunderbolt|move flamethrower
|
|move|p1a: Mismagius|Thunderbolt|p2a: Audino
|-crit|p2a: Audino
|-damage|p2a: Audino|80\/410
|-damage|p1a: Mismagius|152\/261|[from] item: Life Orb
|move|p2a: Audino|Flamethrower|p1a: Mismagius
|-damage|p1a: Mismagius|99\/261
|
|-heal|p2a: Audino|285\/410|[from] move: Wish|[wisher] Audino
|upkeep
|turn|17
|choice|move thunderbolt|move flamethrower
|
|move|p1a: Mismagius|Thunderbolt|p2a: Audino
|-damage|p2a: Audino|50\/410
|-damage|p1a: Mismagius|73\/261|[from] item: Life Orb
|move|p2a: Audino|Flamethrower|p1a: Mismagius
|-damage|p1a: Mismagius|19\/261
|
|upkeep
|turn|18
|choice|move shadowball|move protect
|
|move|p2a: Audino|Protect|p2a: Audino
|-singleturn|p2a: Audino|Protect
|move|p1a: Mismagius|Shadow Ball|p2a: Audino
|-immune|p2a: Audino|[msg]
|
|upkeep
|turn|19
|choice|move energyball|move wish
|
|move|p1a: Mismagius|Energy Ball|p2a: Audino
|-damage|p2a: Audino|0 fnt
|-damage|p1a: Mismagius|0 fnt|[from] item: Life Orb
|faint|p2a: Audino
|faint|p1a: Mismagius
|
|upkeep
|choice|switch 6|switch 4
|
|switch|p1a: Swellow|Swellow, M|24\/261 tox
|switch|p2a: Roselia|Roselia, M|303\/303
|-damage|p1a: Swellow|0 fnt|[from] Stealth Rock
|faint|p1a: Swellow
|choice|switch 4|
|
|switch|p1a: Archeops|Archeops, M|219\/291
|-damage|p1a: Archeops|147\/291|[from] Stealth Rock
|turn|20
|choice|move acrobatics|switch 3
|
|switch|p2a: Steelix|Steelix, M|213\/354
|move|p1a: Archeops|Acrobatics|p2a: Steelix
|-resisted|p2a: Steelix
|-damage|p2a: Steelix|170\/354
|
|-heal|p2a: Steelix|192\/354|[from] item: Leftovers
|upkeep
|turn|21
|choice|move earthpower|switch 2
|
|switch|p2a: Xatu|Xatu, F|334\/334
|move|p1a: Archeops|Earth Power|p2a: Xatu
|-immune|p2a: Xatu|[msg]
|
|upkeep
|turn|22
|choice|move stoneedge|move psychic
|
|move|p1a: Archeops|Stone Edge|p2a: Xatu
|-supereffective|p2a: Xatu
|-damage|p2a: Xatu|20\/334
|move|p2a: Xatu|Psychic|p1a: Archeops
|-damage|p1a: Archeops|9\/291
|
|-heal|p2a: Xatu|40\/334|[from] item: Leftovers
|upkeep
|turn|23
|choice|move crunch|move roost
|
|move|p1a: Archeops|Crunch|p2a: Xatu
|-supereffective|p2a: Xatu
|-damage|p2a: Xatu|0 fnt
|faint|p2a: Xatu
|
|upkeep
|choice||switch 6
|
|switch|p2a: Linoone|Linoone, F|298\/298
|turn|24
|choice|move acrobatics|move bellydrum
|
|move|p1a: Archeops|Acrobatics|p2a: Linoone
|-damage|p2a: Linoone|148\/298
|-enditem|p2a: Linoone|Sitrus Berry|[eat]
|-heal|p2a: Linoone|222\/298|[from] item: Sitrus Berry
|move|p2a: Linoone|Belly Drum|p2a: Linoone
|-damage|p2a: Linoone|73\/298
|-setboost|p2a: Linoone|atk|6|[from] move: Belly Drum
|
|upkeep
|turn|25
|c|★LCezasfuck|oop
|choice|move acrobatics|move extremespeed
|
|move|p2a: Linoone|Extreme Speed|p1a: Archeops
|-resisted|p1a: Archeops
|-damage|p1a: Archeops|0 fnt
|faint|p1a: Archeops
|
|upkeep
|choice|switch 5|
|
|switch|p1a: Kangaskhan|Kangaskhan, F|351\/351
|-damage|p1a: Kangaskhan|308\/351|[from] Stealth Rock
|turn|26
|choice|move fakeout|switch 2
|
|switch|p2a: Steelix|Steelix, M|192\/354
|move|p1a: Kangaskhan|Fake Out|p2a: Steelix
|-resisted|p2a: Steelix
|-damage|p2a: Steelix|181\/354
|
|-heal|p2a: Steelix|203\/354|[from] item: Leftovers
|upkeep
|turn|27
|choice|move earthquake|move earthquake
|
|move|p1a: Kangaskhan|Earthquake|p2a: Steelix
|-supereffective|p2a: Steelix
|-damage|p2a: Steelix|143\/354
|move|p2a: Steelix|Earthquake|p1a: Kangaskhan
|-damage|p1a: Kangaskhan|191\/351
|
|-heal|p2a: Steelix|165\/354|[from] item: Leftovers
|upkeep
|turn|28
|choice|move earthquake|move roar
|
|move|p1a: Kangaskhan|Earthquake|p2a: Steelix
|-supereffective|p2a: Steelix
|-damage|p2a: Steelix|95\/354
|move|p2a: Steelix|Roar|p1a: Kangaskhan
|drag|p1a: Electivire|Electivire, M|244\/354 tox
|-damage|p1a: Electivire|200\/354 tox|[from] Stealth Rock
|
|-heal|p2a: Steelix|117\/354|[from] item: Leftovers
|-damage|p1a: Electivire|178\/354 tox|[from] psn
|upkeep
|turn|29
|choice|move hammerarm|switch 3
|
|switch|p2a: Roselia|Roselia, M|303\/303
|move|p1a: Electivire|Hammer Arm|p2a: Roselia|[miss]
|-miss|p1a: Electivire|p2a: Roselia
|
|-damage|p1a: Electivire|134\/354 tox|[from] psn
|upkeep
|turn|30
|choice|move icepunch|move sludgebomb
|
|move|p1a: Electivire|Ice Punch|p2a: Roselia
|-supereffective|p2a: Roselia
|-damage|p2a: Roselia|65\/303
|-status|p2a: Roselia|frz
|cant|p2a: Roselia|frz
|
|-damage|p1a: Electivire|68\/354 tox|[from] psn
|upkeep
|turn|31
|c|★LCezasfuck|oh
|c|★LCezasfuck|dafuq
|choice|move icepunch|move sludgebomb
|
|move|p1a: Electivire|Ice Punch|p2a: Roselia
|-supereffective|p2a: Roselia
|-damage|p2a: Roselia|0 fnt
|faint|p2a: Roselia
|
|-damage|p1a: Electivire|0 fnt|[from] psn
|upkeep
|faint|p1a: Electivire
|choice|switch 3|switch 2
|
|switch|p2a: Linoone|Linoone, F|73\/298
|switch|p1a: Kangaskhan|Kangaskhan, F|191\/351
|-damage|p1a: Kangaskhan|148\/351|[from] Stealth Rock
|turn|32
|choice|switch 2|switch 3
|
|switch|p2a: Steelix|Steelix, M|117\/354
|switch|p1a: Murkrow|Murkrow, M|263\/323 tox
|-damage|p1a: Murkrow|183\/323 tox|[from] Stealth Rock
|
|-heal|p2a: Steelix|139\/354|[from] item: Leftovers
|-damage|p1a: Murkrow|163\/323 tox|[from] psn
|upkeep
|turn|33
|choice|move featherdance|move roar
|
|move|p1a: Murkrow|Feather Dance|p2a: Steelix
|-unboost|p2a: Steelix|atk|2
|move|p2a: Steelix|Roar|p1a: Murkrow
|drag|p1a: Kangaskhan|Kangaskhan, F|148\/351
|-damage|p1a: Kangaskhan|105\/351|[from] Stealth Rock
|
|-heal|p2a: Steelix|161\/354|[from] item: Leftovers
|upkeep
|turn|34
|choice|move fakeout|move toxic
|
|move|p1a: Kangaskhan|Fake Out|p2a: Steelix
|-resisted|p2a: Steelix
|-damage|p2a: Steelix|149\/354
|cant|p2a: Steelix|flinch
|
|-heal|p2a: Steelix|171\/354|[from] item: Leftovers
|upkeep
|turn|35
|choice|move earthquake|move toxic
|
|move|p1a: Kangaskhan|Earthquake|p2a: Steelix
|-supereffective|p2a: Steelix
|-damage|p2a: Steelix|103\/354
|move|p2a: Steelix|Toxic|p1a: Kangaskhan
|-status|p1a: Kangaskhan|tox
|
|-heal|p2a: Steelix|125\/354|[from] item: Leftovers
|-damage|p1a: Kangaskhan|84\/351 tox|[from] psn
|upkeep
|turn|36
|choice|move earthquake|move earthquake
|
|move|p1a: Kangaskhan|Earthquake|p2a: Steelix
|-supereffective|p2a: Steelix
|-damage|p2a: Steelix|57\/354
|move|p2a: Steelix|Earthquake|p1a: Kangaskhan
|-damage|p1a: Kangaskhan|24\/351 tox
|
|-heal|p2a: Steelix|79\/354|[from] item: Leftovers
|-damage|p1a: Kangaskhan|0 fnt|[from] psn
|upkeep
|faint|p1a: Kangaskhan
|c|★LCezasfuck|gg
|c|★Zaniu Schiaaa|gg
|choice|switch 2|
|
|switch|p1a: Murkrow|Murkrow, M|163\/323 tox
|-damage|p1a: Murkrow|83\/323 tox|[from] Stealth Rock
|turn|37
|choice|move roost|move earthquake
|
|move|p1a: Murkrow|Roost|p1a: Murkrow
|-heal|p1a: Murkrow|245\/323 tox
|move|p2a: Steelix|Earthquake|p1a: Murkrow
|-damage|p1a: Murkrow|182\/323 tox
|
|-heal|p2a: Steelix|101\/354|[from] item: Leftovers
|-damage|p1a: Murkrow|162\/323 tox|[from] psn
|upkeep
|turn|38
|choice|move perishsong|move earthquake
|
|move|p1a: Murkrow|Perish Song|p1a: Murkrow
|-start|p1a: Murkrow|perish3|[silent]
|-start|p2a: Steelix|perish3|[silent]
|-fieldactivate|move: Perish Song
|move|p2a: Steelix|Earthquake|p1a: Murkrow
|-immune|p1a: Murkrow|[msg]
|
|-start|p1a: Murkrow|perish3
|-start|p2a: Steelix|perish3
|-heal|p2a: Steelix|123\/354|[from] item: Leftovers
|-damage|p1a: Murkrow|122\/323 tox|[from] psn
|upkeep
|turn|39
|choice|move featherdance|switch 3
|
|switch|p2a: Linoone|Linoone, F|73\/298
|move|p1a: Murkrow|Feather Dance|p2a: Linoone
|-unboost|p2a: Linoone|atk|2
|
|-start|p1a: Murkrow|perish2
|-damage|p1a: Murkrow|62\/323 tox|[from] psn
|upkeep
|turn|40
|c|★Zaniu Schiaaa|oops i forgot mean look lol
|c|★Zaniu Schiaaa|doesnt matter anw
|c|★LCezasfuck|lol
|-message|Zaniu Schiaaa forfeited.
|
|win|LCezasfuck
|player|p1
|player|p2
|c|★LCezasfuck|btw u died
|l|Zaniu Schiaaa
|raw|Zaniu Schiaaa's rating: 1158 &rarr; <strong>1149<\/strong><br \/>(-9 for losing)
|raw|LCezasfuck's rating: 1419 &rarr; <strong>1426<\/strong><br \/>(+7 for winning)</script>
</div>
<div class="battle-log battle-log-inline"><div class="inner"><div class="battle-options"></div><div class="inner"><div class="chat"><small>Zaniu Schiaaa joined.</small></div><div class="chat"><small>LCezasfuck joined.</small></div><div class=""><small>Format:</small> <br><strong>NU</strong></div><div class="rated"><strong>Rated battle</strong></div><div class=""><small><em>Baton Pass Speed Clause:</em> Limit one Baton Passer, can't pass Speed</small></div><div class=""><small><em>Sleep Clause Mod:</em> Limit one foe put to sleep</small></div><div class=""><small><em>Species Clause:</em> Limit one of each Pokémon</small></div><div class=""><small><em>OHKO Clause:</em> OHKO moves are banned</small></div><div class=""><small><em>Moody Clause:</em> Moody is banned</small></div><div class=""><small><em>Evasion Moves Clause:</em> Evasion moves are banned</small></div><div class=""><small><em>Endless Battle Clause:</em> Forcing endless battles is banned</small></div><div class=""><small><em>HP Percentage Mod:</em> HP is shown in percentages</small></div><div class=""><small><em>Swagger Clause:</em> Swagger is banned</small></div><div class=""><small><em>Baton Pass Clause:</em> Limit one Baton Passer, can't pass Spe and other stats simultaneously</small></div><div class="chat battle-history"><strong>Zaniu Schiaaa's team:</strong> <em style="color:#445566;display:block;">Swellow / Archeops / Mismagius / Kangaskhan / Murkrow / Electivire</em></div><div class="chat battle-history"><strong>LCezasfuck's team:</strong> <em style="color:#445566;display:block;">Xatu / Steelix / Wartortle / Roselia / Audino / Linoone</em></div><div class="chat chatmessage-zaniuschiaaa"><strong style="color:hsl(17,75%,46%)"><small>★</small><span class="username" data-name="Zaniu Schiaaa">Zaniu Schiaaa</span>:</strong> <em>good luck m8 :)</em></div><div class="chat chatmessage-lcezasfuck"><strong style="color:hsl(63,60%,38.09380051909%)"><small>★</small><span class="username" data-name="LCezasfuck">LCezasfuck</span>:</strong> <em>U too :D</em></div><div class="spacer battle-history"><br></div><div class="battle-history">Battle started between Zaniu Schiaaa and LCezasfuck!<br></div><div class="spacer battle-history"><br></div><div class="battle-history">Go! <strong>Kangaskhan</strong>!<br></div><div class="spacer battle-history"><br></div><div class="battle-history">LCezasfuck sent out <strong>Steelix</strong>!<br></div><div class="spacer battle-history"><br></div><h2 class="battle-history">Turn 1</h2><div class="spacer battle-history"><br></div><div class="battle-history">Kangaskhan used <strong>Fake Out</strong>!<br></div><div class="battle-history"><small>It's not very effective...</small><br></div><div class="battle-history"><small>(The opposing Steelix lost <abbr title="−12/354">3.4%</abbr> of its health!)</small><br></div><div class="spacer battle-history"><br></div><div class="battle-history">The opposing Steelix flinched and couldn't move!<br></div><div class="spacer battle-history"><br></div><div class="battle-history"><small>The opposing Steelix restored a little HP using its Leftovers!</small><br></div><div class="spacer battle-history"><br></div><h2 class="battle-history">Turn 2</h2><div class="spacer battle-history"><br></div><div class="battle-history">Kangaskhan, come back!<br></div><div class="battle-history">Go! <strong>Murkrow</strong>!<br></div><div class="spacer battle-history"><br></div><div class="battle-history">The opposing Steelix used <strong>Toxic</strong>!<br></div><div class="battle-history"><small>Murkrow was badly poisoned!</small><br></div><div class="spacer battle-history"><br></div><div class="battle-history"><small>Murkrow was hurt by poison!</small><br></div><div class="spacer battle-history"><br></div><h2 class="battle-history">Turn 3</h2><div class="spacer battle-history"><br></div><div class="battle-history">Murkrow used <strong>Mean Look</strong>!<br></div><div class="battle-history"><small>The opposing Steelix can no longer escape!</small><br></div><div class="spacer battle-history"><br></div><div class="battle-history">The opposing Steelix used <strong>Stealth Rock</strong>!<br></div><div class="battle-history"><small>Pointed stones float in the air around your team!</small><br></div><div class="spacer battle-history"><br></div><div class="battle-history"><small>Murkrow was hurt by poison!</small><br></div><div class="spacer battle-history"><br></div><h2 class="battle-history">Turn 4</h2><div class="chat chatmessage-lcezasfuck"><strong style="color:hsl(63,60%,38.09380051909%)"><small>★</small><span class="username" data-name="LCezasfuck">LCezasfuck</span>:</strong> <em>lol</em></div><div class="spacer battle-history"><br></div><div class="battle-history">Murkrow used <strong>Feather Dance</strong>!<br></div><div class="battle-history"><small>The opposing Steelix's Attack fell harshly!</small><br></div><div class="spacer battle-history"><br></div><div class="battle-history">The opposing Steelix used <strong>Roar</strong>!<br></div><div class="spacer battle-history"><br></div><div class="battle-history"><strong>Archeops</strong> was dragged out!<br></div><div class="battle-history"><small>Pointed stones dug into Archeops!</small><br></div><div class="spacer battle-history"><br></div><h2 class="battle-history">Turn 5</h2><div class="chat chatmessage-zaniuschiaaa"><strong style="color:hsl(17,75%,46%)"><small>★</small><span class="username" data-name="Zaniu Schiaaa">Zaniu Schiaaa</span>:</strong> <em>sigh</em></div><div class="spacer battle-history"><br></div><div class="battle-history">Archeops used <strong>Earth Power</strong>!<br></div><div class="battle-history"><small>It's super effective!</small><br></div><div class="battle-history"><small>(The opposing Steelix lost <abbr title="−216/354">61.0%</abbr> of its health!)</small><br></div><div class="spacer battle-history"><br></div><div class="battle-history">The opposing Steelix used <strong>Roar</strong>!<br></div><div class="spacer battle-history"><br></div><div class="battle-history"><strong>Swellow</strong> was dragged out!<br></div><div class="battle-history"><small>Pointed stones dug into Swellow!</small><br></div><div class="spacer battle-history"><br></div><div class="battle-history"><small>The opposing Steelix restored a little HP using its Leftovers!</small><br></div><div class="battle-history"><small>Swellow was badly poisoned!</small><br></div><div class="spacer battle-history"><br></div><h2 class="battle-history">Turn 6</h2><div class="spacer battle-history"><br></div><div class="battle-history">LCezasfuck withdrew Steelix!<br></div><div class="battle-history">LCezasfuck sent out <strong>Wartortle</strong>!<br></div><div class="spacer battle-history"><br></div><div class="battle-history">Swellow used <strong>Facade</strong>!<br></div><div class="battle-history"><small>(The opposing Wartortle lost <abbr title="−156/322">48.4%</abbr> of its health!)</small><br></div><div class="spacer battle-history"><br></div><div class="battle-history"><small>Swellow was hurt by poison!</small><br></div><div class="spacer battle-history"><br></div><h2 class="battle-history">Turn 7</h2><div class="spacer battle-history"><br></div><div class="battle-history">Swellow used <strong>Facade</strong>!<br></div><div class="battle-history"><small>(The opposing Wartortle lost <abbr title="−165/322">51.2%</abbr> of its health!)</small><br></div><div class="spacer battle-history"><br></div><div class="battle-history">The opposing Wartortle used <strong>Scald</strong>!<br></div><div class="battle-history"><small>(Swellow lost <abbr title="−124/261">47.5%</abbr> of its health!)</small><br></div><div class="spacer battle-history"><br></div><div class="battle-history"><small>Swellow was hurt by poison!</small><br></div><div class="spacer battle-history"><br></div><h2 class="battle-history">Turn 8</h2><div class="spacer battle-history"><br></div><div class="battle-history">Swellow used <strong>U-turn</strong>!<br></div><div class="battle-history"><small>(The opposing Wartortle lost <abbr title="−1/322">0.3%</abbr> of its health!)</small><br></div><div class="spacer battle-history"><br></div><div class="battle-history">The opposing Wartortle fainted!<br></div><div class="spacer battle-history"><br></div><div class="battle-history">Swellow went back to Zaniu Schiaaa!<br></div><div class="battle-history">Go! <strong>Electivire</strong>!<br></div><div class="battle-history"><small>Pointed stones dug into Electivire!</small><br></div><div class="spacer battle-history"><br></div><div class="battle-history">LCezasfuck sent out <strong>Audino</strong>!<br></div><div class="spacer battle-history"><br></div><h2 class="battle-history">Turn 9</h2><div class="spacer battle-history"><br></div><div class="battle-history">Electivire used <strong>Hammer Arm</strong>!<br></div><div class="battle-history"><small>The opposing Audino avoided the attack!</small><br></div><div class="spacer battle-history"><br></div><div class="battle-history">The opposing Audino used <strong>Wish</strong>!<br></div><div class="spacer battle-history"><br></div><h2 class="battle-history">Turn 10</h2><div class="spacer battle-history"><br></div><div class="battle-history">LCezasfuck withdrew Audino!<br></div><div class="battle-history">LCezasfuck sent out <strong>Steelix</strong>!<br></div><div class="spacer battle-history"><br></div><div class="battle-history">Electivire used <strong>Hammer Arm</strong>!<br></div><div class="battle-history"><small>It's super effective!</small><br></div><div class="battle-history"><small>(The opposing Steelix lost <abbr title="−114/354">32.2%</abbr> of its health!)</small><br></div><div class="battle-history"><small>Electivire's Speed fell!</small><br></div><div class="spacer battle-history"><br></div><div class="battle-history"><small>Audino's wish came true!</small><br></div><div class="battle-history"><small>The opposing Steelix restored a little HP using its Leftovers!</small><br></div><div class="spacer battle-history"><br></div><h2 class="battle-history">Turn 11</h2><div class="spacer battle-history"><br></div><div class="battle-history">Electivire used <strong>Fire Punch</strong>!<br></div><div class="battle-history"><small>It's super effective!</small><br></div><div class="battle-history"><small>(The opposing Steelix lost <abbr title="−82/354">23.2%</abbr> of its health!)</small><br></div><div class="spacer battle-history"><br></div><div class="battle-history">The opposing Steelix used <strong>Toxic</strong>!<br></div><div class="battle-history"><small>Electivire was badly poisoned!</small><br></div><div class="spacer battle-history"><br></div><div class="battle-history"><small>The opposing Steelix restored a little HP using its Leftovers!</small><br></div><div class="battle-history"><small>Electivire was hurt by poison!</small><br></div><div class="spacer battle-history"><br></div><h2 class="battle-history">Turn 12</h2><div class="spacer battle-history"><br></div><div class="battle-history">LCezasfuck withdrew Steelix!<br></div><div class="battle-history">LCezasfuck sent out <strong>Audino</strong>!<br></div><div class="spacer battle-history"><br></div><div class="battle-history">Electivire used <strong>Hammer Arm</strong>!<br></div><div class="battle-history"><small>The opposing Audino avoided the attack!</small><br></div><div class="spacer battle-history"><br></div><div class="battle-history"><small>Electivire was hurt by poison!</small><br></div><div class="spacer battle-history"><br></div><h2 class="battle-history">Turn 13</h2><div class="spacer battle-history"><br></div><div class="battle-history"><small>The opposing Audino's Audinite is reacting to LCezasfuck's Mega Bracelet!</small><br>The opposing Audino has Mega Evolved into Mega Audino!<br></div><div class="spacer battle-history"><br></div><div class="battle-history">The opposing Audino used <strong>Wish</strong>!<br></div><div class="spacer battle-history"><br></div><div class="battle-history">Electivire used <strong>Volt Switch</strong>!<br></div><div class="battle-history"><small>(The opposing Audino lost <abbr title="−48/410">11.7%</abbr> of its health!)</small><br></div><div class="spacer battle-history"><br></div><div class="battle-history">Electivire went back to Zaniu Schiaaa!<br></div><div class="battle-history">Go! <strong>Mismagius</strong>!<br></div><div class="battle-history"><small>Pointed stones dug into Mismagius!</small><br></div><div class="spacer battle-history"><br></div><h2 class="battle-history">Turn 14</h2><div class="spacer battle-history"><br></div><div class="battle-history">Mismagius used <strong>Nasty Plot</strong>!<br></div><div class="battle-history"><small>Mismagius's Special Attack rose sharply!</small><br></div><div class="spacer battle-history"><br></div><div class="battle-history">The opposing Audino used <strong>Flamethrower</strong>!<br></div><div class="battle-history"><small>(Mismagius lost <abbr title="−51/261">19.5%</abbr> of its health!)</small><br></div><div class="spacer battle-history"><br></div><div class="battle-history"><small>Audino's wish came true!</small><br></div><div class="spacer battle-history"><br></div><h2 class="battle-history">Turn 15</h2><div class="spacer battle-history"><br></div><div class="battle-history">Mismagius used <strong>Nasty Plot</strong>!<br></div><div class="battle-history"><small>Mismagius's Special Attack rose sharply!</small><br></div><div class="spacer battle-history"><br></div><div class="battle-history">The opposing Audino used <strong>Wish</strong>!<br></div><div class="spacer battle-history"><br></div><h2 class="battle-history">Turn 16</h2><div class="spacer battle-history"><br></div><div class="battle-history">Mismagius used <strong>Thunderbolt</strong>!<br></div><div class="battle-history"><small>A critical hit!</small><br></div><div class="battle-history"><small>(The opposing Audino lost <abbr title="−330/410">80.5%</abbr> of its health!)</small><br></div><div class="battle-history"><small>Mismagius lost some of its HP!</small><br></div><div class="spacer battle-history"><br></div><div class="battle-history">The opposing Audino used <strong>Flamethrower</strong>!<br></div><div class="battle-history"><small>(Mismagius lost <abbr title="−53/261">20.3%</abbr> of its health!)</small><br></div><div class="spacer battle-history"><br></div><div class="battle-history"><small>Audino's wish came true!</small><br></div><div class="spacer battle-history"><br></div><h2 class="battle-history">Turn 17</h2><div class="spacer battle-history"><br></div><div class="battle-history">Mismagius used <strong>Thunderbolt</strong>!<br></div><div class="battle-history"><small>(The opposing Audino lost <abbr title="−235/410">57.3%</abbr> of its health!)</small><br></div><div class="battle-history"><small>Mismagius lost some of its HP!</small><br></div><div class="spacer battle-history"><br></div><div class="battle-history">The opposing Audino used <strong>Flamethrower</strong>!<br></div><div class="battle-history"><small>(Mismagius lost <abbr title="−54/261">20.7%</abbr> of its health!)</small><br></div><div class="spacer battle-history"><br></div><h2 class="battle-history">Turn 18</h2><div class="spacer battle-history"><br></div><div class="battle-history">The opposing Audino used <strong>Protect</strong>!<br></div><div class="battle-history"><small>The opposing Audino protected itself!</small><br></div><div class="spacer battle-history"><br></div><div class="battle-history">Mismagius used <strong>Shadow Ball</strong>!<br></div><div class="battle-history"><small>It doesn't affect the opposing Audino...</small><br></div><div class="spacer battle-history"><br></div><h2 class="battle-history">Turn 19</h2><div class="spacer battle-history"><br></div><div class="battle-history">Mismagius used <strong>Energy Ball</strong>!<br></div><div class="battle-history"><small>(The opposing Audino lost <abbr title="−50/410">12.2%</abbr> of its health!)</small><br></div><div class="battle-history"><small>Mismagius lost some of its HP!</small><br></div><div class="spacer battle-history"><br></div><div class="battle-history">The opposing Audino fainted!<br></div><div class="battle-history">Mismagius fainted!<br></div><div class="spacer battle-history"><br></div><div class="battle-history">Go! <strong>Swellow</strong>!<br></div><div class="spacer battle-history"><br></div><div class="battle-history">LCezasfuck sent out <strong>Roselia</strong>!<br></div><div class="battle-history"><small>Pointed stones dug into Swellow!</small><br></div><div class="spacer battle-history"><br></div><div class="battle-history">Swellow fainted!<br></div><div class="spacer battle-history"><br></div><div class="battle-history">Go! <strong>Archeops</strong>!<br></div><div class="battle-history"><small>Pointed stones dug into Archeops!</small><br></div><div class="spacer battle-history"><br></div><h2 class="battle-history">Turn 20</h2><div class="spacer battle-history"><br></div><div class="battle-history">LCezasfuck withdrew Roselia!<br></div><div class="battle-history">LCezasfuck sent out <strong>Steelix</strong>!<br></div><div class="spacer battle-history"><br></div><div class="battle-history">Archeops used <strong>Acrobatics</strong>!<br></div><div class="battle-history"><small>It's not very effective...</small><br></div><div class="battle-history"><small>(The opposing Steelix lost <abbr title="−43/354">12.1%</abbr> of its health!)</small><br></div><div class="spacer battle-history"><br></div><div class="battle-history"><small>The opposing Steelix restored a little HP using its Leftovers!</small><br></div><div class="spacer battle-history"><br></div><h2 class="battle-history">Turn 21</h2><div class="spacer battle-history"><br></div><div class="battle-history">LCezasfuck withdrew Steelix!<br></div><div class="battle-history">LCezasfuck sent out <strong>Xatu</strong>!<br></div><div class="spacer battle-history"><br></div><div class="battle-history">Archeops used <strong>Earth Power</strong>!<br></div><div class="battle-history"><small>It doesn't affect the opposing Xatu...</small><br></div><div class="spacer battle-history"><br></div><h2 class="battle-history">Turn 22</h2><div class="spacer battle-history"><br></div><div class="battle-history">Archeops used <strong>Stone Edge</strong>!<br></div><div class="battle-history"><small>It's super effective!</small><br></div><div class="battle-history"><small>(The opposing Xatu lost <abbr title="−314/334">94.0%</abbr> of its health!)</small><br></div><div class="spacer battle-history"><br></div><div class="battle-history">The opposing Xatu used <strong>Psychic</strong>!<br></div><div class="battle-history"><small>(Archeops lost <abbr title="−138/291">47.4%</abbr> of its health!)</small><br></div><div class="spacer battle-history"><br></div><div class="battle-history"><small>The opposing Xatu restored a little HP using its Leftovers!</small><br></div><div class="spacer battle-history"><br></div><h2 class="battle-history">Turn 23</h2><div class="spacer battle-history"><br></div><div class="battle-history">Archeops used <strong>Crunch</strong>!<br></div><div class="battle-history"><small>It's super effective!</small><br></div><div class="battle-history"><small>(The opposing Xatu lost <abbr title="−40/334">12.0%</abbr> of its health!)</small><br></div><div class="spacer battle-history"><br></div><div class="battle-history">The opposing Xatu fainted!<br></div><div class="spacer battle-history"><br></div><div class="battle-history">LCezasfuck sent out <strong>Linoone</strong>!<br></div><div class="spacer battle-history"><br></div><h2 class="battle-history">Turn 24</h2><div class="spacer battle-history"><br></div><div class="battle-history">Archeops used <strong>Acrobatics</strong>!<br></div><div class="battle-history"><small>(The opposing Linoone lost <abbr title="−150/298">50.3%</abbr> of its health!)</small><br></div><div class="battle-history"><small>The opposing Linoone ate its Sitrus Berry!</small><br></div><div class="battle-history"><small>The opposing Linoone restored HP using its Sitrus Berry!</small><br></div><div class="spacer battle-history"><br></div><div class="battle-history">The opposing Linoone used <strong>Belly Drum</strong>!<br></div><div class="battle-history"><small>(The opposing Linoone lost <abbr title="−149/298">50%</abbr> of its health!)</small><br></div><div class="battle-history"><small>The opposing Linoone cut its own HP and maximized its Attack!</small><br></div><div class="spacer battle-history"><br></div><h2 class="battle-history">Turn 25</h2><div class="chat chatmessage-lcezasfuck"><strong style="color:hsl(63,60%,38.09380051909%)"><small>★</small><span class="username" data-name="LCezasfuck">LCezasfuck</span>:</strong> <em>oop</em></div><div class="spacer battle-history"><br></div><div class="battle-history">The opposing Linoone used <strong>Extreme Speed</strong>!<br></div><div class="battle-history"><small>It's not very effective...</small><br></div><div class="battle-history"><small>(Archeops lost <abbr title="−9/291">3.1%</abbr> of its health!)</small><br></div><div class="spacer battle-history"><br></div><div class="battle-history">Archeops fainted!<br></div><div class="spacer battle-history"><br></div><div class="battle-history">Go! <strong>Kangaskhan</strong>!<br></div><div class="battle-history"><small>Pointed stones dug into Kangaskhan!</small><br></div><div class="spacer battle-history"><br></div><h2 class="battle-history">Turn 26</h2><div class="spacer battle-history"><br></div><div class="battle-history">LCezasfuck withdrew Linoone!<br></div><div class="battle-history">LCezasfuck sent out <strong>Steelix</strong>!<br></div><div class="spacer battle-history"><br></div><div class="battle-history">Kangaskhan used <strong>Fake Out</strong>!<br></div><div class="battle-history"><small>It's not very effective...</small><br></div><div class="battle-history"><small>(The opposing Steelix lost <abbr title="−11/354">3.1%</abbr> of its health!)</small><br></div><div class="spacer battle-history"><br></div><div class="battle-history"><small>The opposing Steelix restored a little HP using its Leftovers!</small><br></div><div class="spacer battle-history"><br></div><h2 class="battle-history">Turn 27</h2><div class="spacer battle-history"><br></div><div class="battle-history">Kangaskhan used <strong>Earthquake</strong>!<br></div><div class="battle-history"><small>It's super effective!</small><br></div><div class="battle-history"><small>(The opposing Steelix lost <abbr title="−60/354">16.9%</abbr> of its health!)</small><br></div><div class="spacer battle-history"><br></div><div class="battle-history">The opposing Steelix used <strong>Earthquake</strong>!<br></div><div class="battle-history"><small>(Kangaskhan lost <abbr title="−117/351">33.3%</abbr> of its health!)</small><br></div><div class="spacer battle-history"><br></div><div class="battle-history"><small>The opposing Steelix restored a little HP using its Leftovers!</small><br></div><div class="spacer battle-history"><br></div><h2 class="battle-history">Turn 28</h2><div class="spacer battle-history"><br></div><div class="battle-history">Kangaskhan used <strong>Earthquake</strong>!<br></div><div class="battle-history"><small>It's super effective!</small><br></div><div class="battle-history"><small>(The opposing Steelix lost <abbr title="−70/354">19.8%</abbr> of its health!)</small><br></div><div class="spacer battle-history"><br></div><div class="battle-history">The opposing Steelix used <strong>Roar</strong>!<br></div><div class="spacer battle-history"><br></div><div class="battle-history"><strong>Electivire</strong> was dragged out!<br></div><div class="battle-history"><small>Pointed stones dug into Electivire!</small><br></div><div class="spacer battle-history"><br></div><div class="battle-history"><small>The opposing Steelix restored a little HP using its Leftovers!</small><br></div><div class="battle-history"><small>Electivire was hurt by poison!</small><br></div><div class="spacer battle-history"><br></div><h2 class="battle-history">Turn 29</h2><div class="spacer battle-history"><br></div><div class="battle-history">LCezasfuck withdrew Steelix!<br></div><div class="battle-history">LCezasfuck sent out <strong>Roselia</strong>!<br></div><div class="spacer battle-history"><br></div><div class="battle-history">Electivire used <strong>Hammer Arm</strong>!<br></div><div class="battle-history"><small>The opposing Roselia avoided the attack!</small><br></div><div class="spacer battle-history"><br></div><div class="battle-history"><small>Electivire was hurt by poison!</small><br></div><div class="spacer battle-history"><br></div><h2 class="battle-history">Turn 30</h2><div class="spacer battle-history"><br></div><div class="battle-history">Electivire used <strong>Ice Punch</strong>!<br></div><div class="battle-history"><small>It's super effective!</small><br></div><div class="battle-history"><small>(The opposing Roselia lost <abbr title="−238/303">78.5%</abbr> of its health!)</small><br></div><div class="battle-history"><small>The opposing Roselia was frozen solid!</small><br></div><div class="spacer battle-history"><br></div><div class="battle-history">The opposing Roselia is frozen solid!<br></div><div class="spacer battle-history"><br></div><div class="battle-history"><small>Electivire was hurt by poison!</small><br></div><div class="spacer battle-history"><br></div><h2 class="battle-history">Turn 31</h2><div class="chat chatmessage-lcezasfuck"><strong style="color:hsl(63,60%,38.09380051909%)"><small>★</small><span class="username" data-name="LCezasfuck">LCezasfuck</span>:</strong> <em>oh</em></div><div class="chat chatmessage-lcezasfuck"><strong style="color:hsl(63,60%,38.09380051909%)"><small>★</small><span class="username" data-name="LCezasfuck">LCezasfuck</span>:</strong> <em>dafuq</em></div><div class="spacer battle-history"><br></div><div class="battle-history">Electivire used <strong>Ice Punch</strong>!<br></div><div class="battle-history"><small>It's super effective!</small><br></div><div class="battle-history"><small>(The opposing Roselia lost <abbr title="−65/303">21.5%</abbr> of its health!)</small><br></div><div class="spacer battle-history"><br></div><div class="battle-history">The opposing Roselia fainted!<br></div><div class="spacer battle-history"><br></div><div class="battle-history"><small>Electivire was hurt by poison!</small><br></div><div class="spacer battle-history"><br></div><div class="battle-history">Electivire fainted!<br></div><div class="spacer battle-history"><br></div><div class="battle-history">LCezasfuck sent out <strong>Linoone</strong>!<br></div><div class="spacer battle-history"><br></div><div class="battle-history">Go! <strong>Kangaskhan</strong>!<br></div><div class="battle-history"><small>Pointed stones dug into Kangaskhan!</small><br></div><div class="spacer battle-history"><br></div><h2 class="battle-history">Turn 32</h2><div class="spacer battle-history"><br></div><div class="battle-history">LCezasfuck withdrew Linoone!<br></div><div class="battle-history">LCezasfuck sent out <strong>Steelix</strong>!<br></div><div class="spacer battle-history"><br></div><div class="battle-history">Kangaskhan, come back!<br></div><div class="battle-history">Go! <strong>Murkrow</strong>!<br></div><div class="battle-history"><small>Pointed stones dug into Murkrow!</small><br></div><div class="spacer battle-history"><br></div><div class="battle-history"><small>The opposing Steelix restored a little HP using its Leftovers!</small><br></div><div class="battle-history"><small>Murkrow was hurt by poison!</small><br></div><div class="spacer battle-history"><br></div><h2 class="battle-history">Turn 33</h2><div class="spacer battle-history"><br></div><div class="battle-history">Murkrow used <strong>Feather Dance</strong>!<br></div><div class="battle-history"><small>The opposing Steelix's Attack fell harshly!</small><br></div><div class="spacer battle-history"><br></div><div class="battle-history">The opposing Steelix used <strong>Roar</strong>!<br></div><div class="spacer battle-history"><br></div><div class="battle-history"><strong>Kangaskhan</strong> was dragged out!<br></div><div class="battle-history"><small>Pointed stones dug into Kangaskhan!</small><br></div><div class="spacer battle-history"><br></div><div class="battle-history"><small>The opposing Steelix restored a little HP using its Leftovers!</small><br></div><div class="spacer battle-history"><br></div><h2 class="battle-history">Turn 34</h2><div class="spacer battle-history"><br></div><div class="battle-history">Kangaskhan used <strong>Fake Out</strong>!<br></div><div class="battle-history"><small>It's not very effective...</small><br></div><div class="battle-history"><small>(The opposing Steelix lost <abbr title="−12/354">3.4%</abbr> of its health!)</small><br></div><div class="spacer battle-history"><br></div><div class="battle-history">The opposing Steelix flinched and couldn't move!<br></div><div class="spacer battle-history"><br></div><div class="battle-history"><small>The opposing Steelix restored a little HP using its Leftovers!</small><br></div><div class="spacer battle-history"><br></div><h2 class="battle-history">Turn 35</h2><div class="spacer battle-history"><br></div><div class="battle-history">Kangaskhan used <strong>Earthquake</strong>!<br></div><div class="battle-history"><small>It's super effective!</small><br></div><div class="battle-history"><small>(The opposing Steelix lost <abbr title="−68/354">19.2%</abbr> of its health!)</small><br></div><div class="spacer battle-history"><br></div><div class="battle-history">The opposing Steelix used <strong>Toxic</strong>!<br></div><div class="battle-history"><small>Kangaskhan was badly poisoned!</small><br></div><div class="spacer battle-history"><br></div><div class="battle-history"><small>The opposing Steelix restored a little HP using its Leftovers!</small><br></div><div class="battle-history"><small>Kangaskhan was hurt by poison!</small><br></div><div class="spacer battle-history"><br></div><h2 class="battle-history">Turn 36</h2><div class="spacer battle-history"><br></div><div class="battle-history">Kangaskhan used <strong>Earthquake</strong>!<br></div><div class="battle-history"><small>It's super effective!</small><br></div><div class="battle-history"><small>(The opposing Steelix lost <abbr title="−68/354">19.2%</abbr> of its health!)</small><br></div><div class="spacer battle-history"><br></div><div class="battle-history">The opposing Steelix used <strong>Earthquake</strong>!<br></div><div class="battle-history"><small>(Kangaskhan lost <abbr title="−60/351">17.1%</abbr> of its health!)</small><br></div><div class="spacer battle-history"><br></div><div class="battle-history"><small>The opposing Steelix restored a little HP using its Leftovers!</small><br></div><div class="battle-history"><small>Kangaskhan was hurt by poison!</small><br></div><div class="spacer battle-history"><br></div><div class="battle-history">Kangaskhan fainted!<br></div><div class="chat chatmessage-lcezasfuck"><strong style="color:hsl(63,60%,38.09380051909%)"><small>★</small><span class="username" data-name="LCezasfuck">LCezasfuck</span>:</strong> <em>gg</em></div><div class="chat chatmessage-zaniuschiaaa"><strong style="color:hsl(17,75%,46%)"><small>★</small><span class="username" data-name="Zaniu Schiaaa">Zaniu Schiaaa</span>:</strong> <em>gg</em></div><div class="spacer battle-history"><br></div><div class="battle-history">Go! <strong>Murkrow</strong>!<br></div><div class="battle-history"><small>Pointed stones dug into Murkrow!</small><br></div><div class="spacer battle-history"><br></div><h2 class="battle-history">Turn 37</h2><div class="spacer battle-history"><br></div><div class="battle-history">Murkrow used <strong>Roost</strong>!<br></div><div class="battle-history"><small>Murkrow restored its HP.</small><br></div><div class="spacer battle-history"><br></div><div class="battle-history">The opposing Steelix used <strong>Earthquake</strong>!<br></div><div class="battle-history"><small>(Murkrow lost <abbr title="−63/323">19.5%</abbr> of its health!)</small><br></div><div class="spacer battle-history"><br></div><div class="battle-history"><small>The opposing Steelix restored a little HP using its Leftovers!</small><br></div><div class="battle-history"><small>Murkrow was hurt by poison!</small><br></div><div class="spacer battle-history"><br></div><h2 class="battle-history">Turn 38</h2><div class="spacer battle-history"><br></div><div class="battle-history">Murkrow used <strong>Perish Song</strong>!<br></div><div class="battle-history"><small>All Pokémon that heard the song will faint in three turns!</small><br></div><div class="spacer battle-history"><br></div><div class="battle-history">The opposing Steelix used <strong>Earthquake</strong>!<br></div><div class="battle-history"><small>It doesn't affect Murkrow...</small><br></div><div class="spacer battle-history"><br></div><div class="battle-history"><small>Murkrow's perish count fell to 3.</small><br></div><div class="battle-history"><small>The opposing Steelix's perish count fell to 3.</small><br></div><div class="battle-history"><small>The opposing Steelix restored a little HP using its Leftovers!</small><br></div><div class="battle-history"><small>Murkrow was hurt by poison!</small><br></div><div class="spacer battle-history"><br></div><h2 class="battle-history">Turn 39</h2><div class="spacer battle-history"><br></div><div class="battle-history">LCezasfuck withdrew Steelix!<br></div><div class="battle-history">LCezasfuck sent out <strong>Linoone</strong>!<br></div><div class="spacer battle-history"><br></div><div class="battle-history">Murkrow used <strong>Feather Dance</strong>!<br></div><div class="battle-history"><small>The opposing Linoone's Attack fell harshly!</small><br></div><div class="spacer battle-history"><br></div><div class="battle-history"><small>Murkrow's perish count fell to 2.</small><br></div><div class="battle-history"><small>Murkrow was hurt by poison!</small><br></div><div class="spacer battle-history"><br></div><h2 class="battle-history">Turn 40</h2><div class="chat chatmessage-zaniuschiaaa"><strong style="color:hsl(17,75%,46%)"><small>★</small><span class="username" data-name="Zaniu Schiaaa">Zaniu Schiaaa</span>:</strong> <em>oops i forgot mean look lol</em></div><div class="chat chatmessage-zaniuschiaaa"><strong style="color:hsl(17,75%,46%)"><small>★</small><span class="username" data-name="Zaniu Schiaaa">Zaniu Schiaaa</span>:</strong> <em>doesnt matter anw</em></div><div class="chat chatmessage-lcezasfuck"><strong style="color:hsl(63,60%,38.09380051909%)"><small>★</small><span class="username" data-name="LCezasfuck">LCezasfuck</span>:</strong> <em>lol</em></div><div class="spacer battle-history"><br></div><div class="battle-history"><small>Zaniu Schiaaa forfeited.</small><br></div><div class="spacer battle-history"><br></div><div class="battle-history"><strong>LCezasfuck</strong> won the battle!<br></div><div class="chat chatmessage-lcezasfuck"><strong style="color:hsl(63,60%,38.09380051909%)"><small>★</small><span class="username" data-name="LCezasfuck">LCezasfuck</span>:</strong> <em>btw u died</em></div><div class="chat"><small>Zaniu Schiaaa left.</small></div><div class="chat">Zaniu Schiaaa's rating: 1158 → <strong>1149</strong><br>(-9 for losing)</div><div class="chat">LCezasfuck's rating: 1419 → <strong>1426</strong><br>(+7 for winning)</div></div><div class="inner-preempt"></div></div></div>
</div>
<script>
let daily = Math.floor(Date.now()/1000/60/60/24);document.write('<script src="https://play.pokemonshowdown.com/js/replay-embed.js?version'+daily+'"></'+'script>');
</script>
