<!DOCTYPE html>
<meta charset="utf-8" />
<!-- version 1 -->
<title>NU replay: thiagoharry vs. BrojinSiiiiiii</title>
<style>
html,body {font-family:Verdana, sans-serif;font-size:10pt;margin:0;padding:0;}body{padding:12px 0;} .battle-log {font-family:Verdana, sans-serif;font-size:10pt;} .battle-log-inline {border:1px solid #AAAAAA;background:#EEF2F5;color:black;max-width:640px;margin:0 auto 80px;padding-bottom:5px;} .battle-log .inner {padding:4px 8px 0px 8px;} .battle-log .inner-preempt {padding:0 8px 4px 8px;} .battle-log .inner-after {margin-top:0.5em;} .battle-log h2 {margin:0.5em -8px;padding:4px 8px;border:1px solid #AAAAAA;background:#E0E7EA;border-left:0;border-right:0;font-family:Verdana, sans-serif;font-size:13pt;} .battle-log .chat {vertical-align:middle;padding:3px 0 3px 0;font-size:8pt;} .battle-log .chat strong {color:#40576A;} .battle-log .chat em {padding:1px 4px 1px 3px;color:#000000;font-style:normal;} .chat.mine {background:rgba(0,0,0,0.05);margin-left:-8px;margin-right:-8px;padding-left:8px;padding-right:8px;} .spoiler {color:#BBBBBB;background:#BBBBBB;padding:0px 3px;} .spoiler:hover, .spoiler:active, .spoiler-shown {color:#000000;background:#E2E2E2;padding:0px 3px;} .spoiler a {color:#BBBBBB;} .spoiler:hover a, .spoiler:active a, .spoiler-shown a {color:#2288CC;} .chat code, .chat .spoiler:hover code, .chat .spoiler:active code, .chat .spoiler-shown code {border:1px solid #C0C0C0;background:#EEEEEE;color:black;padding:0 2px;} .chat .spoiler code {border:1px solid #CCCCCC;background:#CCCCCC;color:#CCCCCC;} .battle-log .rated {padding:3px 4px;} .battle-log .rated strong {color:white;background:#89A;padding:1px 4px;border-radius:4px;} .spacer {margin-top:0.5em;} .message-announce {background:#6688AA;color:white;padding:1px 4px 2px;} .message-announce a, .broadcast-green a, .broadcast-blue a, .broadcast-red a {color:#DDEEFF;} .broadcast-green {background-color:#559955;color:white;padding:2px 4px;} .broadcast-blue {background-color:#6688AA;color:white;padding:2px 4px;} .infobox {border:1px solid #6688AA;padding:2px 4px;} .infobox-limited {max-height:200px;overflow:auto;overflow-x:hidden;} .broadcast-red {background-color:#AA5544;color:white;padding:2px 4px;} .message-learn-canlearn {font-weight:bold;color:#228822;text-decoration:underline;} .message-learn-cannotlearn {font-weight:bold;color:#CC2222;text-decoration:underline;} .message-effect-weak {font-weight:bold;color:#CC2222;} .message-effect-resist {font-weight:bold;color:#6688AA;} .message-effect-immune {font-weight:bold;color:#666666;} .message-learn-list {margin-top:0;margin-bottom:0;} .message-throttle-notice, .message-error {color:#992222;} .message-overflow, .chat small.message-overflow {font-size:0pt;} .message-overflow::before {font-size:9pt;content:'...';} .subtle {color:#3A4A66;}
</style>
<div class="wrapper replay-wrapper" style="max-width:1180px;margin:0 auto">
<input type="hidden" name="replayid" value="nu-520545662" />
<div class="battle"></div><div class="battle-log"></div><div class="replay-controls"></div><div class="replay-controls-2"></div>
<h1 style="font-weight:normal;text-align:center"><strong>NU</strong><br /><a href="http://pokemonshowdown.com/users/thiagoharry" class="subtle" target="_blank">thiagoharry</a> vs. <a href="http://pokemonshowdown.com/users/brojinsiiiiiii" class="subtle" target="_blank">BrojinSiiiiiii</a></h1>
<script type="text/plain" class="battle-log-data">|j|thiagoharry
|j|BrojinSiiiiiii
|player|p1|thiagoharry|130
|player|p2|BrojinSiiiiiii|101
|gametype|singles
|gen|6
|tier|NU
|rated
|seed|52991,61102,61340,47612
|rule|Sleep Clause Mod: Limit one foe put to sleep
|rule|Species Clause: Limit one of each Pokémon
|rule|OHKO Clause: OHKO moves are banned
|rule|Moody Clause: Moody is banned
|rule|Evasion Moves Clause: Evasion moves are banned
|rule|Endless Battle Clause: Forcing endless battles is banned
|rule|HP Percentage Mod: HP is shown in percentages
|clearpoke
|poke|p1|Hypno, M|item
|poke|p1|Cradily, F|item
|poke|p1|Ditto|item
|poke|p1|Liepard, M|item
|poke|p1|Miltank, F|item
|poke|p1|Porygon|item
|poke|p2|Charizard, F, shiny|item
|poke|p2|Samurott, F, shiny|item
|poke|p2|Torterra, M, shiny|item
|poke|p2|Regirock, shiny|item
|poke|p2|Mesprit, shiny|item
|poke|p2|Audino, F, shiny|item
|rule|Swagger Clause: Swagger is banned
|rule|Baton Pass Clause: Limit one Baton Passer, can't pass Spe and other stats simultaneously
|teampreview
|choice|team 4, team 2, team 3, team 1, team 5, team 6|team 4, team 2, team 3, team 1, team 5, team 6
|
|start
|switch|p1a: Stalliepard|Liepard, M|270\/270
|switch|p2a: Lekgolo 🖼|Regirock, shiny|364\/364
|turn|1
|choice|move trick|move toxic
|
|move|p1a: Stalliepard|Trick|p2a: Lekgolo 🖼
|-activate|p1a: Stalliepard|move: Trick|[of] p2a: Lekgolo 🖼
|-item|p2a: Lekgolo 🖼|Choice Scarf|[from] move: Trick
|-item|p1a: Stalliepard|Leftovers|[from] move: Trick
|move|p2a: Lekgolo 🖼|Toxic|p1a: Stalliepard
|-status|p1a: Stalliepard|tox
|
|-damage|p1a: Stalliepard|254\/270 tox|[from] psn
|upkeep
|turn|2
|j|faldlkvpow
|c| faldlkvpow|mega audino is a chick
|choice|switch 6|switch 5
|
|switch|p1a: Ann Oying|Porygon|334\/334
|-ability|p1a: Ann Oying|Sturdy|[from] ability: Trace|[of] p2a: Lekgolo 🖼
|switch|p2a: Prophet of Regret|Mesprit, shiny|364\/364
|
|upkeep
|turn|3
|choice|move thunderwave|move thunderwave
|
|move|p2a: Prophet of Regret|Thunder Wave|p1a: Ann Oying
|-status|p1a: Ann Oying|par
|move|p1a: Ann Oying|Thunder Wave|p2a: Prophet of Regret
|-status|p2a: Prophet of Regret|par
|
|upkeep
|turn|4
|c|★thiagoharry|You will regret this
|choice|move substitute|move lightscreen
|
|move|p2a: Prophet of Regret|Light Screen|p2a: Prophet of Regret
|-sidestart|p2: BrojinSiiiiiii|move: Light Screen
|cant|p1a: Ann Oying|par
|
|upkeep
|turn|5
|choice|move substitute|move reflect
|
|move|p2a: Prophet of Regret|Reflect|p2a: Prophet of Regret
|-sidestart|p2: BrojinSiiiiiii|Reflect
|cant|p1a: Ann Oying|par
|
|upkeep
|turn|6
|choice|move substitute|move uturn
|
|move|p2a: Prophet of Regret|U-turn|p1a: Ann Oying
|-damage|p1a: Ann Oying|250\/334 par
|choice||switch 5
|
|switch|p2a: Lekgolo 🖼|Regirock, shiny|364\/364
|cant|p1a: Ann Oying|par
|
|upkeep
|turn|7
|choice|move substitute|move stealthrock
|
|move|p2a: Lekgolo 🖼|Stealth Rock|p1a: Ann Oying
|-sidestart|p1: thiagoharry|move: Stealth Rock
|move|p1a: Ann Oying|Substitute|p1a: Ann Oying
|-start|p1a: Ann Oying|Substitute
|-damage|p1a: Ann Oying|167\/334 par
|
|upkeep
|turn|8
|choice|move thunderwave|switch 4
|
|switch|p2a: Banshee 🔥|Charizard, F, shiny|297\/297
|move|p1a: Ann Oying|Thunder Wave|p2a: Banshee 🔥
|-status|p2a: Banshee 🔥|par
|
|upkeep
|turn|9
|choice|move recover|switch 6
|
|switch|p2a: Cortana ⚓|Audino, F, shiny|410\/410
|move|p1a: Ann Oying|Recover|p1a: Ann Oying
|-heal|p1a: Ann Oying|334\/334 par
|
|upkeep
|turn|10
|choice|move thunderwave|move calmmind mega
|
|detailschange|p2a: Cortana ⚓|Audino-Mega, F, shiny
|-mega|p2a: Cortana ⚓|Audino|Audinite
|move|p2a: Cortana ⚓|Calm Mind|p2a: Cortana ⚓
|-boost|p2a: Cortana ⚓|spa|1
|-boost|p2a: Cortana ⚓|spd|1
|move|p1a: Ann Oying|Thunder Wave|p2a: Cortana ⚓
|-status|p2a: Cortana ⚓|par
|
|upkeep
|turn|11
|choice|switch 5|move healbell
|
|switch|p1a: Most Magical Cow|Miltank, F|394\/394
|-damage|p1a: Most Magical Cow|345\/394|[from] Stealth Rock
|move|p2a: Cortana ⚓|Heal Bell|p2a: Cortana ⚓
|-activate|p2a: Cortana ⚓|move: Heal Bell
|-curestatus|p2a: Cortana ⚓|par|[msg]
|-curestatus|p2: Prophet of Regret|par|[msg]
|-curestatus|p2: Banshee 🔥|par|[msg]
|
|-heal|p1a: Most Magical Cow|369\/394|[from] item: Leftovers
|-sideend|p2: BrojinSiiiiiii|move: Light Screen
|upkeep
|turn|12
|choice|move block|move healbell
|
|move|p1a: Most Magical Cow|Block|p2a: Cortana ⚓
|-activate|p2a: Cortana ⚓|trapped
|move|p2a: Cortana ⚓|Heal Bell|p2a: Cortana ⚓
|-activate|p2a: Cortana ⚓|move: Heal Bell
|
|-heal|p1a: Most Magical Cow|393\/394|[from] item: Leftovers
|-sideend|p2: BrojinSiiiiiii|Reflect
|upkeep
|turn|13
|choice|move curse|move thunderwave
|
|move|p1a: Most Magical Cow|Curse|p1a: Most Magical Cow
|-unboost|p1a: Most Magical Cow|spe|1
|-boost|p1a: Most Magical Cow|atk|1
|-boost|p1a: Most Magical Cow|def|1
|move|p2a: Cortana ⚓|Thunder Wave|p1a: Most Magical Cow
|-status|p1a: Most Magical Cow|par
|
|-heal|p1a: Most Magical Cow|394\/394 par|[from] item: Leftovers
|upkeep
|turn|14
|choice|move curse|move calmmind
|
|move|p2a: Cortana ⚓|Calm Mind|p2a: Cortana ⚓
|-boost|p2a: Cortana ⚓|spa|1
|-boost|p2a: Cortana ⚓|spd|1
|move|p1a: Most Magical Cow|Curse|p1a: Most Magical Cow
|-unboost|p1a: Most Magical Cow|spe|1
|-boost|p1a: Most Magical Cow|atk|1
|-boost|p1a: Most Magical Cow|def|1
|
|upkeep
|turn|15
|choice|move curse|move calmmind
|
|move|p2a: Cortana ⚓|Calm Mind|p2a: Cortana ⚓
|-boost|p2a: Cortana ⚓|spa|1
|-boost|p2a: Cortana ⚓|spd|1
|move|p1a: Most Magical Cow|Curse|p1a: Most Magical Cow
|-unboost|p1a: Most Magical Cow|spe|1
|-boost|p1a: Most Magical Cow|atk|1
|-boost|p1a: Most Magical Cow|def|1
|
|upkeep
|turn|16
|choice|move curse|move calmmind
|
|move|p2a: Cortana ⚓|Calm Mind|p2a: Cortana ⚓
|-boost|p2a: Cortana ⚓|spa|1
|-boost|p2a: Cortana ⚓|spd|1
|move|p1a: Most Magical Cow|Curse|p1a: Most Magical Cow
|-unboost|p1a: Most Magical Cow|spe|1
|-boost|p1a: Most Magical Cow|atk|1
|-boost|p1a: Most Magical Cow|def|1
|
|upkeep
|turn|17
|c| faldlkvpow|mega audino is a chick
|choice|move curse|move calmmind
|
|move|p2a: Cortana ⚓|Calm Mind|p2a: Cortana ⚓
|-boost|p2a: Cortana ⚓|spa|1
|-boost|p2a: Cortana ⚓|spd|1
|cant|p1a: Most Magical Cow|par
|
|upkeep
|turn|18
|c| faldlkvpow|nice ass
|choice|move curse|move calmmind
|
|move|p2a: Cortana ⚓|Calm Mind|p2a: Cortana ⚓
|-boost|p2a: Cortana ⚓|spa|1
|-boost|p2a: Cortana ⚓|spd|1
|move|p1a: Most Magical Cow|Curse|p1a: Most Magical Cow
|-unboost|p1a: Most Magical Cow|spe|1
|-boost|p1a: Most Magical Cow|atk|1
|-boost|p1a: Most Magical Cow|def|1
|
|upkeep
|turn|19
|choice|move curse|move drainingkiss
|
|move|p2a: Cortana ⚓|Draining Kiss|p1a: Most Magical Cow
|-damage|p1a: Most Magical Cow|138\/394 par
|move|p1a: Most Magical Cow|Curse|p1a: Most Magical Cow
|-unboost|p1a: Most Magical Cow|spe|1
|-boost|p1a: Most Magical Cow|atk|1
|-boost|p1a: Most Magical Cow|def|1
|
|-heal|p1a: Most Magical Cow|162\/394 par|[from] item: Leftovers
|upkeep
|turn|20
|choice|move metronome|move drainingkiss
|
|move|p2a: Cortana ⚓|Draining Kiss|p1a: Most Magical Cow
|-damage|p1a: Most Magical Cow|0 fnt
|faint|p1a: Most Magical Cow
|
|upkeep
|choice|switch 3|
|
|switch|p1a: Better than You|Ditto|299\/299
|-damage|p1a: Better than You|262\/299|[from] Stealth Rock
|-transform|p1a: Better than You|p2a: Cortana ⚓|[from] ability: Imposter
|turn|21
|choice|move drainingkiss|move thunderwave
|
|move|p1a: Better than You|Draining Kiss|p2a: Cortana ⚓
|-damage|p2a: Cortana ⚓|373\/410
|-heal|p1a: Better than You|290\/299|[from] drain|[of] p2a: Cortana ⚓
|move|p2a: Cortana ⚓|Thunder Wave|p1a: Better than You
|-status|p1a: Better than You|par
|
|upkeep
|turn|22
|choice|move drainingkiss|move drainingkiss
|
|move|p2a: Cortana ⚓|Draining Kiss|p1a: Better than You
|-damage|p1a: Better than You|251\/299 par
|-heal|p2a: Cortana ⚓|403\/410|[from] drain|[of] p1a: Better than You
|move|p1a: Better than You|Draining Kiss|p2a: Cortana ⚓
|-damage|p2a: Cortana ⚓|369\/410
|-heal|p1a: Better than You|277\/299 par|[from] drain|[of] p2a: Cortana ⚓
|
|upkeep
|turn|23
|c| faldlkvpow|ohhhh wow 2 mega audino
|choice|move drainingkiss|move healbell
|
|move|p2a: Cortana ⚓|Heal Bell|p2a: Cortana ⚓
|-activate|p2a: Cortana ⚓|move: Heal Bell
|move|p1a: Better than You|Draining Kiss|p2a: Cortana ⚓
|-damage|p2a: Cortana ⚓|333\/410
|-heal|p1a: Better than You|299\/299 par|[from] drain|[of] p2a: Cortana ⚓
|
|upkeep
|turn|24
|c| faldlkvpow|niceeeee
|choice|move drainingkiss|move calmmind
|
|move|p2a: Cortana ⚓|Calm Mind|p2a: Cortana ⚓
|-boost|p2a: Cortana ⚓|spa|0
|-boost|p2a: Cortana ⚓|spd|0
|move|p1a: Better than You|Draining Kiss|p2a: Cortana ⚓
|-damage|p2a: Cortana ⚓|300\/410
|
|upkeep
|turn|25
|choice|switch 5|move calmmind
|
|switch|p1a: Ann Oying|Porygon|334\/334 par
|-damage|p1a: Ann Oying|293\/334 par|[from] Stealth Rock
|-ability|p1a: Ann Oying|Healer|[from] ability: Trace|[of] p2a: Cortana ⚓
|move|p2a: Cortana ⚓|Calm Mind|p2a: Cortana ⚓
|-boost|p2a: Cortana ⚓|spa|0
|-boost|p2a: Cortana ⚓|spd|0
|
|upkeep
|turn|26
|choice|move thunderwave|move drainingkiss
|
|move|p2a: Cortana ⚓|Draining Kiss|p1a: Ann Oying
|-damage|p1a: Ann Oying|131\/334 par
|-heal|p2a: Cortana ⚓|410\/410|[from] drain|[of] p1a: Ann Oying
|move|p1a: Ann Oying|Thunder Wave|p2a: Cortana ⚓
|-status|p2a: Cortana ⚓|par
|
|upkeep
|turn|27
|choice|move recover|move healbell
|
|move|p2a: Cortana ⚓|Heal Bell|p2a: Cortana ⚓
|-activate|p2a: Cortana ⚓|move: Heal Bell
|-curestatus|p2a: Cortana ⚓|par|[msg]
|cant|p1a: Ann Oying|par
|
|upkeep
|turn|28
|choice|move recover|move drainingkiss
|
|move|p2a: Cortana ⚓|Draining Kiss|p1a: Ann Oying
|-damage|p1a: Ann Oying|0 fnt
|faint|p1a: Ann Oying
|
|upkeep
|choice|switch 5|
|
|switch|p1a: Better than You|Ditto|299\/299 par
|-damage|p1a: Better than You|262\/299 par|[from] Stealth Rock
|-transform|p1a: Better than You|p2a: Cortana ⚓|[from] ability: Imposter
|turn|29
|choice|move drainingkiss|move calmmind
|
|move|p2a: Cortana ⚓|Calm Mind|p2a: Cortana ⚓
|-boost|p2a: Cortana ⚓|spa|0
|-boost|p2a: Cortana ⚓|spd|0
|move|p1a: Better than You|Draining Kiss|p2a: Cortana ⚓
|-damage|p2a: Cortana ⚓|374\/410
|-heal|p1a: Better than You|289\/299 par|[from] drain|[of] p2a: Cortana ⚓
|
|upkeep
|turn|30
|choice|switch 2|move calmmind
|
|switch|p1a: Hit me Like a Man|Cradily, F|376\/376
|-damage|p1a: Hit me Like a Man|329\/376|[from] Stealth Rock
|move|p2a: Cortana ⚓|Calm Mind|p2a: Cortana ⚓
|-boost|p2a: Cortana ⚓|spa|0
|-boost|p2a: Cortana ⚓|spd|0
|
|-heal|p1a: Hit me Like a Man|352\/376|[from] item: Leftovers
|upkeep
|turn|31
|c| faldlkvpow|oh mega audino nice ass
|choice|switch 2|move drainingkiss
|
|switch|p1a: Better than You|Ditto|289\/299 par
|-damage|p1a: Better than You|252\/299 par|[from] Stealth Rock
|-transform|p1a: Better than You|p2a: Cortana ⚓|[from] ability: Imposter
|move|p2a: Cortana ⚓|Draining Kiss|p1a: Better than You
|-crit|p1a: Better than You
|-damage|p1a: Better than You|20\/299 par
|-heal|p2a: Cortana ⚓|410\/410|[from] drain|[of] p1a: Better than You
|
|upkeep
|turn|32
|c| faldlkvpow|who want to have sex with mega audino
|c|★BrojinSiiiiiii|LOOOOL
|choice|move drainingkiss|move drainingkiss
|
|move|p2a: Cortana ⚓|Draining Kiss|p1a: Better than You
|-damage|p1a: Better than You|0 fnt
|faint|p1a: Better than You
|
|upkeep
|choice|switch 6|
|
|switch|p1a: Stalliepard|Liepard, M|254\/270 tox
|-damage|p1a: Stalliepard|221\/270 tox|[from] Stealth Rock
|turn|33
|choice|move spite|move drainingkiss
|
|move|p1a: Stalliepard|Spite|p2a: Cortana ⚓
|-activate|p2a: Cortana ⚓|move: Spite|Draining Kiss|4
|move|p2a: Cortana ⚓|Draining Kiss|p1a: Stalliepard
|-supereffective|p1a: Stalliepard
|-damage|p1a: Stalliepard|0 fnt
|faint|p1a: Stalliepard
|
|upkeep
|c| faldlkvpow|you?
|choice|switch 2|
|
|switch|p1a: Hit me Like a Man|Cradily, F|352\/376
|-damage|p1a: Hit me Like a Man|305\/376|[from] Stealth Rock
|turn|34
|choice|move stockpile|move drainingkiss
|
|move|p2a: Cortana ⚓|Draining Kiss|p1a: Hit me Like a Man
|-damage|p1a: Hit me Like a Man|163\/376
|move|p1a: Hit me Like a Man|Stockpile|p1a: Hit me Like a Man
|-start|p1a: Hit me Like a Man|stockpile1
|-boost|p1a: Hit me Like a Man|def|1
|-boost|p1a: Hit me Like a Man|spd|1
|
|-heal|p1a: Hit me Like a Man|186\/376|[from] item: Leftovers
|upkeep
|turn|35
|choice|move recover|move drainingkiss
|
|move|p2a: Cortana ⚓|Draining Kiss|p1a: Hit me Like a Man
|-damage|p1a: Hit me Like a Man|95\/376
|move|p1a: Hit me Like a Man|Recover|p1a: Hit me Like a Man
|-heal|p1a: Hit me Like a Man|283\/376
|
|-heal|p1a: Hit me Like a Man|306\/376|[from] item: Leftovers
|upkeep
|turn|36
|choice|move infestation|switch 4
|
|switch|p2a: Lekgolo 🖼|Regirock, shiny|364\/364
|move|p1a: Hit me Like a Man|Infestation|p2a: Lekgolo 🖼
|-damage|p2a: Lekgolo 🖼|349\/364
|-activate|p2a: Lekgolo 🖼|move: Infestation|[of] p1a: Hit me Like a Man
|
|-heal|p1a: Hit me Like a Man|329\/376|[from] item: Leftovers
|-damage|p2a: Lekgolo 🖼|304\/364|[from] move: Infestation|[partiallytrapped]
|upkeep
|turn|37
|choice|move stockpile|move toxic
|
|move|p2a: Lekgolo 🖼|Toxic|p1a: Hit me Like a Man|[miss]
|-miss|p2a: Lekgolo 🖼|p1a: Hit me Like a Man
|move|p1a: Hit me Like a Man|Stockpile|p1a: Hit me Like a Man
|-start|p1a: Hit me Like a Man|stockpile2
|-boost|p1a: Hit me Like a Man|def|1
|-boost|p1a: Hit me Like a Man|spd|1
|
|-heal|p1a: Hit me Like a Man|352\/376|[from] item: Leftovers
|-damage|p2a: Lekgolo 🖼|259\/364|[from] move: Infestation|[partiallytrapped]
|upkeep
|turn|38
|c| faldlkvpow|mega audino is a chick
|choice|move rest|move toxic
|
|move|p2a: Lekgolo 🖼|Toxic|p1a: Hit me Like a Man
|-status|p1a: Hit me Like a Man|tox
|move|p1a: Hit me Like a Man|Rest|p1a: Hit me Like a Man
|-status|p1a: Hit me Like a Man|slp
|-heal|p1a: Hit me Like a Man|376\/376 slp|[silent]
|-status|p1a: Hit me Like a Man|slp|[from] move: Rest
|
|-damage|p2a: Lekgolo 🖼|214\/364|[from] move: Infestation|[partiallytrapped]
|upkeep
|turn|39
|choice|move stockpile|move toxic
|
|move|p2a: Lekgolo 🖼|Toxic|p1a: Hit me Like a Man
|-fail|p1a: Hit me Like a Man
|cant|p1a: Hit me Like a Man|slp
|
|-damage|p2a: Lekgolo 🖼|169\/364|[from] move: Infestation|[partiallytrapped]
|upkeep
|turn|40
|choice|move stockpile|move toxic
|
|move|p2a: Lekgolo 🖼|Toxic|p1a: Hit me Like a Man
|-fail|p1a: Hit me Like a Man
|cant|p1a: Hit me Like a Man|slp
|
|-damage|p2a: Lekgolo 🖼|124\/364|[from] move: Infestation|[partiallytrapped]
|upkeep
|turn|41
|choice|move stockpile|move toxic
|
|move|p2a: Lekgolo 🖼|Toxic|p1a: Hit me Like a Man
|-fail|p1a: Hit me Like a Man
|-curestatus|p1a: Hit me Like a Man|slp|[msg]
|move|p1a: Hit me Like a Man|Stockpile|p1a: Hit me Like a Man
|-start|p1a: Hit me Like a Man|stockpile3
|-boost|p1a: Hit me Like a Man|def|1
|-boost|p1a: Hit me Like a Man|spd|1
|
|-end|p2a: Lekgolo 🖼|Infestation|[partiallytrapped]
|upkeep
|turn|42
|choice|move infestation|move toxic
|
|move|p2a: Lekgolo 🖼|Toxic|p1a: Hit me Like a Man
|-status|p1a: Hit me Like a Man|tox
|move|p1a: Hit me Like a Man|Infestation|p2a: Lekgolo 🖼
|-damage|p2a: Lekgolo 🖼|111\/364
|-activate|p2a: Lekgolo 🖼|move: Infestation|[of] p1a: Hit me Like a Man
|
|-damage|p1a: Hit me Like a Man|353\/376 tox|[from] psn
|-damage|p2a: Lekgolo 🖼|66\/364|[from] move: Infestation|[partiallytrapped]
|upkeep
|turn|43
|choice|move rest|move toxic
|
|move|p2a: Lekgolo 🖼|Toxic|p1a: Hit me Like a Man
|-fail|p1a: Hit me Like a Man|tox
|move|p1a: Hit me Like a Man|Rest|p1a: Hit me Like a Man
|-status|p1a: Hit me Like a Man|slp
|-heal|p1a: Hit me Like a Man|376\/376 slp|[silent]
|-status|p1a: Hit me Like a Man|slp|[from] move: Rest
|
|-damage|p2a: Lekgolo 🖼|21\/364|[from] move: Infestation|[partiallytrapped]
|upkeep
|turn|44
|c|★thiagoharry|At least I killed 1
|choice|move stockpile|move toxic
|
|move|p2a: Lekgolo 🖼|Toxic|p1a: Hit me Like a Man
|-fail|p1a: Hit me Like a Man
|cant|p1a: Hit me Like a Man|slp
|
|-damage|p2a: Lekgolo 🖼|0 fnt|[from] move: Infestation|[partiallytrapped]
|upkeep
|faint|p2a: Lekgolo 🖼
|c|★thiagoharry|And Audino is useless
|choice||switch 2
|
|switch|p2a: Energy Sword 💘|Samurott, F, shiny|331\/331
|turn|45
|c| faldlkvpow|no it's a chick
|c| faldlkvpow|nice boobs and ass
|c|★thiagoharry|Sorry, faldlkvpow, without PP, you wont see him anymore
|choice|move infestation|move swordsdance
|
|move|p2a: Energy Sword 💘|Swords Dance|p2a: Energy Sword 💘
|-boost|p2a: Energy Sword 💘|atk|2
|cant|p1a: Hit me Like a Man|slp
|
|upkeep
|turn|46
|c| faldlkvpow|him??
|choice|move infestation|move swordsdance
|
|move|p2a: Energy Sword 💘|Swords Dance|p2a: Energy Sword 💘
|-boost|p2a: Energy Sword 💘|atk|2
|-curestatus|p1a: Hit me Like a Man|slp|[msg]
|move|p1a: Hit me Like a Man|Infestation|p2a: Energy Sword 💘
|-damage|p2a: Energy Sword 💘|313\/331
|-activate|p2a: Energy Sword 💘|move: Infestation|[of] p1a: Hit me Like a Man
|
|-damage|p2a: Energy Sword 💘|272\/331|[from] move: Infestation|[partiallytrapped]
|upkeep
|turn|47
|c| faldlkvpow|mega audino is a chick
|choice|move recover|move swordsdance
|
|move|p2a: Energy Sword 💘|Swords Dance|p2a: Energy Sword 💘
|-boost|p2a: Energy Sword 💘|atk|2
|move|p1a: Hit me Like a Man|Recover|p1a: Hit me Like a Man
|-fail|p1a: Hit me Like a Man
|
|-damage|p2a: Energy Sword 💘|231\/331|[from] move: Infestation|[partiallytrapped]
|upkeep
|turn|48
|choice|move recover|move megahorn
|
|move|p2a: Energy Sword 💘|Megahorn|p1a: Hit me Like a Man|[miss]
|-miss|p2a: Energy Sword 💘|p1a: Hit me Like a Man
|move|p1a: Hit me Like a Man|Recover|p1a: Hit me Like a Man
|-fail|p1a: Hit me Like a Man
|
|-damage|p2a: Energy Sword 💘|190\/331|[from] move: Infestation|[partiallytrapped]
|upkeep
|turn|49
|choice|move recover|move megahorn
|
|move|p2a: Energy Sword 💘|Megahorn|p1a: Hit me Like a Man
|-supereffective|p1a: Hit me Like a Man
|-damage|p1a: Hit me Like a Man|0 fnt
|faint|p1a: Hit me Like a Man
|
|upkeep
|choice|switch 4|
|
|switch|p1a: Hypno|Hypno, M|374\/374
|-damage|p1a: Hypno|328\/374|[from] Stealth Rock
|turn|50
|choice|move barrier|move aquajet
|
|move|p2a: Energy Sword 💘|Aqua Jet|p1a: Hypno
|-damage|p1a: Hypno|79\/374
|move|p1a: Hypno|Barrier|p1a: Hypno
|-boost|p1a: Hypno|def|2
|
|upkeep
|turn|51
|choice|move assist|move waterfall
|
|move|p2a: Energy Sword 💘|Waterfall|p1a: Hypno
|-damage|p1a: Hypno|0 fnt
|faint|p1a: Hypno
|
|win|BrojinSiiiiiii
|player|p1
|player|p2
|c|★BrojinSiiiiiii|Hahahahhahahahauaahyaauuaauauayuaauuaa
|c|★BrojinSiiiiiii|Sorry
|c|★thiagoharry|gg
|c|★BrojinSiiiiiii|LOOOLLL
|c|★BrojinSiiiiiii|GG</script>
</div>
<div class="battle-log battle-log-inline"><div class="inner"><div class="battle-options"></div><div class="inner"><div class="chat"><small>thiagoharry joined.</small></div><div class="chat"><small>BrojinSiiiiiii joined.</small></div><div class=""><small>Format:</small> <br><strong>NU</strong></div><div class="rated"><strong>Rated battle</strong></div><div class=""><small><em>Sleep Clause Mod:</em> Limit one foe put to sleep</small></div><div class=""><small><em>Species Clause:</em> Limit one of each Pokémon</small></div><div class=""><small><em>OHKO Clause:</em> OHKO moves are banned</small></div><div class=""><small><em>Moody Clause:</em> Moody is banned</small></div><div class=""><small><em>Evasion Moves Clause:</em> Evasion moves are banned</small></div><div class=""><small><em>Endless Battle Clause:</em> Forcing endless battles is banned</small></div><div class=""><small><em>HP Percentage Mod:</em> HP is shown in percentages</small></div><div class=""><small><em>Swagger Clause:</em> Swagger is banned</small></div><div class=""><small><em>Baton Pass Clause:</em> Limit one Baton Passer, can't pass Spe and other stats simultaneously</small></div><div class="chat battle-history"><strong>thiagoharry's team:</strong> <em style="color:#445566;display:block;">Hypno / Cradily / Ditto / Liepard / Miltank / Porygon</em></div><div class="chat battle-history"><strong>BrojinSiiiiiii's team:</strong> <em style="color:#445566;display:block;">Charizard / Samurott / Torterra / Regirock / Mesprit / Audino</em></div><div class="spacer battle-history"><br></div><div class="battle-history">Battle started between thiagoharry and BrojinSiiiiiii!<br></div><div class="spacer battle-history"><br></div><div class="battle-history">Go! Stalliepard (<strong>Liepard</strong>)!<br></div><div class="spacer battle-history"><br></div><div class="battle-history">BrojinSiiiiiii sent out Lekgolo 🖼 (<strong>Regirock</strong>)!<br></div><div class="spacer battle-history"><br></div><h2 class="battle-history">Turn 1</h2><div class="spacer battle-history"><br></div><div class="battle-history">Stalliepard used <strong>Trick</strong>!<br></div><div class="battle-history"><small>Stalliepard switched items with its target!</small><br></div><div class="battle-history"><small>The opposing Lekgolo 🖼 obtained one Choice Scarf.</small><br></div><div class="battle-history"><small>Stalliepard obtained one Leftovers.</small><br></div><div class="spacer battle-history"><br></div><div class="battle-history">The opposing Lekgolo 🖼 used <strong>Toxic</strong>!<br></div><div class="battle-history"><small>Stalliepard was badly poisoned!</small><br></div><div class="spacer battle-history"><br></div><div class="battle-history"><small>Stalliepard was hurt by poison!</small><br></div><div class="spacer battle-history"><br></div><h2 class="battle-history">Turn 2</h2><div class="chat"><small>faldlkvpow joined.</small></div><div class="chat chatmessage-faldlkvpow"><strong style="color:hsl(194,52%,48.333333333333336%)"><small> </small><span class="username" data-name="faldlkvpow">faldlkvpow</span>:</strong> <em>mega audino is a chick</em></div><div class="spacer battle-history"><br></div><div class="battle-history">Stalliepard, come back!<br></div><div class="battle-history">Go! Ann Oying (<strong>Porygon</strong>)!<br></div><div class="battle-history"><small>[Ann Oying's Trace]</small><br><small>[Ann Oying's Sturdy]</small><br><small>Ann Oying traced the opposing Lekgolo 🖼's Sturdy!</small><br></div><div class="spacer battle-history"><br></div><div class="battle-history">BrojinSiiiiiii withdrew Lekgolo 🖼!<br></div><div class="battle-history">BrojinSiiiiiii sent out Prophet of Regret (<strong>Mesprit</strong>)!<br></div><div class="spacer battle-history"><br></div><h2 class="battle-history">Turn 3</h2><div class="spacer battle-history"><br></div><div class="battle-history">The opposing Prophet of Regret used <strong>Thunder Wave</strong>!<br></div><div class="battle-history"><small>Ann Oying is paralyzed! It may be unable to move!</small><br></div><div class="spacer battle-history"><br></div><div class="battle-history">Ann Oying used <strong>Thunder Wave</strong>!<br></div><div class="battle-history"><small>The opposing Prophet of Regret is paralyzed! It may be unable to move!</small><br></div><div class="spacer battle-history"><br></div><h2 class="battle-history">Turn 4</h2><div class="chat chatmessage-thiagoharry"><strong style="color:hsl(163,47%,44.70912158181324%)"><small>★</small><span class="username" data-name="thiagoharry">thiagoharry</span>:</strong> <em>You will regret this</em></div><div class="spacer battle-history"><br></div><div class="battle-history">The opposing Prophet of Regret used <strong>Light Screen</strong>!<br></div><div class="battle-history"><small>Light Screen made the opposing team stronger against special moves!</small><br></div><div class="spacer battle-history"><br></div><div class="battle-history">Ann Oying is paralyzed! It can't move!<br></div><div class="spacer battle-history"><br></div><h2 class="battle-history">Turn 5</h2><div class="spacer battle-history"><br></div><div class="battle-history">The opposing Prophet of Regret used <strong>Reflect</strong>!<br></div><div class="battle-history"><small>Reflect made the opposing team stronger against physical moves!</small><br></div><div class="spacer battle-history"><br></div><div class="battle-history">Ann Oying is paralyzed! It can't move!<br></div><div class="spacer battle-history"><br></div><h2 class="battle-history">Turn 6</h2><div class="spacer battle-history"><br></div><div class="battle-history">The opposing Prophet of Regret used <strong>U-turn</strong>!<br></div><div class="battle-history"><small>(Ann Oying lost <abbr title="−84/334">25.1%</abbr> of its health!)</small><br></div><div class="spacer battle-history"><br></div><div class="battle-history">The opposing Prophet of Regret went back to BrojinSiiiiiii!<br></div><div class="battle-history">BrojinSiiiiiii sent out Lekgolo 🖼 (<strong>Regirock</strong>)!<br></div><div class="spacer battle-history"><br></div><div class="battle-history">Ann Oying is paralyzed! It can't move!<br></div><div class="spacer battle-history"><br></div><h2 class="battle-history">Turn 7</h2><div class="spacer battle-history"><br></div><div class="battle-history">The opposing Lekgolo 🖼 used <strong>Stealth Rock</strong>!<br></div><div class="battle-history"><small>Pointed stones float in the air around your team!</small><br></div><div class="spacer battle-history"><br></div><div class="battle-history">Ann Oying used <strong>Substitute</strong>!<br></div><div class="battle-history"><small>Ann Oying put in a substitute!</small><br></div><div class="battle-history"><small>(Ann Oying lost <abbr title="−83/334">24.9%</abbr> of its health!)</small><br></div><div class="spacer battle-history"><br></div><h2 class="battle-history">Turn 8</h2><div class="spacer battle-history"><br></div><div class="battle-history">BrojinSiiiiiii withdrew Lekgolo 🖼!<br></div><div class="battle-history">BrojinSiiiiiii sent out Banshee 🔥 (<strong>Charizard</strong>)!<br></div><div class="spacer battle-history"><br></div><div class="battle-history">Ann Oying used <strong>Thunder Wave</strong>!<br></div><div class="battle-history"><small>The opposing Banshee 🔥 is paralyzed! It may be unable to move!</small><br></div><div class="spacer battle-history"><br></div><h2 class="battle-history">Turn 9</h2><div class="spacer battle-history"><br></div><div class="battle-history">BrojinSiiiiiii withdrew Banshee 🔥!<br></div><div class="battle-history">BrojinSiiiiiii sent out Cortana ⚓ (<strong>Audino</strong>)!<br></div><div class="spacer battle-history"><br></div><div class="battle-history">Ann Oying used <strong>Recover</strong>!<br></div><div class="battle-history"><small>Ann Oying restored its HP.</small><br></div><div class="spacer battle-history"><br></div><h2 class="battle-history">Turn 10</h2><div class="spacer battle-history"><br></div><div class="battle-history"><small>The opposing Cortana ⚓'s Audinite is reacting to BrojinSiiiiiii's Mega Bracelet!</small><br>The opposing Cortana ⚓ has Mega Evolved into Mega Audino!<br></div><div class="spacer battle-history"><br></div><div class="battle-history">The opposing Cortana ⚓ used <strong>Calm Mind</strong>!<br></div><div class="battle-history"><small>The opposing Cortana ⚓'s Special Attack rose!</small><br></div><div class="battle-history"><small>The opposing Cortana ⚓'s Special Defense rose!</small><br></div><div class="spacer battle-history"><br></div><div class="battle-history">Ann Oying used <strong>Thunder Wave</strong>!<br></div><div class="battle-history"><small>The opposing Cortana ⚓ is paralyzed! It may be unable to move!</small><br></div><div class="spacer battle-history"><br></div><h2 class="battle-history">Turn 11</h2><div class="spacer battle-history"><br></div><div class="battle-history">Ann Oying, come back!<br></div><div class="battle-history">Go! Most Magical Cow (<strong>Miltank</strong>)!<br></div><div class="battle-history"><small>Pointed stones dug into Most Magical Cow!</small><br></div><div class="spacer battle-history"><br></div><div class="battle-history">The opposing Cortana ⚓ used <strong>Heal Bell</strong>!<br></div><div class="battle-history"><small>A bell chimed!</small><br></div><div class="battle-history"><small>The opposing Cortana ⚓ was cured of paralysis.</small><br></div><div class="battle-history"><small>The opposing Prophet of Regret was cured of paralysis.</small><br></div><div class="battle-history"><small>The opposing Banshee 🔥 was cured of paralysis.</small><br></div><div class="spacer battle-history"><br></div><div class="battle-history"><small>Most Magical Cow restored a little HP using its Leftovers!</small><br></div><div class="battle-history"><small>The opposing team's Light Screen wore off!</small><br></div><div class="spacer battle-history"><br></div><h2 class="battle-history">Turn 12</h2><div class="spacer battle-history"><br></div><div class="battle-history">Most Magical Cow used <strong>Block</strong>!<br></div><div class="battle-history"><small>The opposing Cortana ⚓ can no longer escape!</small><br></div><div class="spacer battle-history"><br></div><div class="battle-history">The opposing Cortana ⚓ used <strong>Heal Bell</strong>!<br></div><div class="battle-history"><small>A bell chimed!</small><br></div><div class="spacer battle-history"><br></div><div class="battle-history"><small>Most Magical Cow restored a little HP using its Leftovers!</small><br></div><div class="battle-history"><small>The opposing team's Reflect wore off!</small><br></div><div class="spacer battle-history"><br></div><h2 class="battle-history">Turn 13</h2><div class="spacer battle-history"><br></div><div class="battle-history">Most Magical Cow used <strong>Curse</strong>!<br></div><div class="battle-history"><small>Most Magical Cow's Speed fell!</small><br></div><div class="battle-history"><small>Most Magical Cow's Attack rose!</small><br></div><div class="battle-history"><small>Most Magical Cow's Defense rose!</small><br></div><div class="spacer battle-history"><br></div><div class="battle-history">The opposing Cortana ⚓ used <strong>Thunder Wave</strong>!<br></div><div class="battle-history"><small>Most Magical Cow is paralyzed! It may be unable to move!</small><br></div><div class="spacer battle-history"><br></div><div class="battle-history"><small>Most Magical Cow restored a little HP using its Leftovers!</small><br></div><div class="spacer battle-history"><br></div><h2 class="battle-history">Turn 14</h2><div class="spacer battle-history"><br></div><div class="battle-history">The opposing Cortana ⚓ used <strong>Calm Mind</strong>!<br></div><div class="battle-history"><small>The opposing Cortana ⚓'s Special Attack rose!</small><br></div><div class="battle-history"><small>The opposing Cortana ⚓'s Special Defense rose!</small><br></div><div class="spacer battle-history"><br></div><div class="battle-history">Most Magical Cow used <strong>Curse</strong>!<br></div><div class="battle-history"><small>Most Magical Cow's Speed fell!</small><br></div><div class="battle-history"><small>Most Magical Cow's Attack rose!</small><br></div><div class="battle-history"><small>Most Magical Cow's Defense rose!</small><br></div><div class="spacer battle-history"><br></div><h2 class="battle-history">Turn 15</h2><div class="spacer battle-history"><br></div><div class="battle-history">The opposing Cortana ⚓ used <strong>Calm Mind</strong>!<br></div><div class="battle-history"><small>The opposing Cortana ⚓'s Special Attack rose!</small><br></div><div class="battle-history"><small>The opposing Cortana ⚓'s Special Defense rose!</small><br></div><div class="spacer battle-history"><br></div><div class="battle-history">Most Magical Cow used <strong>Curse</strong>!<br></div><div class="battle-history"><small>Most Magical Cow's Speed fell!</small><br></div><div class="battle-history"><small>Most Magical Cow's Attack rose!</small><br></div><div class="battle-history"><small>Most Magical Cow's Defense rose!</small><br></div><div class="spacer battle-history"><br></div><h2 class="battle-history">Turn 16</h2><div class="spacer battle-history"><br></div><div class="battle-history">The opposing Cortana ⚓ used <strong>Calm Mind</strong>!<br></div><div class="battle-history"><small>The opposing Cortana ⚓'s Special Attack rose!</small><br></div><div class="battle-history"><small>The opposing Cortana ⚓'s Special Defense rose!</small><br></div><div class="spacer battle-history"><br></div><div class="battle-history">Most Magical Cow used <strong>Curse</strong>!<br></div><div class="battle-history"><small>Most Magical Cow's Speed fell!</small><br></div><div class="battle-history"><small>Most Magical Cow's Attack rose!</small><br></div><div class="battle-history"><small>Most Magical Cow's Defense rose!</small><br></div><div class="spacer battle-history"><br></div><h2 class="battle-history">Turn 17</h2><div class="chat chatmessage-faldlkvpow"><strong style="color:hsl(194,52%,48.333333333333336%)"><small> </small><span class="username" data-name="faldlkvpow">faldlkvpow</span>:</strong> <em>mega audino is a chick</em></div><div class="spacer battle-history"><br></div><div class="battle-history">The opposing Cortana ⚓ used <strong>Calm Mind</strong>!<br></div><div class="battle-history"><small>The opposing Cortana ⚓'s Special Attack rose!</small><br></div><div class="battle-history"><small>The opposing Cortana ⚓'s Special Defense rose!</small><br></div><div class="spacer battle-history"><br></div><div class="battle-history">Most Magical Cow is paralyzed! It can't move!<br></div><div class="spacer battle-history"><br></div><h2 class="battle-history">Turn 18</h2><div class="chat chatmessage-faldlkvpow"><strong style="color:hsl(194,52%,48.333333333333336%)"><small> </small><span class="username" data-name="faldlkvpow">faldlkvpow</span>:</strong> <em>nice ass</em></div><div class="spacer battle-history"><br></div><div class="battle-history">The opposing Cortana ⚓ used <strong>Calm Mind</strong>!<br></div><div class="battle-history"><small>The opposing Cortana ⚓'s Special Attack rose!</small><br></div><div class="battle-history"><small>The opposing Cortana ⚓'s Special Defense rose!</small><br></div><div class="spacer battle-history"><br></div><div class="battle-history">Most Magical Cow used <strong>Curse</strong>!<br></div><div class="battle-history"><small>Most Magical Cow's Speed fell!</small><br></div><div class="battle-history"><small>Most Magical Cow's Attack rose!</small><br></div><div class="battle-history"><small>Most Magical Cow's Defense rose!</small><br></div><div class="spacer battle-history"><br></div><h2 class="battle-history">Turn 19</h2><div class="spacer battle-history"><br></div><div class="battle-history">The opposing Cortana ⚓ used <strong>Draining Kiss</strong>!<br></div><div class="battle-history"><small>(Most Magical Cow lost <abbr title="−256/394">65.0%</abbr> of its health!)</small><br></div><div class="spacer battle-history"><br></div><div class="battle-history">Most Magical Cow used <strong>Curse</strong>!<br></div><div class="battle-history"><small>Most Magical Cow's Speed fell!</small><br></div><div class="battle-history"><small>Most Magical Cow's Attack rose!</small><br></div><div class="battle-history"><small>Most Magical Cow's Defense rose!</small><br></div><div class="spacer battle-history"><br></div><div class="battle-history"><small>Most Magical Cow restored a little HP using its Leftovers!</small><br></div><div class="spacer battle-history"><br></div><h2 class="battle-history">Turn 20</h2><div class="spacer battle-history"><br></div><div class="battle-history">The opposing Cortana ⚓ used <strong>Draining Kiss</strong>!<br></div><div class="battle-history"><small>(Most Magical Cow lost <abbr title="−162/394">41.1%</abbr> of its health!)</small><br></div><div class="spacer battle-history"><br></div><div class="battle-history">Most Magical Cow fainted!<br></div><div class="spacer battle-history"><br></div><div class="battle-history">Go! Better than You (<strong>Ditto</strong>)!<br></div><div class="battle-history"><small>Pointed stones dug into Better than You!</small><br></div><div class="battle-history"><small>[Better than You's Imposter]</small><br>Better than You transformed into Audino-Mega!<br></div><div class="spacer battle-history"><br></div><h2 class="battle-history">Turn 21</h2><div class="spacer battle-history"><br></div><div class="battle-history">Better than You used <strong>Draining Kiss</strong>!<br></div><div class="battle-history"><small>(The opposing Cortana ⚓ lost <abbr title="−37/410">9.0%</abbr> of its health!)</small><br></div><div class="battle-history"><small>The opposing Cortana ⚓ had its energy drained!</small><br></div><div class="spacer battle-history"><br></div><div class="battle-history">The opposing Cortana ⚓ used <strong>Thunder Wave</strong>!<br></div><div class="battle-history"><small>Better than You is paralyzed! It may be unable to move!</small><br></div><div class="spacer battle-history"><br></div><h2 class="battle-history">Turn 22</h2><div class="spacer battle-history"><br></div><div class="battle-history">The opposing Cortana ⚓ used <strong>Draining Kiss</strong>!<br></div><div class="battle-history"><small>(Better than You lost <abbr title="−39/299">13.0%</abbr> of its health!)</small><br></div><div class="battle-history"><small>Better than You had its energy drained!</small><br></div><div class="spacer battle-history"><br></div><div class="battle-history">Better than You used <strong>Draining Kiss</strong>!<br></div><div class="battle-history"><small>(The opposing Cortana ⚓ lost <abbr title="−34/410">8.3%</abbr> of its health!)</small><br></div><div class="battle-history"><small>The opposing Cortana ⚓ had its energy drained!</small><br></div><div class="spacer battle-history"><br></div><h2 class="battle-history">Turn 23</h2><div class="chat chatmessage-faldlkvpow"><strong style="color:hsl(194,52%,48.333333333333336%)"><small> </small><span class="username" data-name="faldlkvpow">faldlkvpow</span>:</strong> <em>ohhhh wow 2 mega audino</em></div><div class="spacer battle-history"><br></div><div class="battle-history">The opposing Cortana ⚓ used <strong>Heal Bell</strong>!<br></div><div class="battle-history"><small>A bell chimed!</small><br></div><div class="spacer battle-history"><br></div><div class="battle-history">Better than You used <strong>Draining Kiss</strong>!<br></div><div class="battle-history"><small>(The opposing Cortana ⚓ lost <abbr title="−36/410">8.8%</abbr> of its health!)</small><br></div><div class="battle-history"><small>The opposing Cortana ⚓ had its energy drained!</small><br></div><div class="spacer battle-history"><br></div><h2 class="battle-history">Turn 24</h2><div class="chat chatmessage-faldlkvpow"><strong style="color:hsl(194,52%,48.333333333333336%)"><small> </small><span class="username" data-name="faldlkvpow">faldlkvpow</span>:</strong> <em>niceeeee</em></div><div class="spacer battle-history"><br></div><div class="battle-history">The opposing Cortana ⚓ used <strong>Calm Mind</strong>!<br></div><div class="battle-history"><small>The opposing Cortana ⚓'s Special Attack won't go any higher!</small><br></div><div class="battle-history"><small>The opposing Cortana ⚓'s Special Defense won't go any higher!</small><br></div><div class="spacer battle-history"><br></div><div class="battle-history">Better than You used <strong>Draining Kiss</strong>!<br></div><div class="battle-history"><small>(The opposing Cortana ⚓ lost <abbr title="−33/410">8.0%</abbr> of its health!)</small><br></div><div class="spacer battle-history"><br></div><h2 class="battle-history">Turn 25</h2><div class="spacer battle-history"><br></div><div class="battle-history">Better than You, come back!<br></div><div class="battle-history">Go! Ann Oying (<strong>Porygon</strong>)!<br></div><div class="battle-history"><small>Pointed stones dug into Ann Oying!</small><br></div><div class="battle-history"><small>[Ann Oying's Trace]</small><br><small>[Ann Oying's Healer]</small><br><small>Ann Oying traced the opposing Cortana ⚓'s Healer!</small><br></div><div class="spacer battle-history"><br></div><div class="battle-history">The opposing Cortana ⚓ used <strong>Calm Mind</strong>!<br></div><div class="battle-history"><small>The opposing Cortana ⚓'s Special Attack won't go any higher!</small><br></div><div class="battle-history"><small>The opposing Cortana ⚓'s Special Defense won't go any higher!</small><br></div><div class="spacer battle-history"><br></div><h2 class="battle-history">Turn 26</h2><div class="spacer battle-history"><br></div><div class="battle-history">The opposing Cortana ⚓ used <strong>Draining Kiss</strong>!<br></div><div class="battle-history"><small>(Ann Oying lost <abbr title="−162/334">48.5%</abbr> of its health!)</small><br></div><div class="battle-history"><small>Ann Oying had its energy drained!</small><br></div><div class="spacer battle-history"><br></div><div class="battle-history">Ann Oying used <strong>Thunder Wave</strong>!<br></div><div class="battle-history"><small>The opposing Cortana ⚓ is paralyzed! It may be unable to move!</small><br></div><div class="spacer battle-history"><br></div><h2 class="battle-history">Turn 27</h2><div class="spacer battle-history"><br></div><div class="battle-history">The opposing Cortana ⚓ used <strong>Heal Bell</strong>!<br></div><div class="battle-history"><small>A bell chimed!</small><br></div><div class="battle-history"><small>The opposing Cortana ⚓ was cured of paralysis.</small><br></div><div class="spacer battle-history"><br></div><div class="battle-history">Ann Oying is paralyzed! It can't move!<br></div><div class="spacer battle-history"><br></div><h2 class="battle-history">Turn 28</h2><div class="spacer battle-history"><br></div><div class="battle-history">The opposing Cortana ⚓ used <strong>Draining Kiss</strong>!<br></div><div class="battle-history"><small>(Ann Oying lost <abbr title="−131/334">39.2%</abbr> of its health!)</small><br></div><div class="spacer battle-history"><br></div><div class="battle-history">Ann Oying fainted!<br></div><div class="spacer battle-history"><br></div><div class="battle-history">Go! Better than You (<strong>Ditto</strong>)!<br></div><div class="battle-history"><small>Pointed stones dug into Better than You!</small><br></div><div class="battle-history"><small>[Better than You's Imposter]</small><br>Better than You transformed into Audino-Mega!<br></div><div class="spacer battle-history"><br></div><h2 class="battle-history">Turn 29</h2><div class="spacer battle-history"><br></div><div class="battle-history">The opposing Cortana ⚓ used <strong>Calm Mind</strong>!<br></div><div class="battle-history"><small>The opposing Cortana ⚓'s Special Attack won't go any higher!</small><br></div><div class="battle-history"><small>The opposing Cortana ⚓'s Special Defense won't go any higher!</small><br></div><div class="spacer battle-history"><br></div><div class="battle-history">Better than You used <strong>Draining Kiss</strong>!<br></div><div class="battle-history"><small>(The opposing Cortana ⚓ lost <abbr title="−36/410">8.8%</abbr> of its health!)</small><br></div><div class="battle-history"><small>The opposing Cortana ⚓ had its energy drained!</small><br></div><div class="spacer battle-history"><br></div><h2 class="battle-history">Turn 30</h2><div class="spacer battle-history"><br></div><div class="battle-history">Better than You, come back!<br></div><div class="battle-history">Go! Hit me Like a Man (<strong>Cradily</strong>)!<br></div><div class="battle-history"><small>Pointed stones dug into Hit me Like a Man!</small><br></div><div class="spacer battle-history"><br></div><div class="battle-history">The opposing Cortana ⚓ used <strong>Calm Mind</strong>!<br></div><div class="battle-history"><small>The opposing Cortana ⚓'s Special Attack won't go any higher!</small><br></div><div class="battle-history"><small>The opposing Cortana ⚓'s Special Defense won't go any higher!</small><br></div><div class="spacer battle-history"><br></div><div class="battle-history"><small>Hit me Like a Man restored a little HP using its Leftovers!</small><br></div><div class="spacer battle-history"><br></div><h2 class="battle-history">Turn 31</h2><div class="chat chatmessage-faldlkvpow"><strong style="color:hsl(194,52%,48.333333333333336%)"><small> </small><span class="username" data-name="faldlkvpow">faldlkvpow</span>:</strong> <em>oh mega audino nice ass</em></div><div class="spacer battle-history"><br></div><div class="battle-history">Hit me Like a Man, come back!<br></div><div class="battle-history">Go! Better than You (<strong>Ditto</strong>)!<br></div><div class="battle-history"><small>Pointed stones dug into Better than You!</small><br></div><div class="battle-history"><small>[Better than You's Imposter]</small><br>Better than You transformed into Audino-Mega!<br></div><div class="spacer battle-history"><br></div><div class="battle-history">The opposing Cortana ⚓ used <strong>Draining Kiss</strong>!<br></div><div class="battle-history"><small>A critical hit!</small><br></div><div class="battle-history"><small>(Better than You lost <abbr title="−232/299">77.6%</abbr> of its health!)</small><br></div><div class="battle-history"><small>Better than You had its energy drained!</small><br></div><div class="spacer battle-history"><br></div><h2 class="battle-history">Turn 32</h2><div class="chat chatmessage-faldlkvpow"><strong style="color:hsl(194,52%,48.333333333333336%)"><small> </small><span class="username" data-name="faldlkvpow">faldlkvpow</span>:</strong> <em>who want to have sex with mega audino</em></div><div class="chat chatmessage-brojinsiiiiiii"><strong style="color:hsl(17,50%,43.337191439858344%)"><small>★</small><span class="username" data-name="BrojinSiiiiiii">BrojinSiiiiiii</span>:</strong> <em>LOOOOL</em></div><div class="spacer battle-history"><br></div><div class="battle-history">The opposing Cortana ⚓ used <strong>Draining Kiss</strong>!<br></div><div class="battle-history"><small>(Better than You lost <abbr title="−20/299">6.7%</abbr> of its health!)</small><br></div><div class="spacer battle-history"><br></div><div class="battle-history">Better than You fainted!<br></div><div class="spacer battle-history"><br></div><div class="battle-history">Go! Stalliepard (<strong>Liepard</strong>)!<br></div><div class="battle-history"><small>Pointed stones dug into Stalliepard!</small><br></div><div class="spacer battle-history"><br></div><h2 class="battle-history">Turn 33</h2><div class="spacer battle-history"><br></div><div class="battle-history">Stalliepard used <strong>Spite</strong>!<br></div><div class="battle-history"><small>It reduced the PP of the opposing Cortana ⚓'s Draining Kiss by 4!</small><br></div><div class="spacer battle-history"><br></div><div class="battle-history">The opposing Cortana ⚓ used <strong>Draining Kiss</strong>!<br></div><div class="battle-history"><small>It's super effective!</small><br></div><div class="battle-history"><small>(Stalliepard lost <abbr title="−221/270">81.9%</abbr> of its health!)</small><br></div><div class="spacer battle-history"><br></div><div class="battle-history">Stalliepard fainted!<br></div><div class="chat chatmessage-faldlkvpow"><strong style="color:hsl(194,52%,48.333333333333336%)"><small> </small><span class="username" data-name="faldlkvpow">faldlkvpow</span>:</strong> <em>you?</em></div><div class="spacer battle-history"><br></div><div class="battle-history">Go! Hit me Like a Man (<strong>Cradily</strong>)!<br></div><div class="battle-history"><small>Pointed stones dug into Hit me Like a Man!</small><br></div><div class="spacer battle-history"><br></div><h2 class="battle-history">Turn 34</h2><div class="spacer battle-history"><br></div><div class="battle-history">The opposing Cortana ⚓ used <strong>Draining Kiss</strong>!<br></div><div class="battle-history"><small>(Hit me Like a Man lost <abbr title="−142/376">37.8%</abbr> of its health!)</small><br></div><div class="spacer battle-history"><br></div><div class="battle-history">Hit me Like a Man used <strong>Stockpile</strong>!<br></div><div class="battle-history"><small>Hit me Like a Man stockpiled 1!</small><br></div><div class="battle-history"><small>Hit me Like a Man's Defense rose!</small><br></div><div class="battle-history"><small>Hit me Like a Man's Special Defense rose!</small><br></div><div class="spacer battle-history"><br></div><div class="battle-history"><small>Hit me Like a Man restored a little HP using its Leftovers!</small><br></div><div class="spacer battle-history"><br></div><h2 class="battle-history">Turn 35</h2><div class="spacer battle-history"><br></div><div class="battle-history">The opposing Cortana ⚓ used <strong>Draining Kiss</strong>!<br></div><div class="battle-history"><small>(Hit me Like a Man lost <abbr title="−91/376">24.2%</abbr> of its health!)</small><br></div><div class="spacer battle-history"><br></div><div class="battle-history">Hit me Like a Man used <strong>Recover</strong>!<br></div><div class="battle-history"><small>Hit me Like a Man restored its HP.</small><br></div><div class="spacer battle-history"><br></div><div class="battle-history"><small>Hit me Like a Man restored a little HP using its Leftovers!</small><br></div><div class="spacer battle-history"><br></div><h2 class="battle-history">Turn 36</h2><div class="spacer battle-history"><br></div><div class="battle-history">BrojinSiiiiiii withdrew Cortana ⚓!<br></div><div class="battle-history">BrojinSiiiiiii sent out Lekgolo 🖼 (<strong>Regirock</strong>)!<br></div><div class="spacer battle-history"><br></div><div class="battle-history">Hit me Like a Man used <strong>Infestation</strong>!<br></div><div class="battle-history"><small>(The opposing Lekgolo 🖼 lost <abbr title="−15/364">4.1%</abbr> of its health!)</small><br></div><div class="battle-history"><small>The opposing Lekgolo 🖼 has been afflicted with an infestation by Hit me Like a Man!</small><br></div><div class="spacer battle-history"><br></div><div class="battle-history"><small>Hit me Like a Man restored a little HP using its Leftovers!</small><br></div><div class="battle-history"><small>The opposing Lekgolo 🖼 is hurt by Infestation!</small><br></div><div class="spacer battle-history"><br></div><h2 class="battle-history">Turn 37</h2><div class="spacer battle-history"><br></div><div class="battle-history">The opposing Lekgolo 🖼 used <strong>Toxic</strong>!<br></div><div class="battle-history"><small>Hit me Like a Man avoided the attack!</small><br></div><div class="spacer battle-history"><br></div><div class="battle-history">Hit me Like a Man used <strong>Stockpile</strong>!<br></div><div class="battle-history"><small>Hit me Like a Man stockpiled 2!</small><br></div><div class="battle-history"><small>Hit me Like a Man's Defense rose!</small><br></div><div class="battle-history"><small>Hit me Like a Man's Special Defense rose!</small><br></div><div class="spacer battle-history"><br></div><div class="battle-history"><small>Hit me Like a Man restored a little HP using its Leftovers!</small><br></div><div class="battle-history"><small>The opposing Lekgolo 🖼 is hurt by Infestation!</small><br></div><div class="spacer battle-history"><br></div><h2 class="battle-history">Turn 38</h2><div class="chat chatmessage-faldlkvpow"><strong style="color:hsl(194,52%,48.333333333333336%)"><small> </small><span class="username" data-name="faldlkvpow">faldlkvpow</span>:</strong> <em>mega audino is a chick</em></div><div class="spacer battle-history"><br></div><div class="battle-history">The opposing Lekgolo 🖼 used <strong>Toxic</strong>!<br></div><div class="battle-history"><small>Hit me Like a Man was badly poisoned!</small><br></div><div class="spacer battle-history"><br></div><div class="battle-history">Hit me Like a Man used <strong>Rest</strong>!<br></div><div class="battle-history"><small>Hit me Like a Man fell asleep!</small><br></div><div class="battle-history"><small>Hit me Like a Man slept and became healthy!</small><br></div><div class="spacer battle-history"><br></div><div class="battle-history"><small>The opposing Lekgolo 🖼 is hurt by Infestation!</small><br></div><div class="spacer battle-history"><br></div><h2 class="battle-history">Turn 39</h2><div class="spacer battle-history"><br></div><div class="battle-history">The opposing Lekgolo 🖼 used <strong>Toxic</strong>!<br></div><div class="battle-history"><small>But it failed!</small><br></div><div class="spacer battle-history"><br></div><div class="battle-history">Hit me Like a Man is fast asleep.<br></div><div class="spacer battle-history"><br></div><div class="battle-history"><small>The opposing Lekgolo 🖼 is hurt by Infestation!</small><br></div><div class="spacer battle-history"><br></div><h2 class="battle-history">Turn 40</h2><div class="spacer battle-history"><br></div><div class="battle-history">The opposing Lekgolo 🖼 used <strong>Toxic</strong>!<br></div><div class="battle-history"><small>But it failed!</small><br></div><div class="spacer battle-history"><br></div><div class="battle-history">Hit me Like a Man is fast asleep.<br></div><div class="spacer battle-history"><br></div><div class="battle-history"><small>The opposing Lekgolo 🖼 is hurt by Infestation!</small><br></div><div class="spacer battle-history"><br></div><h2 class="battle-history">Turn 41</h2><div class="spacer battle-history"><br></div><div class="battle-history">The opposing Lekgolo 🖼 used <strong>Toxic</strong>!<br></div><div class="battle-history"><small>But it failed!</small><br></div><div class="battle-history"><small>Hit me Like a Man woke up!</small><br></div><div class="spacer battle-history"><br></div><div class="battle-history">Hit me Like a Man used <strong>Stockpile</strong>!<br></div><div class="battle-history"><small>Hit me Like a Man stockpiled 3!</small><br></div><div class="battle-history"><small>Hit me Like a Man's Defense rose!</small><br></div><div class="battle-history"><small>Hit me Like a Man's Special Defense rose!</small><br></div><div class="spacer battle-history"><br></div><div class="battle-history"><small>The opposing Lekgolo 🖼 was freed from Infestation!</small><br></div><div class="spacer battle-history"><br></div><h2 class="battle-history">Turn 42</h2><div class="spacer battle-history"><br></div><div class="battle-history">The opposing Lekgolo 🖼 used <strong>Toxic</strong>!<br></div><div class="battle-history"><small>Hit me Like a Man was badly poisoned!</small><br></div><div class="spacer battle-history"><br></div><div class="battle-history">Hit me Like a Man used <strong>Infestation</strong>!<br></div><div class="battle-history"><small>(The opposing Lekgolo 🖼 lost <abbr title="−13/364">3.6%</abbr> of its health!)</small><br></div><div class="battle-history"><small>The opposing Lekgolo 🖼 has been afflicted with an infestation by Hit me Like a Man!</small><br></div><div class="spacer battle-history"><br></div><div class="battle-history"><small>Hit me Like a Man was hurt by poison!</small><br></div><div class="battle-history"><small>The opposing Lekgolo 🖼 is hurt by Infestation!</small><br></div><div class="spacer battle-history"><br></div><h2 class="battle-history">Turn 43</h2><div class="spacer battle-history"><br></div><div class="battle-history">The opposing Lekgolo 🖼 used <strong>Toxic</strong>!<br></div><div class="battle-history"><small>But it failed!</small><br></div><div class="spacer battle-history"><br></div><div class="battle-history">Hit me Like a Man used <strong>Rest</strong>!<br></div><div class="battle-history"><small>Hit me Like a Man fell asleep!</small><br></div><div class="battle-history"><small>Hit me Like a Man slept and became healthy!</small><br></div><div class="spacer battle-history"><br></div><div class="battle-history"><small>The opposing Lekgolo 🖼 is hurt by Infestation!</small><br></div><div class="spacer battle-history"><br></div><h2 class="battle-history">Turn 44</h2><div class="chat chatmessage-thiagoharry"><strong style="color:hsl(163,47%,44.70912158181324%)"><small>★</small><span class="username" data-name="thiagoharry">thiagoharry</span>:</strong> <em>At least I killed 1</em></div><div class="spacer battle-history"><br></div><div class="battle-history">The opposing Lekgolo 🖼 used <strong>Toxic</strong>!<br></div><div class="battle-history"><small>But it failed!</small><br></div><div class="spacer battle-history"><br></div><div class="battle-history">Hit me Like a Man is fast asleep.<br></div><div class="spacer battle-history"><br></div><div class="battle-history"><small>The opposing Lekgolo 🖼 is hurt by Infestation!</small><br></div><div class="spacer battle-history"><br></div><div class="battle-history">The opposing Lekgolo 🖼 fainted!<br></div><div class="chat chatmessage-thiagoharry"><strong style="color:hsl(163,47%,44.70912158181324%)"><small>★</small><span class="username" data-name="thiagoharry">thiagoharry</span>:</strong> <em>And Audino is useless</em></div><div class="spacer battle-history"><br></div><div class="battle-history">BrojinSiiiiiii sent out Energy Sword 💘 (<strong>Samurott</strong>)!<br></div><div class="spacer battle-history"><br></div><h2 class="battle-history">Turn 45</h2><div class="chat chatmessage-faldlkvpow"><strong style="color:hsl(194,52%,48.333333333333336%)"><small> </small><span class="username" data-name="faldlkvpow">faldlkvpow</span>:</strong> <em>no it's a chick</em></div><div class="chat chatmessage-faldlkvpow"><strong style="color:hsl(194,52%,48.333333333333336%)"><small> </small><span class="username" data-name="faldlkvpow">faldlkvpow</span>:</strong> <em>nice boobs and ass</em></div><div class="chat chatmessage-thiagoharry"><strong style="color:hsl(163,47%,44.70912158181324%)"><small>★</small><span class="username" data-name="thiagoharry">thiagoharry</span>:</strong> <em>Sorry, faldlkvpow, without PP, you wont see him anymore</em></div><div class="spacer battle-history"><br></div><div class="battle-history">The opposing Energy Sword 💘 used <strong>Swords Dance</strong>!<br></div><div class="battle-history"><small>The opposing Energy Sword 💘's Attack rose sharply!</small><br></div><div class="spacer battle-history"><br></div><div class="battle-history">Hit me Like a Man is fast asleep.<br></div><div class="spacer battle-history"><br></div><h2 class="battle-history">Turn 46</h2><div class="chat chatmessage-faldlkvpow"><strong style="color:hsl(194,52%,48.333333333333336%)"><small> </small><span class="username" data-name="faldlkvpow">faldlkvpow</span>:</strong> <em>him??</em></div><div class="spacer battle-history"><br></div><div class="battle-history">The opposing Energy Sword 💘 used <strong>Swords Dance</strong>!<br></div><div class="battle-history"><small>The opposing Energy Sword 💘's Attack rose sharply!</small><br></div><div class="battle-history"><small>Hit me Like a Man woke up!</small><br></div><div class="spacer battle-history"><br></div><div class="battle-history">Hit me Like a Man used <strong>Infestation</strong>!<br></div><div class="battle-history"><small>(The opposing Energy Sword 💘 lost <abbr title="−18/331">5.4%</abbr> of its health!)</small><br></div><div class="battle-history"><small>The opposing Energy Sword 💘 has been afflicted with an infestation by Hit me Like a Man!</small><br></div><div class="spacer battle-history"><br></div><div class="battle-history"><small>The opposing Energy Sword 💘 is hurt by Infestation!</small><br></div><div class="spacer battle-history"><br></div><h2 class="battle-history">Turn 47</h2><div class="chat chatmessage-faldlkvpow"><strong style="color:hsl(194,52%,48.333333333333336%)"><small> </small><span class="username" data-name="faldlkvpow">faldlkvpow</span>:</strong> <em>mega audino is a chick</em></div><div class="spacer battle-history"><br></div><div class="battle-history">The opposing Energy Sword 💘 used <strong>Swords Dance</strong>!<br></div><div class="battle-history"><small>The opposing Energy Sword 💘's Attack rose sharply!</small><br></div><div class="spacer battle-history"><br></div><div class="battle-history">Hit me Like a Man used <strong>Recover</strong>!<br></div><div class="battle-history"><small>But it failed!</small><br></div><div class="spacer battle-history"><br></div><div class="battle-history"><small>The opposing Energy Sword 💘 is hurt by Infestation!</small><br></div><div class="spacer battle-history"><br></div><h2 class="battle-history">Turn 48</h2><div class="spacer battle-history"><br></div><div class="battle-history">The opposing Energy Sword 💘 used <strong>Megahorn</strong>!<br></div><div class="battle-history"><small>Hit me Like a Man avoided the attack!</small><br></div><div class="spacer battle-history"><br></div><div class="battle-history">Hit me Like a Man used <strong>Recover</strong>!<br></div><div class="battle-history"><small>But it failed!</small><br></div><div class="spacer battle-history"><br></div><div class="battle-history"><small>The opposing Energy Sword 💘 is hurt by Infestation!</small><br></div><div class="spacer battle-history"><br></div><h2 class="battle-history">Turn 49</h2><div class="spacer battle-history"><br></div><div class="battle-history">The opposing Energy Sword 💘 used <strong>Megahorn</strong>!<br></div><div class="battle-history"><small>It's super effective!</small><br></div><div class="battle-history"><small>(Hit me Like a Man lost <abbr title="−376/376">100%</abbr> of its health!)</small><br></div><div class="spacer battle-history"><br></div><div class="battle-history">Hit me Like a Man fainted!<br></div><div class="spacer battle-history"><br></div><div class="battle-history">Go! <strong>Hypno</strong>!<br></div><div class="battle-history"><small>Pointed stones dug into Hypno!</small><br></div><div class="spacer battle-history"><br></div><h2 class="battle-history">Turn 50</h2><div class="spacer battle-history"><br></div><div class="battle-history">The opposing Energy Sword 💘 used <strong>Aqua Jet</strong>!<br></div><div class="battle-history"><small>(Hypno lost <abbr title="−249/374">66.6%</abbr> of its health!)</small><br></div><div class="spacer battle-history"><br></div><div class="battle-history">Hypno used <strong>Barrier</strong>!<br></div><div class="battle-history"><small>Hypno's Defense rose sharply!</small><br></div><div class="spacer battle-history"><br></div><h2 class="battle-history">Turn 51</h2><div class="spacer battle-history"><br></div><div class="battle-history">The opposing Energy Sword 💘 used <strong>Waterfall</strong>!<br></div><div class="battle-history"><small>(Hypno lost <abbr title="−79/374">21.1%</abbr> of its health!)</small><br></div><div class="spacer battle-history"><br></div><div class="battle-history">Hypno fainted!<br></div><div class="spacer battle-history"><br></div><div class="battle-history"><strong>BrojinSiiiiiii</strong> won the battle!<br></div><div class="chat chatmessage-brojinsiiiiiii"><strong style="color:hsl(17,50%,43.337191439858344%)"><small>★</small><span class="username" data-name="BrojinSiiiiiii">BrojinSiiiiiii</span>:</strong> <em>Hahahahhahahahauaahyaauuaauauayuaauuaa</em></div><div class="chat chatmessage-brojinsiiiiiii"><strong style="color:hsl(17,50%,43.337191439858344%)"><small>★</small><span class="username" data-name="BrojinSiiiiiii">BrojinSiiiiiii</span>:</strong> <em>Sorry</em></div><div class="chat chatmessage-thiagoharry"><strong style="color:hsl(163,47%,44.70912158181324%)"><small>★</small><span class="username" data-name="thiagoharry">thiagoharry</span>:</strong> <em>gg</em></div><div class="chat chatmessage-brojinsiiiiiii"><strong style="color:hsl(17,50%,43.337191439858344%)"><small>★</small><span class="username" data-name="BrojinSiiiiiii">BrojinSiiiiiii</span>:</strong> <em>LOOOLLL</em></div><div class="chat chatmessage-brojinsiiiiiii"><strong style="color:hsl(17,50%,43.337191439858344%)"><small>★</small><span class="username" data-name="BrojinSiiiiiii">BrojinSiiiiiii</span>:</strong> <em>GG</em></div></div><div class="inner-preempt"></div></div></div>
</div>
<script>
let daily = Math.floor(Date.now()/1000/60/60/24);document.write('<script src="https://play.pokemonshowdown.com/js/replay-embed.js?version'+daily+'"></'+'script>');
</script>
