<!DOCTYPE html>
<meta charset="utf-8" />
<!-- version 1 -->
<title>NU replay: vagita fajita vs. RiceGod</title>
<style>
html,body {font-family:Verdana, sans-serif;font-size:10pt;margin:0;padding:0;}body{padding:12px 0;} .battle-log {font-family:Verdana, sans-serif;font-size:10pt;} .battle-log-inline {border:1px solid #AAAAAA;background:#EEF2F5;color:black;max-width:640px;margin:0 auto 80px;padding-bottom:5px;} .battle-log .inner {padding:4px 8px 0px 8px;} .battle-log .inner-preempt {padding:0 8px 4px 8px;} .battle-log .inner-after {margin-top:0.5em;} .battle-log h2 {margin:0.5em -8px;padding:4px 8px;border:1px solid #AAAAAA;background:#E0E7EA;border-left:0;border-right:0;font-family:Verdana, sans-serif;font-size:13pt;} .battle-log .chat {vertical-align:middle;padding:3px 0 3px 0;font-size:8pt;} .battle-log .chat strong {color:#40576A;} .battle-log .chat em {padding:1px 4px 1px 3px;color:#000000;font-style:normal;} .chat.mine {background:rgba(0,0,0,0.05);margin-left:-8px;margin-right:-8px;padding-left:8px;padding-right:8px;} .spoiler {color:#BBBBBB;background:#BBBBBB;padding:0px 3px;} .spoiler:hover, .spoiler:active, .spoiler-shown {color:#000000;background:#E2E2E2;padding:0px 3px;} .spoiler a {color:#BBBBBB;} .spoiler:hover a, .spoiler:active a, .spoiler-shown a {color:#2288CC;} .chat code, .chat .spoiler:hover code, .chat .spoiler:active code, .chat .spoiler-shown code {border:1px solid #C0C0C0;background:#EEEEEE;color:black;padding:0 2px;} .chat .spoiler code {border:1px solid #CCCCCC;background:#CCCCCC;color:#CCCCCC;} .battle-log .rated {padding:3px 4px;} .battle-log .rated strong {color:white;background:#89A;padding:1px 4px;border-radius:4px;} .spacer {margin-top:0.5em;} .message-announce {background:#6688AA;color:white;padding:1px 4px 2px;} .message-announce a, .broadcast-green a, .broadcast-blue a, .broadcast-red a {color:#DDEEFF;} .broadcast-green {background-color:#559955;color:white;padding:2px 4px;} .broadcast-blue {background-color:#6688AA;color:white;padding:2px 4px;} .infobox {border:1px solid #6688AA;padding:2px 4px;} .infobox-limited {max-height:200px;overflow:auto;overflow-x:hidden;} .broadcast-red {background-color:#AA5544;color:white;padding:2px 4px;} .message-learn-canlearn {font-weight:bold;color:#228822;text-decoration:underline;} .message-learn-cannotlearn {font-weight:bold;color:#CC2222;text-decoration:underline;} .message-effect-weak {font-weight:bold;color:#CC2222;} .message-effect-resist {font-weight:bold;color:#6688AA;} .message-effect-immune {font-weight:bold;color:#666666;} .message-learn-list {margin-top:0;margin-bottom:0;} .message-throttle-notice, .message-error {color:#992222;} .message-overflow, .chat small.message-overflow {font-size:0pt;} .message-overflow::before {font-size:9pt;content:'...';} .subtle {color:#3A4A66;}
</style>
<div class="wrapper replay-wrapper" style="max-width:1180px;margin:0 auto">
<input type="hidden" name="replayid" value="nu-521799092" />
<div class="battle"></div><div class="battle-log"></div><div class="replay-controls"></div><div class="replay-controls-2"></div>
<h1 style="font-weight:normal;text-align:center"><strong>NU</strong><br /><a href="http://pokemonshowdown.com/users/vagitafajita" class="subtle" target="_blank">vagita fajita</a> vs. <a href="http://pokemonshowdown.com/users/ricegod" class="subtle" target="_blank">RiceGod</a></h1>
<script type="text/plain" class="battle-log-data">|j|vagita fajita
|j|RiceGod
|player|p1|vagita fajita|184
|player|p2|RiceGod|169
|gametype|singles
|gen|6
|tier|NU
|rated
|seed|1883,11916,63139,5843
|rule|Sleep Clause Mod: Limit one foe put to sleep
|rule|Species Clause: Limit one of each Pokémon
|rule|OHKO Clause: OHKO moves are banned
|rule|Moody Clause: Moody is banned
|rule|Evasion Moves Clause: Evasion moves are banned
|rule|Endless Battle Clause: Forcing endless battles is banned
|rule|HP Percentage Mod: HP is shown in percentages
|clearpoke
|poke|p1|Trevenant, F|item
|poke|p1|Sandslash, M|item
|poke|p1|Charizard, F|item
|poke|p1|Barbaracle, M|item
|poke|p1|Regice|item
|poke|p1|Cradily, M|item
|poke|p2|Combusken, F|item
|poke|p2|Electabuzz, M|item
|poke|p2|Gabite, M|item
|poke|p2|Zangoose, M|item
|poke|p2|Wartortle, M|item
|poke|p2|Grovyle, M|item
|rule|Swagger Clause: Swagger is banned
|rule|Baton Pass Clause: Limit one Baton Passer, can't pass Spe and other stats simultaneously
|teampreview
|choice|team 6, team 2, team 3, team 4, team 5, team 1|team 6, team 2, team 3, team 4, team 5, team 1
|
|start
|switch|p1a: Cradily|Cradily, M|376\/376
|switch|p2a: Grovyle|Grovyle, M|242\/242
|turn|1
|choice|move stealthrock|move grasswhistle
|
|move|p2a: Grovyle|Grass Whistle|p1a: Cradily|[miss]
|-miss|p2a: Grovyle|p1a: Cradily
|move|p1a: Cradily|Stealth Rock|p2a: Grovyle
|-sidestart|p2: RiceGod|move: Stealth Rock
|
|upkeep
|turn|2
|choice|move ancientpower|move grasswhistle
|
|move|p2a: Grovyle|Grass Whistle|p1a: Cradily
|-status|p1a: Cradily|slp
|cant|p1a: Cradily|slp
|
|upkeep
|turn|3
|choice|switch 5|switch 5
|
|switch|p2a: Wartortle|Wartortle, M|321\/321
|-damage|p2a: Wartortle|281\/321|[from] Stealth Rock
|switch|p1a: Regice|Regice|301\/301
|
|upkeep
|turn|4
|choice|move rockpolish|move toxic
|
|move|p1a: Regice|Rock Polish|p1a: Regice
|-boost|p1a: Regice|spe|2
|move|p2a: Wartortle|Toxic|p1a: Regice
|-status|p1a: Regice|tox
|
|-damage|p1a: Regice|283\/301 tox|[from] psn
|upkeep
|turn|5
|choice|move thunderbolt|move rapidspin
|
|move|p1a: Regice|Thunderbolt|p2a: Wartortle
|-supereffective|p2a: Wartortle
|-damage|p2a: Wartortle|96\/321
|-status|p2a: Wartortle|par
|-damage|p1a: Regice|253\/301 tox|[from] item: Life Orb
|move|p2a: Wartortle|Rapid Spin|p1a: Regice
|-damage|p1a: Regice|244\/301 tox
|-sideend|p2: RiceGod|Stealth Rock|[from] move: Rapid Spin|[of] p2a: Wartortle
|
|-damage|p1a: Regice|208\/301 tox|[from] psn
|upkeep
|turn|6
|choice|move thunderbolt|move foresight
|
|move|p1a: Regice|Thunderbolt|p2a: Wartortle
|-supereffective|p2a: Wartortle
|-damage|p2a: Wartortle|0 fnt
|-damage|p1a: Regice|178\/301 tox|[from] item: Life Orb
|faint|p2a: Wartortle
|
|-damage|p1a: Regice|124\/301 tox|[from] psn
|upkeep
|choice||switch 3
|
|switch|p2a: Gabite|Gabite, M|293\/293
|turn|7
|choice|move icebeam|switch 6
|
|switch|p2a: Combusken|Combusken, F|262\/262
|move|p1a: Regice|Ice Beam|p2a: Combusken
|-resisted|p2a: Combusken
|-damage|p2a: Combusken|163\/262
|-status|p2a: Combusken|frz
|-damage|p1a: Regice|94\/301 tox|[from] item: Life Orb
|
|-damage|p1a: Regice|22\/301 tox|[from] psn
|upkeep
|turn|8
|choice|move thunderbolt|switch 6
|
|switch|p2a: Gabite|Gabite, M|293\/293
|move|p1a: Regice|Thunderbolt|p2a: Gabite
|-immune|p2a: Gabite|[msg]
|
|-damage|p1a: Regice|0 fnt|[from] psn
|upkeep
|faint|p1a: Regice
|choice|switch 3|
|
|switch|p1a: Charizard|Charizard, F|297\/297
|turn|9
|choice|move sunnyday|switch 6
|
|switch|p2a: Combusken|Combusken, F|163\/262 frz
|move|p1a: Charizard|Sunny Day|p1a: Charizard
|-weather|SunnyDay
|
|-weather|SunnyDay|[upkeep]
|-damage|p1a: Charizard|260\/297|[from] ability: Solar Power|[of] p1a: Charizard
|-heal|p1a: Charizard|278\/297|[from] item: Leftovers
|upkeep
|turn|10
|choice|move flamethrower|move protect
|
|cant|p2a: Combusken|frz
|move|p1a: Charizard|Flamethrower|p2a: Combusken
|-resisted|p2a: Combusken
|-damage|p2a: Combusken|0 fnt
|faint|p2a: Combusken
|
|-weather|SunnyDay|[upkeep]
|-damage|p1a: Charizard|241\/297|[from] ability: Solar Power|[of] p1a: Charizard
|-heal|p1a: Charizard|259\/297|[from] item: Leftovers
|upkeep
|choice||switch 5
|
|switch|p2a: Grovyle|Grovyle, M|242\/242
|turn|11
|choice|move airslash|move endeavor
|
|move|p1a: Charizard|Air Slash|p2a: Grovyle
|-supereffective|p2a: Grovyle
|-enditem|p2a: Grovyle|Focus Sash
|-damage|p2a: Grovyle|1\/242
|cant|p2a: Grovyle|flinch
|
|-weather|SunnyDay|[upkeep]
|-damage|p1a: Charizard|222\/297|[from] ability: Solar Power|[of] p1a: Charizard
|-heal|p1a: Charizard|240\/297|[from] item: Leftovers
|upkeep
|turn|12
|c|★RiceGod|lmao
|choice|move airslash|move endeavor
|
|move|p1a: Charizard|Air Slash|p2a: Grovyle
|-supereffective|p2a: Grovyle
|-damage|p2a: Grovyle|0 fnt
|faint|p2a: Grovyle
|
|-weather|SunnyDay|[upkeep]
|-damage|p1a: Charizard|203\/297|[from] ability: Solar Power|[of] p1a: Charizard
|-heal|p1a: Charizard|221\/297|[from] item: Leftovers
|upkeep
|choice||switch 6
|
|switch|p2a: Gabite|Gabite, M|293\/293
|turn|13
|choice|move hiddenpower|move stealthrock
|
|move|p1a: Charizard|Hidden Power|p2a: Gabite
|-damage|p2a: Gabite|175\/293
|move|p2a: Gabite|Stealth Rock|p1a: Charizard
|-sidestart|p1: vagita fajita|move: Stealth Rock
|
|-weather|none
|-heal|p1a: Charizard|239\/297|[from] item: Leftovers
|upkeep
|turn|14
|choice|move sunnyday|move outrage
|
|move|p1a: Charizard|Sunny Day|p1a: Charizard
|-weather|SunnyDay
|move|p2a: Gabite|Outrage|p1a: Charizard
|-damage|p1a: Charizard|29\/297
|
|-weather|SunnyDay|[upkeep]
|-damage|p1a: Charizard|0 fnt|[from] ability: Solar Power|[of] p1a: Charizard
|upkeep
|faint|p1a: Charizard
|choice|switch 6|
|
|switch|p1a: Trevenant|Trevenant, F|374\/374
|-damage|p1a: Trevenant|328\/374|[from] Stealth Rock
|turn|15
|choice|move willowisp|move outrage
|
|move|p2a: Gabite|Outrage|p1a: Trevenant|[from]lockedmove
|-damage|p1a: Trevenant|127\/374
|-enditem|p1a: Trevenant|Kee Berry|[eat]
|-boost|p1a: Trevenant|def|1
|-start|p2a: Gabite|confusion|[fatigue]
|move|p1a: Trevenant|Will-O-Wisp|p2a: Gabite
|-status|p2a: Gabite|brn
|
|-weather|SunnyDay|[upkeep]
|-damage|p2a: Gabite|139\/293 brn|[from] brn
|-item|p1a: Trevenant|Kee Berry|[from] ability: Harvest
|upkeep
|turn|16
|choice|move reflect|move fireblast
|
|-activate|p2a: Gabite|confusion
|move|p2a: Gabite|Fire Blast|p1a: Trevenant
|-supereffective|p1a: Trevenant
|-damage|p1a: Trevenant|0 fnt
|faint|p1a: Trevenant
|
|-weather|SunnyDay|[upkeep]
|-damage|p2a: Gabite|103\/293 brn|[from] brn
|upkeep
|choice|switch 2|
|
|switch|p1a: Sandslash|Sandslash, M|354\/354
|-damage|p1a: Sandslash|332\/354|[from] Stealth Rock
|turn|17
|choice|move knockoff|move outrage
|
|-end|p2a: Gabite|confusion
|move|p2a: Gabite|Outrage|p1a: Sandslash
|-damage|p1a: Sandslash|259\/354
|move|p1a: Sandslash|Knock Off|p2a: Gabite
|-damage|p2a: Gabite|9\/293 brn
|-damage|p1a: Sandslash|215\/354|[from] ability: Rough Skin|[of] p2a: Gabite
|-enditem|p2a: Gabite|Eviolite|[from] move: Knock Off|[of] p1a: Sandslash
|
|-weather|SunnyDay|[upkeep]
|-damage|p2a: Gabite|0 fnt|[from] brn
|upkeep
|faint|p2a: Gabite
|choice||switch 4
|
|switch|p2a: Zangoose|Zangoose, M|288\/288
|turn|18
|choice|move knockoff|move swordsdance
|
|move|p2a: Zangoose|Swords Dance|p2a: Zangoose
|-boost|p2a: Zangoose|atk|2
|move|p1a: Sandslash|Knock Off|p2a: Zangoose
|-damage|p2a: Zangoose|141\/288
|-enditem|p2a: Zangoose|Toxic Orb|[from] move: Knock Off|[of] p1a: Sandslash
|
|-weather|none
|upkeep
|turn|19
|choice|move earthquake|move facade
|
|move|p2a: Zangoose|Facade|p1a: Sandslash
|-damage|p1a: Sandslash|5\/354
|move|p1a: Sandslash|Earthquake|p2a: Zangoose
|-damage|p2a: Zangoose|0 fnt
|faint|p2a: Zangoose
|
|upkeep
|choice||switch 2
|
|switch|p2a: Electabuzz|Electabuzz, M|272\/272
|turn|20
|choice|move earthquake|move hiddenpower
|
|move|p2a: Electabuzz|Hidden Power|p1a: Sandslash
|-supereffective|p1a: Sandslash
|-damage|p1a: Sandslash|0 fnt
|faint|p1a: Sandslash
|
|upkeep
|choice|switch 4|
|
|switch|p1a: Barbaracle|Barbaracle, M|285\/285
|-damage|p1a: Barbaracle|250\/285|[from] Stealth Rock
|turn|21
|-message|RiceGod forfeited.
|
|win|vagita fajita
|player|p1
|player|p2
|l|RiceGod</script>
</div>
<div class="battle-log battle-log-inline"><div class="inner"><div class="battle-options"></div><div class="inner"><div class="chat"><small>vagita fajita joined.</small></div><div class="chat"><small>RiceGod joined.</small></div><div class=""><small>Format:</small> <br><strong>NU</strong></div><div class="rated"><strong>Rated battle</strong></div><div class=""><small><em>Sleep Clause Mod:</em> Limit one foe put to sleep</small></div><div class=""><small><em>Species Clause:</em> Limit one of each Pokémon</small></div><div class=""><small><em>OHKO Clause:</em> OHKO moves are banned</small></div><div class=""><small><em>Moody Clause:</em> Moody is banned</small></div><div class=""><small><em>Evasion Moves Clause:</em> Evasion moves are banned</small></div><div class=""><small><em>Endless Battle Clause:</em> Forcing endless battles is banned</small></div><div class=""><small><em>HP Percentage Mod:</em> HP is shown in percentages</small></div><div class=""><small><em>Swagger Clause:</em> Swagger is banned</small></div><div class=""><small><em>Baton Pass Clause:</em> Limit one Baton Passer, can't pass Spe and other stats simultaneously</small></div><div class="chat battle-history"><strong>vagita fajita's team:</strong> <em style="color:#445566;display:block;">Trevenant / Sandslash / Charizard / Barbaracle / Regice / Cradily</em></div><div class="chat battle-history"><strong>RiceGod's team:</strong> <em style="color:#445566;display:block;">Combusken / Electabuzz / Gabite / Zangoose / Wartortle / Grovyle</em></div><div class="spacer battle-history"><br></div><div class="battle-history">Battle started between vagita fajita and RiceGod!<br></div><div class="spacer battle-history"><br></div><div class="battle-history">Go! <strong>Cradily</strong>!<br></div><div class="spacer battle-history"><br></div><div class="battle-history">RiceGod sent out <strong>Grovyle</strong>!<br></div><div class="spacer battle-history"><br></div><h2 class="battle-history">Turn 1</h2><div class="spacer battle-history"><br></div><div class="battle-history">The opposing Grovyle used <strong>Grass Whistle</strong>!<br></div><div class="battle-history"><small>Cradily avoided the attack!</small><br></div><div class="spacer battle-history"><br></div><div class="battle-history">Cradily used <strong>Stealth Rock</strong>!<br></div><div class="battle-history"><small>Pointed stones float in the air around the opposing team!</small><br></div><div class="spacer battle-history"><br></div><h2 class="battle-history">Turn 2</h2><div class="spacer battle-history"><br></div><div class="battle-history">The opposing Grovyle used <strong>Grass Whistle</strong>!<br></div><div class="battle-history"><small>Cradily fell asleep!</small><br></div><div class="spacer battle-history"><br></div><div class="battle-history">Cradily is fast asleep.<br></div><div class="spacer battle-history"><br></div><h2 class="battle-history">Turn 3</h2><div class="spacer battle-history"><br></div><div class="battle-history">RiceGod withdrew Grovyle!<br></div><div class="battle-history">RiceGod sent out <strong>Wartortle</strong>!<br></div><div class="battle-history"><small>Pointed stones dug into the opposing Wartortle!</small><br></div><div class="spacer battle-history"><br></div><div class="battle-history">Cradily, come back!<br></div><div class="battle-history">Go! <strong>Regice</strong>!<br></div><div class="spacer battle-history"><br></div><h2 class="battle-history">Turn 4</h2><div class="spacer battle-history"><br></div><div class="battle-history">Regice used <strong>Rock Polish</strong>!<br></div><div class="battle-history"><small>Regice's Speed rose sharply!</small><br></div><div class="spacer battle-history"><br></div><div class="battle-history">The opposing Wartortle used <strong>Toxic</strong>!<br></div><div class="battle-history"><small>Regice was badly poisoned!</small><br></div><div class="spacer battle-history"><br></div><div class="battle-history"><small>Regice was hurt by poison!</small><br></div><div class="spacer battle-history"><br></div><h2 class="battle-history">Turn 5</h2><div class="spacer battle-history"><br></div><div class="battle-history">Regice used <strong>Thunderbolt</strong>!<br></div><div class="battle-history"><small>It's super effective!</small><br></div><div class="battle-history"><small>(The opposing Wartortle lost <abbr title="−185/321">57.6%</abbr> of its health!)</small><br></div><div class="battle-history"><small>The opposing Wartortle is paralyzed! It may be unable to move!</small><br></div><div class="battle-history"><small>Regice lost some of its HP!</small><br></div><div class="spacer battle-history"><br></div><div class="battle-history">The opposing Wartortle used <strong>Rapid Spin</strong>!<br></div><div class="battle-history"><small>(Regice lost <abbr title="−9/301">3.0%</abbr> of its health!)</small><br></div><div class="battle-history"><small>The pointed stones disappeared from around the opposing team!</small><br></div><div class="spacer battle-history"><br></div><div class="battle-history"><small>Regice was hurt by poison!</small><br></div><div class="spacer battle-history"><br></div><h2 class="battle-history">Turn 6</h2><div class="spacer battle-history"><br></div><div class="battle-history">Regice used <strong>Thunderbolt</strong>!<br></div><div class="battle-history"><small>It's super effective!</small><br></div><div class="battle-history"><small>(The opposing Wartortle lost <abbr title="−96/321">29.9%</abbr> of its health!)</small><br></div><div class="battle-history"><small>Regice lost some of its HP!</small><br></div><div class="spacer battle-history"><br></div><div class="battle-history">The opposing Wartortle fainted!<br></div><div class="spacer battle-history"><br></div><div class="battle-history"><small>Regice was hurt by poison!</small><br></div><div class="spacer battle-history"><br></div><div class="battle-history">RiceGod sent out <strong>Gabite</strong>!<br></div><div class="spacer battle-history"><br></div><h2 class="battle-history">Turn 7</h2><div class="spacer battle-history"><br></div><div class="battle-history">RiceGod withdrew Gabite!<br></div><div class="battle-history">RiceGod sent out <strong>Combusken</strong>!<br></div><div class="spacer battle-history"><br></div><div class="battle-history">Regice used <strong>Ice Beam</strong>!<br></div><div class="battle-history"><small>It's not very effective...</small><br></div><div class="battle-history"><small>(The opposing Combusken lost <abbr title="−99/262">37.8%</abbr> of its health!)</small><br></div><div class="battle-history"><small>The opposing Combusken was frozen solid!</small><br></div><div class="battle-history"><small>Regice lost some of its HP!</small><br></div><div class="spacer battle-history"><br></div><div class="battle-history"><small>Regice was hurt by poison!</small><br></div><div class="spacer battle-history"><br></div><h2 class="battle-history">Turn 8</h2><div class="spacer battle-history"><br></div><div class="battle-history">RiceGod withdrew Combusken!<br></div><div class="battle-history">RiceGod sent out <strong>Gabite</strong>!<br></div><div class="spacer battle-history"><br></div><div class="battle-history">Regice used <strong>Thunderbolt</strong>!<br></div><div class="battle-history"><small>It doesn't affect the opposing Gabite...</small><br></div><div class="spacer battle-history"><br></div><div class="battle-history"><small>Regice was hurt by poison!</small><br></div><div class="spacer battle-history"><br></div><div class="battle-history">Regice fainted!<br></div><div class="spacer battle-history"><br></div><div class="battle-history">Go! <strong>Charizard</strong>!<br></div><div class="spacer battle-history"><br></div><h2 class="battle-history">Turn 9</h2><div class="spacer battle-history"><br></div><div class="battle-history">RiceGod withdrew Gabite!<br></div><div class="battle-history">RiceGod sent out <strong>Combusken</strong>!<br></div><div class="spacer battle-history"><br></div><div class="battle-history">Charizard used <strong>Sunny Day</strong>!<br></div><div class="battle-history"><small>The sunlight turned harsh!</small><br></div><div class="spacer battle-history"><br></div><div class="battle-history"><small>(The sunlight is strong!)</small><br></div><div class="battle-history"><small>[Charizard's Solar Power]</small><br><small>(Charizard was hurt by its Solar Power.)</small><br></div><div class="battle-history"><small>Charizard restored a little HP using its Leftovers!</small><br></div><div class="spacer battle-history"><br></div><h2 class="battle-history">Turn 10</h2><div class="spacer battle-history"><br></div><div class="battle-history">The opposing Combusken is frozen solid!<br></div><div class="spacer battle-history"><br></div><div class="battle-history">Charizard used <strong>Flamethrower</strong>!<br></div><div class="battle-history"><small>It's not very effective...</small><br></div><div class="battle-history"><small>(The opposing Combusken lost <abbr title="−163/262">62.2%</abbr> of its health!)</small><br></div><div class="spacer battle-history"><br></div><div class="battle-history">The opposing Combusken fainted!<br></div><div class="spacer battle-history"><br></div><div class="battle-history"><small>(The sunlight is strong!)</small><br></div><div class="battle-history"><small>[Charizard's Solar Power]</small><br><small>(Charizard was hurt by its Solar Power.)</small><br></div><div class="battle-history"><small>Charizard restored a little HP using its Leftovers!</small><br></div><div class="spacer battle-history"><br></div><div class="battle-history">RiceGod sent out <strong>Grovyle</strong>!<br></div><div class="spacer battle-history"><br></div><h2 class="battle-history">Turn 11</h2><div class="spacer battle-history"><br></div><div class="battle-history">Charizard used <strong>Air Slash</strong>!<br></div><div class="battle-history"><small>It's super effective!</small><br></div><div class="battle-history"><small>The opposing Grovyle hung on using its Focus Sash!</small><br></div><div class="battle-history"><small>(The opposing Grovyle lost <abbr title="−241/242">99.6%</abbr> of its health!)</small><br></div><div class="spacer battle-history"><br></div><div class="battle-history">The opposing Grovyle flinched and couldn't move!<br></div><div class="spacer battle-history"><br></div><div class="battle-history"><small>(The sunlight is strong!)</small><br></div><div class="battle-history"><small>[Charizard's Solar Power]</small><br><small>(Charizard was hurt by its Solar Power.)</small><br></div><div class="battle-history"><small>Charizard restored a little HP using its Leftovers!</small><br></div><div class="spacer battle-history"><br></div><h2 class="battle-history">Turn 12</h2><div class="chat chatmessage-ricegod"><strong style="color:hsl(125,78%,37.02079497388531%)"><small>★</small><span class="username" data-name="RiceGod">RiceGod</span>:</strong> <em>lmao</em></div><div class="spacer battle-history"><br></div><div class="battle-history">Charizard used <strong>Air Slash</strong>!<br></div><div class="battle-history"><small>It's super effective!</small><br></div><div class="battle-history"><small>(The opposing Grovyle lost <abbr title="−1/242">0.4%</abbr> of its health!)</small><br></div><div class="spacer battle-history"><br></div><div class="battle-history">The opposing Grovyle fainted!<br></div><div class="spacer battle-history"><br></div><div class="battle-history"><small>(The sunlight is strong!)</small><br></div><div class="battle-history"><small>[Charizard's Solar Power]</small><br><small>(Charizard was hurt by its Solar Power.)</small><br></div><div class="battle-history"><small>Charizard restored a little HP using its Leftovers!</small><br></div><div class="spacer battle-history"><br></div><div class="battle-history">RiceGod sent out <strong>Gabite</strong>!<br></div><div class="spacer battle-history"><br></div><h2 class="battle-history">Turn 13</h2><div class="spacer battle-history"><br></div><div class="battle-history">Charizard used <strong>Hidden Power</strong>!<br></div><div class="battle-history"><small>(The opposing Gabite lost <abbr title="−118/293">40.3%</abbr> of its health!)</small><br></div><div class="spacer battle-history"><br></div><div class="battle-history">The opposing Gabite used <strong>Stealth Rock</strong>!<br></div><div class="battle-history"><small>Pointed stones float in the air around your team!</small><br></div><div class="spacer battle-history"><br></div><div class="battle-history"><small>The sunlight faded.</small><br></div><div class="battle-history"><small>Charizard restored a little HP using its Leftovers!</small><br></div><div class="spacer battle-history"><br></div><h2 class="battle-history">Turn 14</h2><div class="spacer battle-history"><br></div><div class="battle-history">Charizard used <strong>Sunny Day</strong>!<br></div><div class="battle-history"><small>The sunlight turned harsh!</small><br></div><div class="spacer battle-history"><br></div><div class="battle-history">The opposing Gabite used <strong>Outrage</strong>!<br></div><div class="battle-history"><small>(Charizard lost <abbr title="−210/297">70.7%</abbr> of its health!)</small><br></div><div class="spacer battle-history"><br></div><div class="battle-history"><small>(The sunlight is strong!)</small><br></div><div class="battle-history"><small>[Charizard's Solar Power]</small><br><small>(Charizard was hurt by its Solar Power.)</small><br></div><div class="spacer battle-history"><br></div><div class="battle-history">Charizard fainted!<br></div><div class="spacer battle-history"><br></div><div class="battle-history">Go! <strong>Trevenant</strong>!<br></div><div class="battle-history"><small>Pointed stones dug into Trevenant!</small><br></div><div class="spacer battle-history"><br></div><h2 class="battle-history">Turn 15</h2><div class="spacer battle-history"><br></div><div class="battle-history">The opposing Gabite used <strong>Outrage</strong>!<br></div><div class="battle-history"><small>(Trevenant lost <abbr title="−201/374">53.7%</abbr> of its health!)</small><br></div><div class="battle-history"><small>Trevenant ate its Kee Berry!</small><br></div><div class="battle-history"><small>Trevenant's Defense rose!</small><br></div><div class="battle-history"><small>The opposing Gabite became confused due to fatigue!</small><br></div><div class="spacer battle-history"><br></div><div class="battle-history">Trevenant used <strong>Will-O-Wisp</strong>!<br></div><div class="battle-history"><small>The opposing Gabite was burned!</small><br></div><div class="spacer battle-history"><br></div><div class="battle-history"><small>(The sunlight is strong!)</small><br></div><div class="battle-history"><small>The opposing Gabite was hurt by its burn!</small><br></div><div class="battle-history"><small>[Trevenant's Harvest]</small><br><small>Trevenant harvested one Kee Berry!</small><br></div><div class="spacer battle-history"><br></div><h2 class="battle-history">Turn 16</h2><div class="spacer battle-history"><br></div><div class="battle-history"><small>The opposing Gabite is confused!</small><br></div><div class="battle-history">The opposing Gabite used <strong>Fire Blast</strong>!<br></div><div class="battle-history"><small>It's super effective!</small><br></div><div class="battle-history"><small>(Trevenant lost <abbr title="−127/374">34.0%</abbr> of its health!)</small><br></div><div class="spacer battle-history"><br></div><div class="battle-history">Trevenant fainted!<br></div><div class="spacer battle-history"><br></div><div class="battle-history"><small>(The sunlight is strong!)</small><br></div><div class="battle-history"><small>The opposing Gabite was hurt by its burn!</small><br></div><div class="spacer battle-history"><br></div><div class="battle-history">Go! <strong>Sandslash</strong>!<br></div><div class="battle-history"><small>Pointed stones dug into Sandslash!</small><br></div><div class="spacer battle-history"><br></div><h2 class="battle-history">Turn 17</h2><div class="spacer battle-history"><br></div><div class="battle-history"><small>The opposing Gabite snapped out of its confusion!</small><br></div><div class="spacer battle-history"><br></div><div class="battle-history">The opposing Gabite used <strong>Outrage</strong>!<br></div><div class="battle-history"><small>(Sandslash lost <abbr title="−73/354">20.6%</abbr> of its health!)</small><br></div><div class="spacer battle-history"><br></div><div class="battle-history">Sandslash used <strong>Knock Off</strong>!<br></div><div class="battle-history"><small>(The opposing Gabite lost <abbr title="−94/293">32.1%</abbr> of its health!)</small><br></div><div class="battle-history"><small>[The opposing Gabite's Rough Skin]</small><br><small>Sandslash was hurt!</small><br></div><div class="battle-history"><small>Sandslash knocked off the opposing Gabite's Eviolite!</small><br></div><div class="spacer battle-history"><br></div><div class="battle-history"><small>(The sunlight is strong!)</small><br></div><div class="battle-history"><small>The opposing Gabite was hurt by its burn!</small><br></div><div class="spacer battle-history"><br></div><div class="battle-history">The opposing Gabite fainted!<br></div><div class="spacer battle-history"><br></div><div class="battle-history">RiceGod sent out <strong>Zangoose</strong>!<br></div><div class="spacer battle-history"><br></div><h2 class="battle-history">Turn 18</h2><div class="spacer battle-history"><br></div><div class="battle-history">The opposing Zangoose used <strong>Swords Dance</strong>!<br></div><div class="battle-history"><small>The opposing Zangoose's Attack rose sharply!</small><br></div><div class="spacer battle-history"><br></div><div class="battle-history">Sandslash used <strong>Knock Off</strong>!<br></div><div class="battle-history"><small>(The opposing Zangoose lost <abbr title="−147/288">51.0%</abbr> of its health!)</small><br></div><div class="battle-history"><small>Sandslash knocked off the opposing Zangoose's Toxic Orb!</small><br></div><div class="spacer battle-history"><br></div><div class="battle-history"><small>The sunlight faded.</small><br></div><div class="spacer battle-history"><br></div><h2 class="battle-history">Turn 19</h2><div class="spacer battle-history"><br></div><div class="battle-history">The opposing Zangoose used <strong>Facade</strong>!<br></div><div class="battle-history"><small>(Sandslash lost <abbr title="−210/354">59.3%</abbr> of its health!)</small><br></div><div class="spacer battle-history"><br></div><div class="battle-history">Sandslash used <strong>Earthquake</strong>!<br></div><div class="battle-history"><small>(The opposing Zangoose lost <abbr title="−141/288">49.0%</abbr> of its health!)</small><br></div><div class="spacer battle-history"><br></div><div class="battle-history">The opposing Zangoose fainted!<br></div><div class="spacer battle-history"><br></div><div class="battle-history">RiceGod sent out <strong>Electabuzz</strong>!<br></div><div class="spacer battle-history"><br></div><h2 class="battle-history">Turn 20</h2><div class="spacer battle-history"><br></div><div class="battle-history">The opposing Electabuzz used <strong>Hidden Power</strong>!<br></div><div class="battle-history"><small>It's super effective!</small><br></div><div class="battle-history"><small>(Sandslash lost <abbr title="−5/354">1.4%</abbr> of its health!)</small><br></div><div class="spacer battle-history"><br></div><div class="battle-history">Sandslash fainted!<br></div><div class="spacer battle-history"><br></div><div class="battle-history">Go! <strong>Barbaracle</strong>!<br></div><div class="battle-history"><small>Pointed stones dug into Barbaracle!</small><br></div><div class="spacer battle-history"><br></div><h2 class="battle-history">Turn 21</h2><div class="spacer battle-history"><br></div><div class="battle-history"><small>RiceGod forfeited.</small><br></div><div class="spacer battle-history"><br></div><div class="battle-history"><strong>vagita fajita</strong> won the battle!<br></div><div class="chat"><small>RiceGod left.</small></div></div><div class="inner-preempt"></div></div></div>
</div>
<script>
let daily = Math.floor(Date.now()/1000/60/60/24);document.write('<script src="https://play.pokemonshowdown.com/js/replay-embed.js?version'+daily+'"></'+'script>');
</script>
