<!DOCTYPE html>
<meta charset="utf-8" />
<!-- version 1 -->
<title>NU replay: Oni Genji vs. jujum</title>
<style>
html,body {font-family:Verdana, sans-serif;font-size:10pt;margin:0;padding:0;}body{padding:12px 0;} .battle-log {font-family:Verdana, sans-serif;font-size:10pt;} .battle-log-inline {border:1px solid #AAAAAA;background:#EEF2F5;color:black;max-width:640px;margin:0 auto 80px;padding-bottom:5px;} .battle-log .inner {padding:4px 8px 0px 8px;} .battle-log .inner-preempt {padding:0 8px 4px 8px;} .battle-log .inner-after {margin-top:0.5em;} .battle-log h2 {margin:0.5em -8px;padding:4px 8px;border:1px solid #AAAAAA;background:#E0E7EA;border-left:0;border-right:0;font-family:Verdana, sans-serif;font-size:13pt;} .battle-log .chat {vertical-align:middle;padding:3px 0 3px 0;font-size:8pt;} .battle-log .chat strong {color:#40576A;} .battle-log .chat em {padding:1px 4px 1px 3px;color:#000000;font-style:normal;} .chat.mine {background:rgba(0,0,0,0.05);margin-left:-8px;margin-right:-8px;padding-left:8px;padding-right:8px;} .spoiler {color:#BBBBBB;background:#BBBBBB;padding:0px 3px;} .spoiler:hover, .spoiler:active, .spoiler-shown {color:#000000;background:#E2E2E2;padding:0px 3px;} .spoiler a {color:#BBBBBB;} .spoiler:hover a, .spoiler:active a, .spoiler-shown a {color:#2288CC;} .chat code, .chat .spoiler:hover code, .chat .spoiler:active code, .chat .spoiler-shown code {border:1px solid #C0C0C0;background:#EEEEEE;color:black;padding:0 2px;} .chat .spoiler code {border:1px solid #CCCCCC;background:#CCCCCC;color:#CCCCCC;} .battle-log .rated {padding:3px 4px;} .battle-log .rated strong {color:white;background:#89A;padding:1px 4px;border-radius:4px;} .spacer {margin-top:0.5em;} .message-announce {background:#6688AA;color:white;padding:1px 4px 2px;} .message-announce a, .broadcast-green a, .broadcast-blue a, .broadcast-red a {color:#DDEEFF;} .broadcast-green {background-color:#559955;color:white;padding:2px 4px;} .broadcast-blue {background-color:#6688AA;color:white;padding:2px 4px;} .infobox {border:1px solid #6688AA;padding:2px 4px;} .infobox-limited {max-height:200px;overflow:auto;overflow-x:hidden;} .broadcast-red {background-color:#AA5544;color:white;padding:2px 4px;} .message-learn-canlearn {font-weight:bold;color:#228822;text-decoration:underline;} .message-learn-cannotlearn {font-weight:bold;color:#CC2222;text-decoration:underline;} .message-effect-weak {font-weight:bold;color:#CC2222;} .message-effect-resist {font-weight:bold;color:#6688AA;} .message-effect-immune {font-weight:bold;color:#666666;} .message-learn-list {margin-top:0;margin-bottom:0;} .message-throttle-notice, .message-error {color:#992222;} .message-overflow, .chat small.message-overflow {font-size:0pt;} .message-overflow::before {font-size:9pt;content:'...';} .subtle {color:#3A4A66;}
</style>
<div class="wrapper replay-wrapper" style="max-width:1180px;margin:0 auto">
<input type="hidden" name="replayid" value="nu-525522138" />
<div class="battle"></div><div class="battle-log"></div><div class="replay-controls"></div><div class="replay-controls-2"></div>
<h1 style="font-weight:normal;text-align:center"><strong>NU</strong><br /><a href="http://pokemonshowdown.com/users/onigenji" class="subtle" target="_blank">Oni Genji</a> vs. <a href="http://pokemonshowdown.com/users/jujum" class="subtle" target="_blank">jujum</a></h1>
<script type="text/plain" class="battle-log-data">|j|Oni Genji
|j|jujum
|player|p1|Oni Genji|274
|player|p2|jujum|210
|gametype|singles
|gen|6
|tier|NU
|rated
|seed|65465,55696,28040,35202
|rule|Sleep Clause Mod: Limit one foe put to sleep
|rule|Species Clause: Limit one of each Pokémon
|rule|OHKO Clause: OHKO moves are banned
|rule|Moody Clause: Moody is banned
|rule|Evasion Moves Clause: Evasion moves are banned
|rule|Endless Battle Clause: Forcing endless battles is banned
|rule|HP Percentage Mod: HP is shown in percentages
|clearpoke
|poke|p1|Liepard, M, shiny|item
|poke|p1|Weezing, F|item
|poke|p1|Audino, F|item
|poke|p1|Pyroar, F|item
|poke|p1|Lanturn, F|item
|poke|p1|Hitmonchan, M|item
|poke|p2|Mismagius, F|item
|poke|p2|Vileplume, F|item
|poke|p2|Sliggoo, M|item
|poke|p2|Electrode|item
|poke|p2|Xatu, M|item
|poke|p2|Pyroar, M|item
|rule|Swagger Clause: Swagger is banned
|rule|Baton Pass Clause: Limit one Baton Passer, can't pass Spe and other stats simultaneously
|teampreview
|choice|team 4, team 2, team 3, team 1, team 5, team 6|team 5, team 2, team 3, team 4, team 1, team 6
|
|start
|switch|p1a: Lion-O|Pyroar, F|313\/313
|switch|p2a: Xatu|Xatu, M|272\/272
|-ability|p1a: Lion-O|Unnerve|p2: jujum
|turn|1
|choice|move darkpulse|move psychic
|
|move|p1a: Lion-O|Dark Pulse|p2a: Xatu
|-supereffective|p2a: Xatu
|-damage|p2a: Xatu|46\/272
|move|p2a: Xatu|Psychic|p1a: Lion-O
|-damage|p1a: Lion-O|141\/313
|
|upkeep
|turn|2
|choice|move darkpulse|move psychic
|
|move|p1a: Lion-O|Dark Pulse|p2a: Xatu
|-supereffective|p2a: Xatu
|-damage|p2a: Xatu|0 fnt
|faint|p2a: Xatu
|
|upkeep
|choice||switch 4
|
|switch|p2a: Electrode|Electrode|261\/261
|turn|3
|choice|switch 5|move lightscreen
|
|switch|p1a: Moving Lanturn|Lanturn, F|391\/391
|move|p2a: Electrode|Light Screen|p2a: Electrode
|-sidestart|p2: jujum|move: Light Screen
|
|upkeep
|turn|4
|choice|move voltswitch|switch 3
|
|switch|p2a: Sliggoo|Sliggoo, M|340\/340
|move|p1a: Moving Lanturn|Volt Switch|p2a: Sliggoo
|-resisted|p2a: Sliggoo
|-damage|p2a: Sliggoo|324\/340
|choice|switch 4|
|
|switch|p1a: Itazura|Liepard, M, shiny|269\/269
|
|-heal|p2a: Sliggoo|340\/340|[from] item: Leftovers
|upkeep
|turn|5
|choice|move knockoff|move toxic
|
|move|p1a: Itazura|Knock Off|p2a: Sliggoo
|-damage|p2a: Sliggoo|69\/340
|-ability|p2a: Sliggoo|Gooey
|-unboost|p1a: Itazura|spe|1
|-enditem|p2a: Sliggoo|Leftovers|[from] move: Knock Off|[of] p1a: Itazura
|move|p2a: Sliggoo|Toxic|p1a: Itazura
|-status|p1a: Itazura|tox
|
|-damage|p1a: Itazura|253\/269 tox|[from] psn
|upkeep
|turn|6
|choice|move uturn|move infestation
|
|move|p1a: Itazura|U-turn|p2a: Sliggoo
|-damage|p2a: Sliggoo|0 fnt
|-ability|p2a: Sliggoo|Gooey
|-unboost|p1a: Itazura|spe|1
|faint|p2a: Sliggoo
|choice|switch 5|
|
|switch|p1a: Lion-O|Pyroar, F|141\/313
|-ability|p1a: Lion-O|Unnerve|p2: jujum
|
|upkeep
|choice||switch 3
|
|switch|p2a: Electrode|Electrode|261\/261
|turn|7
|choice|switch 3|move thunderbolt
|
|switch|p1a: Mercy|Audino, F|410\/410
|move|p2a: Electrode|Thunderbolt|p1a: Mercy
|-damage|p1a: Mercy|301\/410
|
|-sideend|p2: jujum|move: Light Screen
|upkeep
|turn|8
|choice|move healbell mega|move lightscreen
|
|detailschange|p1a: Mercy|Audino-Mega, F
|-mega|p1a: Mercy|Audino|Audinite
|move|p2a: Electrode|Light Screen|p2a: Electrode
|-sidestart|p2: jujum|move: Light Screen
|move|p1a: Mercy|Heal Bell|p1a: Mercy
|-activate|p1a: Mercy|move: Heal Bell
|-curestatus|p1: Itazura|tox|[msg]
|
|upkeep
|turn|9
|choice|move wish|move voltswitch
|
|move|p2a: Electrode|Volt Switch|p1a: Mercy
|-damage|p1a: Mercy|234\/410
|choice||switch 2
|
|switch|p2a: Vileplume|Vileplume, F|291\/291
|move|p1a: Mercy|Wish|p1a: Mercy
|
|upkeep
|turn|10
|choice|switch 2|move leechseed
|
|switch|p1a: James|Weezing, F|277\/277
|move|p2a: Vileplume|Leech Seed|p1a: James|[miss]
|-miss|p2a: Vileplume|p1a: James
|
|upkeep
|turn|11
|choice|move toxicspikes|move leechseed
|
|move|p1a: James|Toxic Spikes|p2a: Vileplume
|-sidestart|p2: jujum|move: Toxic Spikes
|move|p2a: Vileplume|Leech Seed|p1a: James
|-start|p1a: James|move: Leech Seed
|
|-damage|p1a: James|243\/277|[from] Leech Seed|[of] p2a: Vileplume
|upkeep
|turn|12
|choice|move sludgebomb|switch 5
|
|switch|p2a: Mismagius|Mismagius, F|262\/262
|move|p1a: James|Sludge Bomb|p2a: Mismagius
|-resisted|p2a: Mismagius
|-damage|p2a: Mismagius|239\/262
|
|-heal|p1a: James|260\/277|[from] item: Black Sludge
|-damage|p1a: James|226\/277|[from] Leech Seed|[of] p2a: Mismagius
|-heal|p2a: Mismagius|262\/262|[silent]
|-sideend|p2: jujum|move: Light Screen
|upkeep
|turn|13
|choice|move willowisp|move psychic
|
|move|p2a: Mismagius|Psychic|p1a: James
|-supereffective|p1a: James
|-damage|p1a: James|0 fnt
|faint|p1a: James
|
|upkeep
|choice|switch 5|
|
|switch|p1a: Itazura|Liepard, M, shiny|253\/269
|turn|14
|choice|move knockoff|move thunderbolt
|
|move|p1a: Itazura|Knock Off|p2a: Mismagius
|-supereffective|p2a: Mismagius
|-damage|p2a: Mismagius|0 fnt
|-enditem|p2a: Mismagius|Expert Belt|[from] move: Knock Off|[of] p1a: Itazura
|faint|p2a: Mismagius
|
|upkeep
|choice||switch 5
|
|switch|p2a: Vileplume|Vileplume, F|291\/291
|-sideend|p2: jujum|move: Toxic Spikes|[of] p2a: Vileplume
|turn|15
|choice|move knockoff|move leechseed
|
|move|p1a: Itazura|Knock Off|p2a: Vileplume
|-damage|p2a: Vileplume|138\/291
|-enditem|p2a: Vileplume|Black Sludge|[from] move: Knock Off|[of] p1a: Itazura
|move|p2a: Vileplume|Leech Seed|p1a: Itazura
|-start|p1a: Itazura|move: Leech Seed
|
|-damage|p1a: Itazura|220\/269|[from] Leech Seed|[of] p2a: Vileplume
|-heal|p2a: Vileplume|171\/291|[silent]
|upkeep
|turn|16
|choice|move uturn|move gigadrain
|
|move|p1a: Itazura|U-turn|p2a: Vileplume
|-damage|p2a: Vileplume|100\/291
|choice|switch 4|
|
|switch|p1a: Moving Lanturn|Lanturn, F|391\/391
|move|p2a: Vileplume|Giga Drain|p1a: Moving Lanturn
|-supereffective|p1a: Moving Lanturn
|-damage|p1a: Moving Lanturn|245\/391
|-heal|p2a: Vileplume|173\/291|[from] drain|[of] p1a: Moving Lanturn
|
|upkeep
|turn|17
|choice|move icebeam|move leechseed
|
|move|p1a: Moving Lanturn|Ice Beam|p2a: Vileplume
|-supereffective|p2a: Vileplume
|-damage|p2a: Vileplume|0 fnt
|faint|p2a: Vileplume
|
|upkeep
|choice||switch 6
|
|switch|p2a: Pyroar|Pyroar, M|313\/313
|-ability|p2a: Pyroar|Unnerve|p1: Oni Genji
|turn|18
|choice|move voltswitch|move hypervoice
|
|move|p2a: Pyroar|Hyper Voice|p1a: Moving Lanturn
|-damage|p1a: Moving Lanturn|148\/391
|move|p1a: Moving Lanturn|Volt Switch|p2a: Pyroar
|-damage|p2a: Pyroar|169\/313
|choice|switch 6|
|
|switch|p1a: Muhammad Ali|Hitmonchan, M|241\/241
|
|upkeep
|turn|19
|choice|move machpunch|move flamethrower
|
|move|p1a: Muhammad Ali|Mach Punch|p2a: Pyroar
|-supereffective|p2a: Pyroar
|-damage|p2a: Pyroar|0 fnt
|-damage|p1a: Muhammad Ali|217\/241|[from] item: Life Orb
|faint|p2a: Pyroar
|
|upkeep
|choice||switch 2
|
|switch|p2a: Electrode|Electrode|261\/261
|turn|20
|choice|move drainpunch|move thunderbolt
|
|move|p2a: Electrode|Thunderbolt|p1a: Muhammad Ali
|-damage|p1a: Muhammad Ali|114\/241
|move|p1a: Muhammad Ali|Drain Punch|p2a: Electrode
|-damage|p2a: Electrode|26\/261
|-heal|p1a: Muhammad Ali|232\/241|[from] drain|[of] p2a: Electrode
|-damage|p1a: Muhammad Ali|208\/241|[from] item: Life Orb
|
|upkeep
|turn|21
|choice|move machpunch|move thunderbolt
|
|move|p1a: Muhammad Ali|Mach Punch|p2a: Electrode
|-crit|p2a: Electrode
|-damage|p2a: Electrode|0 fnt
|-damage|p1a: Muhammad Ali|148\/241|[from] ability: Aftermath|[of] p2a: Electrode
|-damage|p1a: Muhammad Ali|124\/241|[from] item: Life Orb
|faint|p2a: Electrode
|
|win|Oni Genji
|player|p1
|player|p2
|l|jujum</script>
</div>
<div class="battle-log battle-log-inline"><div class="inner"><div class="battle-options"></div><div class="inner"><div class="chat"><small>Oni Genji joined.</small></div><div class="chat"><small>jujum joined.</small></div><div class=""><small>Format:</small> <br><strong>NU</strong></div><div class="rated"><strong>Rated battle</strong></div><div class=""><small><em>Sleep Clause Mod:</em> Limit one foe put to sleep</small></div><div class=""><small><em>Species Clause:</em> Limit one of each Pokémon</small></div><div class=""><small><em>OHKO Clause:</em> OHKO moves are banned</small></div><div class=""><small><em>Moody Clause:</em> Moody is banned</small></div><div class=""><small><em>Evasion Moves Clause:</em> Evasion moves are banned</small></div><div class=""><small><em>Endless Battle Clause:</em> Forcing endless battles is banned</small></div><div class=""><small><em>HP Percentage Mod:</em> HP is shown in percentages</small></div><div class=""><small><em>Swagger Clause:</em> Swagger is banned</small></div><div class=""><small><em>Baton Pass Clause:</em> Limit one Baton Passer, can't pass Spe and other stats simultaneously</small></div><div class="chat battle-history"><strong>Oni Genji's team:</strong> <em style="color:#445566;display:block;">Liepard / Weezing / Audino / Pyroar / Lanturn / Hitmonchan</em></div><div class="chat battle-history"><strong>jujum's team:</strong> <em style="color:#445566;display:block;">Mismagius / Vileplume / Sliggoo / Electrode / Xatu / Pyroar</em></div><div class="spacer battle-history"><br></div><div class="battle-history">Battle started between Oni Genji and jujum!<br></div><div class="spacer battle-history"><br></div><div class="battle-history">Go! Lion-O (<strong>Pyroar</strong>)!<br></div><div class="spacer battle-history"><br></div><div class="battle-history">jujum sent out <strong>Xatu</strong>!<br></div><div class="battle-history"><small>[Lion-O's Unnerve]</small><br><small>The opposing team is too nervous to eat Berries!</small><br></div><div class="spacer battle-history"><br></div><h2 class="battle-history">Turn 1</h2><div class="spacer battle-history"><br></div><div class="battle-history">Lion-O used <strong>Dark Pulse</strong>!<br></div><div class="battle-history"><small>It's super effective!</small><br></div><div class="battle-history"><small>(The opposing Xatu lost <abbr title="−226/272">83.1%</abbr> of its health!)</small><br></div><div class="spacer battle-history"><br></div><div class="battle-history">The opposing Xatu used <strong>Psychic</strong>!<br></div><div class="battle-history"><small>(Lion-O lost <abbr title="−172/313">55.0%</abbr> of its health!)</small><br></div><div class="spacer battle-history"><br></div><h2 class="battle-history">Turn 2</h2><div class="spacer battle-history"><br></div><div class="battle-history">Lion-O used <strong>Dark Pulse</strong>!<br></div><div class="battle-history"><small>It's super effective!</small><br></div><div class="battle-history"><small>(The opposing Xatu lost <abbr title="−46/272">16.9%</abbr> of its health!)</small><br></div><div class="spacer battle-history"><br></div><div class="battle-history">The opposing Xatu fainted!<br></div><div class="spacer battle-history"><br></div><div class="battle-history">jujum sent out <strong>Electrode</strong>!<br></div><div class="spacer battle-history"><br></div><h2 class="battle-history">Turn 3</h2><div class="spacer battle-history"><br></div><div class="battle-history">Lion-O, come back!<br></div><div class="battle-history">Go! Moving Lanturn (<strong>Lanturn</strong>)!<br></div><div class="spacer battle-history"><br></div><div class="battle-history">The opposing Electrode used <strong>Light Screen</strong>!<br></div><div class="battle-history"><small>Light Screen made the opposing team stronger against special moves!</small><br></div><div class="spacer battle-history"><br></div><h2 class="battle-history">Turn 4</h2><div class="spacer battle-history"><br></div><div class="battle-history">jujum withdrew Electrode!<br></div><div class="battle-history">jujum sent out <strong>Sliggoo</strong>!<br></div><div class="spacer battle-history"><br></div><div class="battle-history">Moving Lanturn used <strong>Volt Switch</strong>!<br></div><div class="battle-history"><small>It's not very effective...</small><br></div><div class="battle-history"><small>(The opposing Sliggoo lost <abbr title="−16/340">4.7%</abbr> of its health!)</small><br></div><div class="spacer battle-history"><br></div><div class="battle-history">Moving Lanturn went back to Oni Genji!<br></div><div class="battle-history">Go! Itazura (<strong>Liepard</strong>)!<br></div><div class="spacer battle-history"><br></div><div class="battle-history"><small>The opposing Sliggoo restored a little HP using its Leftovers!</small><br></div><div class="spacer battle-history"><br></div><h2 class="battle-history">Turn 5</h2><div class="spacer battle-history"><br></div><div class="battle-history">Itazura used <strong>Knock Off</strong>!<br></div><div class="battle-history"><small>(The opposing Sliggoo lost <abbr title="−271/340">79.7%</abbr> of its health!)</small><br></div><div class="battle-history"><small>[The opposing Sliggoo's Gooey]</small><br></div><div class="battle-history"><small>Itazura's Speed fell!</small><br></div><div class="battle-history"><small>Itazura knocked off the opposing Sliggoo's Leftovers!</small><br></div><div class="spacer battle-history"><br></div><div class="battle-history">The opposing Sliggoo used <strong>Toxic</strong>!<br></div><div class="battle-history"><small>Itazura was badly poisoned!</small><br></div><div class="spacer battle-history"><br></div><div class="battle-history"><small>Itazura was hurt by poison!</small><br></div><div class="spacer battle-history"><br></div><h2 class="battle-history">Turn 6</h2><div class="spacer battle-history"><br></div><div class="battle-history">Itazura used <strong>U-turn</strong>!<br></div><div class="battle-history"><small>(The opposing Sliggoo lost <abbr title="−69/340">20.3%</abbr> of its health!)</small><br></div><div class="battle-history"><small>[The opposing Sliggoo's Gooey]</small><br></div><div class="battle-history"><small>Itazura's Speed fell!</small><br></div><div class="spacer battle-history"><br></div><div class="battle-history">The opposing Sliggoo fainted!<br></div><div class="spacer battle-history"><br></div><div class="battle-history">Itazura went back to Oni Genji!<br></div><div class="battle-history">Go! Lion-O (<strong>Pyroar</strong>)!<br></div><div class="battle-history"><small>[Lion-O's Unnerve]</small><br><small>The opposing team is too nervous to eat Berries!</small><br></div><div class="spacer battle-history"><br></div><div class="battle-history">jujum sent out <strong>Electrode</strong>!<br></div><div class="spacer battle-history"><br></div><h2 class="battle-history">Turn 7</h2><div class="spacer battle-history"><br></div><div class="battle-history">Lion-O, come back!<br></div><div class="battle-history">Go! Mercy (<strong>Audino</strong>)!<br></div><div class="spacer battle-history"><br></div><div class="battle-history">The opposing Electrode used <strong>Thunderbolt</strong>!<br></div><div class="battle-history"><small>(Mercy lost <abbr title="−109/410">26.6%</abbr> of its health!)</small><br></div><div class="spacer battle-history"><br></div><div class="battle-history"><small>The opposing team's Light Screen wore off!</small><br></div><div class="spacer battle-history"><br></div><h2 class="battle-history">Turn 8</h2><div class="spacer battle-history"><br></div><div class="battle-history"><small>Mercy's Audinite is reacting to Oni Genji's Mega Bracelet!</small><br>Mercy has Mega Evolved into Mega Audino!<br></div><div class="spacer battle-history"><br></div><div class="battle-history">The opposing Electrode used <strong>Light Screen</strong>!<br></div><div class="battle-history"><small>Light Screen made the opposing team stronger against special moves!</small><br></div><div class="spacer battle-history"><br></div><div class="battle-history">Mercy used <strong>Heal Bell</strong>!<br></div><div class="battle-history"><small>A bell chimed!</small><br></div><div class="battle-history"><small>Itazura was cured of its poisoning.</small><br></div><div class="spacer battle-history"><br></div><h2 class="battle-history">Turn 9</h2><div class="spacer battle-history"><br></div><div class="battle-history">The opposing Electrode used <strong>Volt Switch</strong>!<br></div><div class="battle-history"><small>(Mercy lost <abbr title="−67/410">16.3%</abbr> of its health!)</small><br></div><div class="spacer battle-history"><br></div><div class="battle-history">The opposing Electrode went back to jujum!<br></div><div class="battle-history">jujum sent out <strong>Vileplume</strong>!<br></div><div class="spacer battle-history"><br></div><div class="battle-history">Mercy used <strong>Wish</strong>!<br></div><div class="spacer battle-history"><br></div><h2 class="battle-history">Turn 10</h2><div class="spacer battle-history"><br></div><div class="battle-history">Mercy, come back!<br></div><div class="battle-history">Go! James (<strong>Weezing</strong>)!<br></div><div class="spacer battle-history"><br></div><div class="battle-history">The opposing Vileplume used <strong>Leech Seed</strong>!<br></div><div class="battle-history"><small>James avoided the attack!</small><br></div><div class="spacer battle-history"><br></div><h2 class="battle-history">Turn 11</h2><div class="spacer battle-history"><br></div><div class="battle-history">James used <strong>Toxic Spikes</strong>!<br></div><div class="battle-history"><small>Poison spikes were scattered on the ground all around the opposing team!</small><br></div><div class="spacer battle-history"><br></div><div class="battle-history">The opposing Vileplume used <strong>Leech Seed</strong>!<br></div><div class="battle-history"><small>James was seeded!</small><br></div><div class="spacer battle-history"><br></div><div class="battle-history"><small>James's health is sapped by Leech Seed!</small><br></div><div class="spacer battle-history"><br></div><h2 class="battle-history">Turn 12</h2><div class="spacer battle-history"><br></div><div class="battle-history">jujum withdrew Vileplume!<br></div><div class="battle-history">jujum sent out <strong>Mismagius</strong>!<br></div><div class="spacer battle-history"><br></div><div class="battle-history">James used <strong>Sludge Bomb</strong>!<br></div><div class="battle-history"><small>It's not very effective...</small><br></div><div class="battle-history"><small>(The opposing Mismagius lost <abbr title="−23/262">8.8%</abbr> of its health!)</small><br></div><div class="spacer battle-history"><br></div><div class="battle-history"><small>James restored a little HP using its Black Sludge!</small><br></div><div class="battle-history"><small>James's health is sapped by Leech Seed!</small><br></div><div class="battle-history"><small>The opposing team's Light Screen wore off!</small><br></div><div class="spacer battle-history"><br></div><h2 class="battle-history">Turn 13</h2><div class="spacer battle-history"><br></div><div class="battle-history">The opposing Mismagius used <strong>Psychic</strong>!<br></div><div class="battle-history"><small>It's super effective!</small><br></div><div class="battle-history"><small>(James lost <abbr title="−226/277">81.6%</abbr> of its health!)</small><br></div><div class="spacer battle-history"><br></div><div class="battle-history">James fainted!<br></div><div class="spacer battle-history"><br></div><div class="battle-history">Go! Itazura (<strong>Liepard</strong>)!<br></div><div class="spacer battle-history"><br></div><h2 class="battle-history">Turn 14</h2><div class="spacer battle-history"><br></div><div class="battle-history">Itazura used <strong>Knock Off</strong>!<br></div><div class="battle-history"><small>It's super effective!</small><br></div><div class="battle-history"><small>(The opposing Mismagius lost <abbr title="−262/262">100%</abbr> of its health!)</small><br></div><div class="battle-history"><small>Itazura knocked off the opposing Mismagius's Expert Belt!</small><br></div><div class="spacer battle-history"><br></div><div class="battle-history">The opposing Mismagius fainted!<br></div><div class="spacer battle-history"><br></div><div class="battle-history">jujum sent out <strong>Vileplume</strong>!<br></div><div class="battle-history"><small>The poison spikes disappeared from the ground around the opposing team!</small><br></div><div class="spacer battle-history"><br></div><h2 class="battle-history">Turn 15</h2><div class="spacer battle-history"><br></div><div class="battle-history">Itazura used <strong>Knock Off</strong>!<br></div><div class="battle-history"><small>(The opposing Vileplume lost <abbr title="−153/291">52.6%</abbr> of its health!)</small><br></div><div class="battle-history"><small>Itazura knocked off the opposing Vileplume's Black Sludge!</small><br></div><div class="spacer battle-history"><br></div><div class="battle-history">The opposing Vileplume used <strong>Leech Seed</strong>!<br></div><div class="battle-history"><small>Itazura was seeded!</small><br></div><div class="spacer battle-history"><br></div><div class="battle-history"><small>Itazura's health is sapped by Leech Seed!</small><br></div><div class="spacer battle-history"><br></div><h2 class="battle-history">Turn 16</h2><div class="spacer battle-history"><br></div><div class="battle-history">Itazura used <strong>U-turn</strong>!<br></div><div class="battle-history"><small>(The opposing Vileplume lost <abbr title="−71/291">24.4%</abbr> of its health!)</small><br></div><div class="spacer battle-history"><br></div><div class="battle-history">Itazura went back to Oni Genji!<br></div><div class="battle-history">Go! Moving Lanturn (<strong>Lanturn</strong>)!<br></div><div class="spacer battle-history"><br></div><div class="battle-history">The opposing Vileplume used <strong>Giga Drain</strong>!<br></div><div class="battle-history"><small>It's super effective!</small><br></div><div class="battle-history"><small>(Moving Lanturn lost <abbr title="−146/391">37.3%</abbr> of its health!)</small><br></div><div class="battle-history"><small>Moving Lanturn had its energy drained!</small><br></div><div class="spacer battle-history"><br></div><h2 class="battle-history">Turn 17</h2><div class="spacer battle-history"><br></div><div class="battle-history">Moving Lanturn used <strong>Ice Beam</strong>!<br></div><div class="battle-history"><small>It's super effective!</small><br></div><div class="battle-history"><small>(The opposing Vileplume lost <abbr title="−173/291">59.5%</abbr> of its health!)</small><br></div><div class="spacer battle-history"><br></div><div class="battle-history">The opposing Vileplume fainted!<br></div><div class="spacer battle-history"><br></div><div class="battle-history">jujum sent out <strong>Pyroar</strong>!<br></div><div class="battle-history"><small>[The opposing Pyroar's Unnerve]</small><br><small>Your team is too nervous to eat Berries!</small><br></div><div class="spacer battle-history"><br></div><h2 class="battle-history">Turn 18</h2><div class="spacer battle-history"><br></div><div class="battle-history">The opposing Pyroar used <strong>Hyper Voice</strong>!<br></div><div class="battle-history"><small>(Moving Lanturn lost <abbr title="−97/391">24.8%</abbr> of its health!)</small><br></div><div class="spacer battle-history"><br></div><div class="battle-history">Moving Lanturn used <strong>Volt Switch</strong>!<br></div><div class="battle-history"><small>(The opposing Pyroar lost <abbr title="−144/313">46.0%</abbr> of its health!)</small><br></div><div class="spacer battle-history"><br></div><div class="battle-history">Moving Lanturn went back to Oni Genji!<br></div><div class="battle-history">Go! Muhammad Ali (<strong>Hitmonchan</strong>)!<br></div><div class="spacer battle-history"><br></div><h2 class="battle-history">Turn 19</h2><div class="spacer battle-history"><br></div><div class="battle-history">Muhammad Ali used <strong>Mach Punch</strong>!<br></div><div class="battle-history"><small>It's super effective!</small><br></div><div class="battle-history"><small>(The opposing Pyroar lost <abbr title="−169/313">54.0%</abbr> of its health!)</small><br></div><div class="battle-history"><small>Muhammad Ali lost some of its HP!</small><br></div><div class="spacer battle-history"><br></div><div class="battle-history">The opposing Pyroar fainted!<br></div><div class="spacer battle-history"><br></div><div class="battle-history">jujum sent out <strong>Electrode</strong>!<br></div><div class="spacer battle-history"><br></div><h2 class="battle-history">Turn 20</h2><div class="spacer battle-history"><br></div><div class="battle-history">The opposing Electrode used <strong>Thunderbolt</strong>!<br></div><div class="battle-history"><small>(Muhammad Ali lost <abbr title="−103/241">42.7%</abbr> of its health!)</small><br></div><div class="spacer battle-history"><br></div><div class="battle-history">Muhammad Ali used <strong>Drain Punch</strong>!<br></div><div class="battle-history"><small>(The opposing Electrode lost <abbr title="−235/261">90.0%</abbr> of its health!)</small><br></div><div class="battle-history"><small>The opposing Electrode had its energy drained!</small><br></div><div class="battle-history"><small>Muhammad Ali lost some of its HP!</small><br></div><div class="spacer battle-history"><br></div><h2 class="battle-history">Turn 21</h2><div class="spacer battle-history"><br></div><div class="battle-history">Muhammad Ali used <strong>Mach Punch</strong>!<br></div><div class="battle-history"><small>A critical hit!</small><br></div><div class="battle-history"><small>(The opposing Electrode lost <abbr title="−26/261">10.0%</abbr> of its health!)</small><br></div><div class="battle-history"><small>[The opposing Electrode's Aftermath]</small><br><small>Muhammad Ali is hurt!</small><br></div><div class="battle-history"><small>Muhammad Ali lost some of its HP!</small><br></div><div class="spacer battle-history"><br></div><div class="battle-history">The opposing Electrode fainted!<br></div><div class="spacer battle-history"><br></div><div class="battle-history"><strong>Oni Genji</strong> won the battle!<br></div><div class="chat"><small>jujum left.</small></div></div><div class="inner-preempt"></div></div></div>
</div>
<script>
let daily = Math.floor(Date.now()/1000/60/60/24);document.write('<script src="https://play.pokemonshowdown.com/js/replay-embed.js?version'+daily+'"></'+'script>');
</script>
