<!DOCTYPE html>
<meta charset="utf-8" />
<!-- version 1 -->
<title>PU replay: Jaamez vs. SpeedTurtleFTW</title>
<style>
html,body {font-family:Verdana, sans-serif;font-size:10pt;margin:0;padding:0;}body{padding:12px 0;} .battle-log {font-family:Verdana, sans-serif;font-size:10pt;} .battle-log-inline {border:1px solid #AAAAAA;background:#EEF2F5;color:black;max-width:640px;margin:0 auto 80px;padding-bottom:5px;} .battle-log .inner {padding:4px 8px 0px 8px;} .battle-log .inner-preempt {padding:0 8px 4px 8px;} .battle-log .inner-after {margin-top:0.5em;} .battle-log h2 {margin:0.5em -8px;padding:4px 8px;border:1px solid #AAAAAA;background:#E0E7EA;border-left:0;border-right:0;font-family:Verdana, sans-serif;font-size:13pt;} .battle-log .chat {vertical-align:middle;padding:3px 0 3px 0;font-size:8pt;} .battle-log .chat strong {color:#40576A;} .battle-log .chat em {padding:1px 4px 1px 3px;color:#000000;font-style:normal;} .chat.mine {background:rgba(0,0,0,0.05);margin-left:-8px;margin-right:-8px;padding-left:8px;padding-right:8px;} .spoiler {color:#BBBBBB;background:#BBBBBB;padding:0px 3px;} .spoiler:hover, .spoiler:active, .spoiler-shown {color:#000000;background:#E2E2E2;padding:0px 3px;} .spoiler a {color:#BBBBBB;} .spoiler:hover a, .spoiler:active a, .spoiler-shown a {color:#2288CC;} .chat code, .chat .spoiler:hover code, .chat .spoiler:active code, .chat .spoiler-shown code {border:1px solid #C0C0C0;background:#EEEEEE;color:black;padding:0 2px;} .chat .spoiler code {border:1px solid #CCCCCC;background:#CCCCCC;color:#CCCCCC;} .battle-log .rated {padding:3px 4px;} .battle-log .rated strong {color:white;background:#89A;padding:1px 4px;border-radius:4px;} .spacer {margin-top:0.5em;} .message-announce {background:#6688AA;color:white;padding:1px 4px 2px;} .message-announce a, .broadcast-green a, .broadcast-blue a, .broadcast-red a {color:#DDEEFF;} .broadcast-green {background-color:#559955;color:white;padding:2px 4px;} .broadcast-blue {background-color:#6688AA;color:white;padding:2px 4px;} .infobox {border:1px solid #6688AA;padding:2px 4px;} .infobox-limited {max-height:200px;overflow:auto;overflow-x:hidden;} .broadcast-red {background-color:#AA5544;color:white;padding:2px 4px;} .message-learn-canlearn {font-weight:bold;color:#228822;text-decoration:underline;} .message-learn-cannotlearn {font-weight:bold;color:#CC2222;text-decoration:underline;} .message-effect-weak {font-weight:bold;color:#CC2222;} .message-effect-resist {font-weight:bold;color:#6688AA;} .message-effect-immune {font-weight:bold;color:#666666;} .message-learn-list {margin-top:0;margin-bottom:0;} .message-throttle-notice, .message-error {color:#992222;} .message-overflow, .chat small.message-overflow {font-size:0pt;} .message-overflow::before {font-size:9pt;content:'...';} .subtle {color:#3A4A66;}
</style>
<div class="wrapper replay-wrapper" style="max-width:1180px;margin:0 auto">
<input type="hidden" name="replayid" value="pu-561366145" />
<div class="battle"></div><div class="battle-log"></div><div class="replay-controls"></div><div class="replay-controls-2"></div>
<h1 style="font-weight:normal;text-align:center"><strong>PU</strong><br /><a href="http://pokemonshowdown.com/users/jaamez" class="subtle" target="_blank">Jaamez</a> vs. <a href="http://pokemonshowdown.com/users/speedturtleftw" class="subtle" target="_blank">SpeedTurtleFTW</a></h1>
<script type="text/plain" class="battle-log-data">|j|Jaamez
|j|SpeedTurtleFTW
|player|p1|Jaamez|169
|player|p2|SpeedTurtleFTW|29
|gametype|singles
|gen|6
|tier|PU
|seed|59820,54724,59587,4852
|rule|Sleep Clause Mod: Limit one foe put to sleep
|rule|Species Clause: Limit one of each Pokémon
|rule|OHKO Clause: OHKO moves are banned
|rule|Moody Clause: Moody is banned
|rule|Evasion Moves Clause: Evasion moves are banned
|rule|Endless Battle Clause: Forcing endless battles is banned
|rule|HP Percentage Mod: HP is shown in percentages
|clearpoke
|poke|p1|Wobbuffet, F, shiny|item
|poke|p1|Gabite, M|item
|poke|p1|Trevenant, M, shiny|item
|poke|p1|Ditto|item
|poke|p1|Camerupt, M|item
|poke|p1|Articuno|item
|poke|p2|Kricketune, M|item
|poke|p2|Marowak, F|item
|poke|p2|Camerupt, M|item
|poke|p2|Ursaring, F|item
|poke|p2|Misdreavus, F|item
|poke|p2|Luxray, M|item
|rule|Swagger Clause: Swagger is banned
|rule|Baton Pass Clause: Limit one Baton Passer, can't pass Spe and other stats simultaneously
|teampreview
|choice|team 5, team 2, team 3, team 4, team 1, team 6|team 1, team 2, team 3, team 4, team 5, team 6
|
|start
|switch|p1a: Camerupt|Camerupt, M|344\/344
|switch|p2a: Kricketune|Kricketune, M|295\/295
|turn|1
|choice|move earthquake|move stickyweb
|
|move|p2a: Kricketune|Sticky Web|p1a: Camerupt
|-sidestart|p1: Jaamez|move: Sticky Web
|move|p1a: Camerupt|Earthquake|p2a: Kricketune
|-resisted|p2a: Kricketune
|-damage|p2a: Kricketune|156\/295
|
|upkeep
|turn|2
|choice|move fireblast|move knockoff
|
|move|p2a: Kricketune|Knock Off|p1a: Camerupt
|-damage|p1a: Camerupt|231\/344
|-enditem|p1a: Camerupt|Leftovers|[from] move: Knock Off|[of] p2a: Kricketune
|move|p1a: Camerupt|Fire Blast|p2a: Kricketune
|-supereffective|p2a: Kricketune
|-damage|p2a: Kricketune|0 fnt
|faint|p2a: Kricketune
|
|upkeep
|choice||switch 2
|
|switch|p2a: Marowak|Marowak, F|261\/261
|turn|3
|choice|switch 6|move doubleedge
|
|switch|p1a: Articuno|Articuno|384\/384
|-ability|p1a: Articuno|Pressure
|move|p2a: Marowak|Double-Edge|p1a: Articuno
|-damage|p1a: Articuno|150\/384
|
|-heal|p1a: Articuno|174\/384|[from] item: Leftovers
|upkeep
|turn|4
|choice|move hurricane|move doubleedge
|
|move|p2a: Marowak|Double-Edge|p1a: Articuno
|-damage|p1a: Articuno|0 fnt
|faint|p1a: Articuno
|
|upkeep
|choice|switch 5|
|
|switch|p1a: Wobbuffet|Wobbuffet, F, shiny|583\/583
|-activate|p1a: Wobbuffet|move: Sticky Web
|-unboost|p1a: Wobbuffet|spe|1
|turn|5
|choice|move counter|move stealthrock
|
|move|p2a: Marowak|Stealth Rock|p1a: Wobbuffet
|-sidestart|p1: Jaamez|move: Stealth Rock
|move|p1a: Wobbuffet|Counter|p2a: Marowak
|-fail|p2a: Marowak
|
|upkeep
|turn|6
|choice|move counter|switch 5
|
|switch|p2a: Misdreavus|Misdreavus, F|261\/261
|move|p1a: Wobbuffet|Counter|p2a: Misdreavus
|-immune|p2a: Misdreavus|[msg]
|
|upkeep
|turn|7
|choice|move destinybond|move nastyplot
|
|move|p2a: Misdreavus|Nasty Plot|p2a: Misdreavus
|-boost|p2a: Misdreavus|spa|2
|move|p1a: Wobbuffet|Destiny Bond|p1a: Wobbuffet
|-singlemove|p1a: Wobbuffet|Destiny Bond
|
|upkeep
|turn|8
|choice|move destinybond|move nastyplot
|
|move|p2a: Misdreavus|Nasty Plot|p2a: Misdreavus
|-boost|p2a: Misdreavus|spa|2
|move|p1a: Wobbuffet|Destiny Bond|p1a: Wobbuffet
|-singlemove|p1a: Wobbuffet|Destiny Bond
|
|upkeep
|turn|9
|choice|move destinybond|move taunt
|
|move|p2a: Misdreavus|Taunt|p1a: Wobbuffet
|-start|p1a: Wobbuffet|move: Taunt
|cant|p1a: Wobbuffet|move: Taunt|Destiny Bond
|
|upkeep
|turn|10
|choice|move mirrorcoat|move shadowball
|
|move|p2a: Misdreavus|Shadow Ball|p1a: Wobbuffet
|-supereffective|p1a: Wobbuffet
|-damage|p1a: Wobbuffet|0 fnt
|faint|p1a: Wobbuffet
|
|upkeep
|choice|switch 4|
|
|switch|p1a: Ditto|Ditto|300\/300
|-damage|p1a: Ditto|263\/300|[from] Stealth Rock
|-activate|p1a: Ditto|move: Sticky Web
|-unboost|p1a: Ditto|spe|1
|-transform|p1a: Ditto|p2a: Misdreavus|[from] ability: Imposter
|turn|11
|choice|move shadowball|switch 4
|
|switch|p2a: Ursaring|Ursaring, F|321\/321
|move|p1a: Ditto|Shadow Ball|p2a: Ursaring
|-immune|p2a: Ursaring|[msg]
|
|-status|p2a: Ursaring|brn|[from] item: Flame Orb
|upkeep
|turn|12
|choice|switch 3|move crunch
|
|switch|p1a: Trevenant|Trevenant, M, shiny|374\/374
|-activate|p1a: Trevenant|move: Sticky Web
|-unboost|p1a: Trevenant|spe|1
|-damage|p1a: Trevenant|328\/374|[from] Stealth Rock
|move|p2a: Ursaring|Crunch|p1a: Trevenant
|-supereffective|p1a: Trevenant
|-damage|p1a: Trevenant|0 fnt
|faint|p1a: Trevenant
|
|-damage|p2a: Ursaring|281\/321 brn|[from] brn
|upkeep
|choice|switch 2|
|
|switch|p1a: Gabite|Gabite, M|277\/277
|-damage|p1a: Gabite|260\/277|[from] Stealth Rock
|-activate|p1a: Gabite|move: Sticky Web
|-unboost|p1a: Gabite|spe|1
|turn|13
|choice|move fireblast|move facade
|
|move|p1a: Gabite|Fire Blast|p2a: Ursaring
|-damage|p2a: Ursaring|228\/321 brn
|move|p2a: Ursaring|Facade|p1a: Gabite
|-damage|p1a: Gabite|0 fnt
|-damage|p2a: Ursaring|188\/321 brn|[from] ability: Rough Skin|[of] p1a: Gabite
|faint|p1a: Gabite
|
|-damage|p2a: Ursaring|148\/321 brn|[from] brn
|upkeep
|choice|switch 3|
|
|switch|p1a: Ditto|Ditto|263\/300
|-activate|p1a: Ditto|move: Sticky Web
|-unboost|p1a: Ditto|spe|1
|-damage|p1a: Ditto|226\/300|[from] Stealth Rock
|-transform|p1a: Ditto|p2a: Ursaring|[from] ability: Imposter
|turn|14
|choice|move closecombat|move closecombat
|
|move|p1a: Ditto|Close Combat|p2a: Ursaring
|-supereffective|p2a: Ursaring
|-damage|p2a: Ursaring|0 fnt
|-unboost|p1a: Ditto|def|1
|-unboost|p1a: Ditto|spd|1
|faint|p2a: Ursaring
|
|upkeep
|choice||switch 4
|
|switch|p2a: Misdreavus|Misdreavus, F|261\/261
|turn|15
|choice|switch 6|move hiddenpower
|
|switch|p1a: Camerupt|Camerupt, M|231\/344
|-activate|p1a: Camerupt|move: Sticky Web
|-unboost|p1a: Camerupt|spe|1
|-damage|p1a: Camerupt|188\/344|[from] Stealth Rock
|move|p2a: Misdreavus|Hidden Power|p1a: Camerupt
|-damage|p1a: Camerupt|117\/344
|
|upkeep
|turn|16
|choice|move fireblast|switch 5
|
|switch|p2a: Marowak|Marowak, F|261\/261
|move|p1a: Camerupt|Fire Blast|p2a: Marowak
|-damage|p2a: Marowak|98\/261
|
|upkeep
|turn|17
|choice|move earthquake|move bonemerang
|
|move|p2a: Marowak|Bonemerang|p1a: Camerupt
|-supereffective|p1a: Camerupt
|-damage|p1a: Camerupt|0 fnt
|-hitcount|p1a: Camerupt|1
|faint|p1a: Camerupt
|
|upkeep
|choice|switch 6|
|
|switch|p1a: Ditto|Ditto|226\/300
|-damage|p1a: Ditto|189\/300|[from] Stealth Rock
|-activate|p1a: Ditto|move: Sticky Web
|-unboost|p1a: Ditto|spe|1
|-transform|p1a: Ditto|p2a: Marowak|[from] ability: Imposter
|turn|18
|choice|move bonemerang|move bonemerang
|
|move|p1a: Ditto|Bonemerang|p2a: Marowak
|-damage|p2a: Marowak|37\/261
|-crit|p2a: Marowak
|-damage|p2a: Marowak|0 fnt
|-hitcount|p2a: Marowak|2
|faint|p2a: Marowak
|
|upkeep
|choice||switch 5
|
|switch|p2a: Misdreavus|Misdreavus, F|261\/261
|turn|19
|choice|move bonemerang|move shadowball
|
|move|p2a: Misdreavus|Shadow Ball|p1a: Ditto
|-damage|p1a: Ditto|54\/300
|-unboost|p1a: Ditto|spd|1
|move|p1a: Ditto|Bonemerang|p2a: Misdreavus
|-immune|p2a: Misdreavus|[msg]|[from] ability: Levitate
|
|upkeep
|turn|20
|choice|move bonemerang|move shadowball
|
|move|p2a: Misdreavus|Shadow Ball|p1a: Ditto
|-damage|p1a: Ditto|0 fnt
|faint|p1a: Ditto
|
|win|SpeedTurtleFTW
|l|Jaamez</script>
</div>
<div class="battle-log battle-log-inline"><div class="inner"><div class="battle-options"></div><div class="inner"><div class="chat"><small>Jaamez joined.</small></div><div class="chat"><small>SpeedTurtleFTW joined.</small></div><div class=""><small>Format:</small> <br><strong>PU</strong></div><div class=""><small><em>Sleep Clause Mod:</em> Limit one foe put to sleep</small></div><div class=""><small><em>Species Clause:</em> Limit one of each Pokémon</small></div><div class=""><small><em>OHKO Clause:</em> OHKO moves are banned</small></div><div class=""><small><em>Moody Clause:</em> Moody is banned</small></div><div class=""><small><em>Evasion Moves Clause:</em> Evasion moves are banned</small></div><div class=""><small><em>Endless Battle Clause:</em> Forcing endless battles is banned</small></div><div class=""><small><em>HP Percentage Mod:</em> HP is shown in percentages</small></div><div class=""><small><em>Swagger Clause:</em> Swagger is banned</small></div><div class=""><small><em>Baton Pass Clause:</em> Limit one Baton Passer, can't pass Spe and other stats simultaneously</small></div><div class="chat battle-history"><strong>Jaamez's team:</strong> <em style="color:#445566;display:block;">Wobbuffet / Gabite / Trevenant / Ditto / Camerupt / Articuno</em></div><div class="chat battle-history"><strong>SpeedTurtleFTW's team:</strong> <em style="color:#445566;display:block;">Kricketune / Marowak / Camerupt / Ursaring / Misdreavus / Luxray</em></div><div class="spacer battle-history"><br></div><div class="battle-history">Battle started between Jaamez and SpeedTurtleFTW!<br></div><div class="spacer battle-history"><br></div><div class="battle-history">Go! <strong>Camerupt</strong>!<br></div><div class="spacer battle-history"><br></div><div class="battle-history">SpeedTurtleFTW sent out <strong>Kricketune</strong>!<br></div><div class="spacer battle-history"><br></div><h2 class="battle-history">Turn 1</h2><div class="spacer battle-history"><br></div><div class="battle-history">The opposing Kricketune used <strong>Sticky Web</strong>!<br></div><div class="battle-history"><small>A sticky web spreads out on the ground around your team!</small><br></div><div class="spacer battle-history"><br></div><div class="battle-history">Camerupt used <strong>Earthquake</strong>!<br></div><div class="battle-history"><small>It's not very effective...</small><br></div><div class="battle-history"><small>(The opposing Kricketune lost <abbr title="−139/295">47.1%</abbr> of its health!)</small><br></div><div class="spacer battle-history"><br></div><h2 class="battle-history">Turn 2</h2><div class="spacer battle-history"><br></div><div class="battle-history">The opposing Kricketune used <strong>Knock Off</strong>!<br></div><div class="battle-history"><small>(Camerupt lost <abbr title="−113/344">32.8%</abbr> of its health!)</small><br></div><div class="battle-history"><small>The opposing Kricketune knocked off Camerupt's Leftovers!</small><br></div><div class="spacer battle-history"><br></div><div class="battle-history">Camerupt used <strong>Fire Blast</strong>!<br></div><div class="battle-history"><small>It's super effective!</small><br></div><div class="battle-history"><small>(The opposing Kricketune lost <abbr title="−156/295">52.9%</abbr> of its health!)</small><br></div><div class="spacer battle-history"><br></div><div class="battle-history">The opposing Kricketune fainted!<br></div><div class="spacer battle-history"><br></div><div class="battle-history">SpeedTurtleFTW sent out <strong>Marowak</strong>!<br></div><div class="spacer battle-history"><br></div><h2 class="battle-history">Turn 3</h2><div class="spacer battle-history"><br></div><div class="battle-history">Camerupt, come back!<br></div><div class="battle-history">Go! <strong>Articuno</strong>!<br></div><div class="battle-history"><small>[Articuno's Pressure]</small><br><small>Articuno is exerting its pressure!</small><br></div><div class="spacer battle-history"><br></div><div class="battle-history">The opposing Marowak used <strong>Double-Edge</strong>!<br></div><div class="battle-history"><small>(Articuno lost <abbr title="−234/384">60.9%</abbr> of its health!)</small><br></div><div class="spacer battle-history"><br></div><div class="battle-history"><small>Articuno restored a little HP using its Leftovers!</small><br></div><div class="spacer battle-history"><br></div><h2 class="battle-history">Turn 4</h2><div class="spacer battle-history"><br></div><div class="battle-history">The opposing Marowak used <strong>Double-Edge</strong>!<br></div><div class="battle-history"><small>(Articuno lost <abbr title="−174/384">45.3%</abbr> of its health!)</small><br></div><div class="spacer battle-history"><br></div><div class="battle-history">Articuno fainted!<br></div><div class="spacer battle-history"><br></div><div class="battle-history">Go! <strong>Wobbuffet</strong>!<br></div><div class="battle-history"><small>Wobbuffet was caught in a sticky web!</small><br></div><div class="battle-history"><small>Wobbuffet's Speed fell!</small><br></div><div class="spacer battle-history"><br></div><h2 class="battle-history">Turn 5</h2><div class="spacer battle-history"><br></div><div class="battle-history">The opposing Marowak used <strong>Stealth Rock</strong>!<br></div><div class="battle-history"><small>Pointed stones float in the air around your team!</small><br></div><div class="spacer battle-history"><br></div><div class="battle-history">Wobbuffet used <strong>Counter</strong>!<br></div><div class="battle-history"><small>But it failed!</small><br></div><div class="spacer battle-history"><br></div><h2 class="battle-history">Turn 6</h2><div class="spacer battle-history"><br></div><div class="battle-history">SpeedTurtleFTW withdrew Marowak!<br></div><div class="battle-history">SpeedTurtleFTW sent out <strong>Misdreavus</strong>!<br></div><div class="spacer battle-history"><br></div><div class="battle-history">Wobbuffet used <strong>Counter</strong>!<br></div><div class="battle-history"><small>It doesn't affect the opposing Misdreavus...</small><br></div><div class="spacer battle-history"><br></div><h2 class="battle-history">Turn 7</h2><div class="spacer battle-history"><br></div><div class="battle-history">The opposing Misdreavus used <strong>Nasty Plot</strong>!<br></div><div class="battle-history"><small>The opposing Misdreavus's Special Attack rose sharply!</small><br></div><div class="spacer battle-history"><br></div><div class="battle-history">Wobbuffet used <strong>Destiny Bond</strong>!<br></div><div class="battle-history">Wobbuffet is hoping to take its attacker down with it!<br></div><div class="spacer battle-history"><br></div><h2 class="battle-history">Turn 8</h2><div class="spacer battle-history"><br></div><div class="battle-history">The opposing Misdreavus used <strong>Nasty Plot</strong>!<br></div><div class="battle-history"><small>The opposing Misdreavus's Special Attack rose sharply!</small><br></div><div class="spacer battle-history"><br></div><div class="battle-history">Wobbuffet used <strong>Destiny Bond</strong>!<br></div><div class="battle-history">Wobbuffet is hoping to take its attacker down with it!<br></div><div class="spacer battle-history"><br></div><h2 class="battle-history">Turn 9</h2><div class="spacer battle-history"><br></div><div class="battle-history">The opposing Misdreavus used <strong>Taunt</strong>!<br></div><div class="battle-history"><small>Wobbuffet fell for the taunt!</small><br></div><div class="spacer battle-history"><br></div><div class="battle-history">Wobbuffet can't use Destiny Bond after the taunt!<br></div><div class="spacer battle-history"><br></div><h2 class="battle-history">Turn 10</h2><div class="spacer battle-history"><br></div><div class="battle-history">The opposing Misdreavus used <strong>Shadow Ball</strong>!<br></div><div class="battle-history"><small>It's super effective!</small><br></div><div class="battle-history"><small>(Wobbuffet lost <abbr title="−583/583">100%</abbr> of its health!)</small><br></div><div class="spacer battle-history"><br></div><div class="battle-history">Wobbuffet fainted!<br></div><div class="spacer battle-history"><br></div><div class="battle-history">Go! <strong>Ditto</strong>!<br></div><div class="battle-history"><small>Pointed stones dug into Ditto!</small><br></div><div class="battle-history"><small>Ditto was caught in a sticky web!</small><br></div><div class="battle-history"><small>Ditto's Speed fell!</small><br></div><div class="battle-history"><small>[Ditto's Imposter]</small><br>Ditto transformed into Misdreavus!<br></div><div class="spacer battle-history"><br></div><h2 class="battle-history">Turn 11</h2><div class="spacer battle-history"><br></div><div class="battle-history">SpeedTurtleFTW withdrew Misdreavus!<br></div><div class="battle-history">SpeedTurtleFTW sent out <strong>Ursaring</strong>!<br></div><div class="spacer battle-history"><br></div><div class="battle-history">Ditto used <strong>Shadow Ball</strong>!<br></div><div class="battle-history"><small>It doesn't affect the opposing Ursaring...</small><br></div><div class="spacer battle-history"><br></div><div class="battle-history"><small>The opposing Ursaring was burned!</small><br></div><div class="spacer battle-history"><br></div><h2 class="battle-history">Turn 12</h2><div class="spacer battle-history"><br></div><div class="battle-history">Ditto, come back!<br></div><div class="battle-history">Go! <strong>Trevenant</strong>!<br></div><div class="battle-history"><small>Trevenant was caught in a sticky web!</small><br></div><div class="battle-history"><small>Trevenant's Speed fell!</small><br></div><div class="battle-history"><small>Pointed stones dug into Trevenant!</small><br></div><div class="spacer battle-history"><br></div><div class="battle-history">The opposing Ursaring used <strong>Crunch</strong>!<br></div><div class="battle-history"><small>It's super effective!</small><br></div><div class="battle-history"><small>(Trevenant lost <abbr title="−328/374">87.7%</abbr> of its health!)</small><br></div><div class="spacer battle-history"><br></div><div class="battle-history">Trevenant fainted!<br></div><div class="spacer battle-history"><br></div><div class="battle-history"><small>The opposing Ursaring was hurt by its burn!</small><br></div><div class="spacer battle-history"><br></div><div class="battle-history">Go! <strong>Gabite</strong>!<br></div><div class="battle-history"><small>Pointed stones dug into Gabite!</small><br></div><div class="battle-history"><small>Gabite was caught in a sticky web!</small><br></div><div class="battle-history"><small>Gabite's Speed fell!</small><br></div><div class="spacer battle-history"><br></div><h2 class="battle-history">Turn 13</h2><div class="spacer battle-history"><br></div><div class="battle-history">Gabite used <strong>Fire Blast</strong>!<br></div><div class="battle-history"><small>(The opposing Ursaring lost <abbr title="−53/321">16.5%</abbr> of its health!)</small><br></div><div class="spacer battle-history"><br></div><div class="battle-history">The opposing Ursaring used <strong>Facade</strong>!<br></div><div class="battle-history"><small>(Gabite lost <abbr title="−260/277">93.9%</abbr> of its health!)</small><br></div><div class="battle-history"><small>[Gabite's Rough Skin]</small><br><small>The opposing Ursaring was hurt!</small><br></div><div class="spacer battle-history"><br></div><div class="battle-history">Gabite fainted!<br></div><div class="spacer battle-history"><br></div><div class="battle-history"><small>The opposing Ursaring was hurt by its burn!</small><br></div><div class="spacer battle-history"><br></div><div class="battle-history">Go! <strong>Ditto</strong>!<br></div><div class="battle-history"><small>Ditto was caught in a sticky web!</small><br></div><div class="battle-history"><small>Ditto's Speed fell!</small><br></div><div class="battle-history"><small>Pointed stones dug into Ditto!</small><br></div><div class="battle-history"><small>[Ditto's Imposter]</small><br>Ditto transformed into Ursaring!<br></div><div class="spacer battle-history"><br></div><h2 class="battle-history">Turn 14</h2><div class="spacer battle-history"><br></div><div class="battle-history">Ditto used <strong>Close Combat</strong>!<br></div><div class="battle-history"><small>It's super effective!</small><br></div><div class="battle-history"><small>(The opposing Ursaring lost <abbr title="−148/321">46.1%</abbr> of its health!)</small><br></div><div class="battle-history"><small>Ditto's Defense fell!</small><br></div><div class="battle-history"><small>Ditto's Special Defense fell!</small><br></div><div class="spacer battle-history"><br></div><div class="battle-history">The opposing Ursaring fainted!<br></div><div class="spacer battle-history"><br></div><div class="battle-history">SpeedTurtleFTW sent out <strong>Misdreavus</strong>!<br></div><div class="spacer battle-history"><br></div><h2 class="battle-history">Turn 15</h2><div class="spacer battle-history"><br></div><div class="battle-history">Ditto, come back!<br></div><div class="battle-history">Go! <strong>Camerupt</strong>!<br></div><div class="battle-history"><small>Camerupt was caught in a sticky web!</small><br></div><div class="battle-history"><small>Camerupt's Speed fell!</small><br></div><div class="battle-history"><small>Pointed stones dug into Camerupt!</small><br></div><div class="spacer battle-history"><br></div><div class="battle-history">The opposing Misdreavus used <strong>Hidden Power</strong>!<br></div><div class="battle-history"><small>(Camerupt lost <abbr title="−71/344">20.6%</abbr> of its health!)</small><br></div><div class="spacer battle-history"><br></div><h2 class="battle-history">Turn 16</h2><div class="spacer battle-history"><br></div><div class="battle-history">SpeedTurtleFTW withdrew Misdreavus!<br></div><div class="battle-history">SpeedTurtleFTW sent out <strong>Marowak</strong>!<br></div><div class="spacer battle-history"><br></div><div class="battle-history">Camerupt used <strong>Fire Blast</strong>!<br></div><div class="battle-history"><small>(The opposing Marowak lost <abbr title="−163/261">62.5%</abbr> of its health!)</small><br></div><div class="spacer battle-history"><br></div><h2 class="battle-history">Turn 17</h2><div class="spacer battle-history"><br></div><div class="battle-history">The opposing Marowak used <strong>Bonemerang</strong>!<br></div><div class="battle-history"><small>It's super effective!</small><br></div><div class="battle-history"><small>(Camerupt lost <abbr title="−117/344">34.0%</abbr> of its health!)</small><br></div><div class="battle-history"><small>Hit 1 time!</small><br></div><div class="spacer battle-history"><br></div><div class="battle-history">Camerupt fainted!<br></div><div class="spacer battle-history"><br></div><div class="battle-history">Go! <strong>Ditto</strong>!<br></div><div class="battle-history"><small>Pointed stones dug into Ditto!</small><br></div><div class="battle-history"><small>Ditto was caught in a sticky web!</small><br></div><div class="battle-history"><small>Ditto's Speed fell!</small><br></div><div class="battle-history"><small>[Ditto's Imposter]</small><br>Ditto transformed into Marowak!<br></div><div class="spacer battle-history"><br></div><h2 class="battle-history">Turn 18</h2><div class="spacer battle-history"><br></div><div class="battle-history">Ditto used <strong>Bonemerang</strong>!<br></div><div class="battle-history"><small>(The opposing Marowak lost <abbr title="−61/261">23.4%</abbr> of its health!)</small><br></div><div class="battle-history"><small>A critical hit!</small><br></div><div class="battle-history"><small>(The opposing Marowak lost <abbr title="−37/261">14.2%</abbr> of its health!)</small><br></div><div class="battle-history"><small>Hit 2 times!</small><br></div><div class="spacer battle-history"><br></div><div class="battle-history">The opposing Marowak fainted!<br></div><div class="spacer battle-history"><br></div><div class="battle-history">SpeedTurtleFTW sent out <strong>Misdreavus</strong>!<br></div><div class="spacer battle-history"><br></div><h2 class="battle-history">Turn 19</h2><div class="spacer battle-history"><br></div><div class="battle-history">The opposing Misdreavus used <strong>Shadow Ball</strong>!<br></div><div class="battle-history"><small>(Ditto lost <abbr title="−135/300">45%</abbr> of its health!)</small><br></div><div class="battle-history"><small>Ditto's Special Defense fell!</small><br></div><div class="spacer battle-history"><br></div><div class="battle-history">Ditto used <strong>Bonemerang</strong>!<br></div><div class="battle-history"><small>[The opposing Misdreavus's Levitate]</small><br><small>It doesn't affect the opposing Misdreavus...</small><br></div><div class="spacer battle-history"><br></div><h2 class="battle-history">Turn 20</h2><div class="spacer battle-history"><br></div><div class="battle-history">The opposing Misdreavus used <strong>Shadow Ball</strong>!<br></div><div class="battle-history"><small>(Ditto lost <abbr title="−54/300">18%</abbr> of its health!)</small><br></div><div class="spacer battle-history"><br></div><div class="battle-history">Ditto fainted!<br></div><div class="spacer battle-history"><br></div><div class="battle-history"><strong>SpeedTurtleFTW</strong> won the battle!<br></div><div class="chat"><small>Jaamez left.</small></div></div><div class="inner-preempt"></div></div></div>
</div>
<script>
let daily = Math.floor(Date.now()/1000/60/60/24);document.write('<script src="https://play.pokemonshowdown.com/js/replay-embed.js?version'+daily+'"></'+'script>');
</script>
