<!DOCTYPE html>
<meta charset="utf-8" />
<!-- version 1 -->
<title>PU replay: skidubaoi vs. SupremeRs</title>
<style>
html,body {font-family:Verdana, sans-serif;font-size:10pt;margin:0;padding:0;}body{padding:12px 0;} .battle-log {font-family:Verdana, sans-serif;font-size:10pt;} .battle-log-inline {border:1px solid #AAAAAA;background:#EEF2F5;color:black;max-width:640px;margin:0 auto 80px;padding-bottom:5px;} .battle-log .inner {padding:4px 8px 0px 8px;} .battle-log .inner-preempt {padding:0 8px 4px 8px;} .battle-log .inner-after {margin-top:0.5em;} .battle-log h2 {margin:0.5em -8px;padding:4px 8px;border:1px solid #AAAAAA;background:#E0E7EA;border-left:0;border-right:0;font-family:Verdana, sans-serif;font-size:13pt;} .battle-log .chat {vertical-align:middle;padding:3px 0 3px 0;font-size:8pt;} .battle-log .chat strong {color:#40576A;} .battle-log .chat em {padding:1px 4px 1px 3px;color:#000000;font-style:normal;} .chat.mine {background:rgba(0,0,0,0.05);margin-left:-8px;margin-right:-8px;padding-left:8px;padding-right:8px;} .spoiler {color:#BBBBBB;background:#BBBBBB;padding:0px 3px;} .spoiler:hover, .spoiler:active, .spoiler-shown {color:#000000;background:#E2E2E2;padding:0px 3px;} .spoiler a {color:#BBBBBB;} .spoiler:hover a, .spoiler:active a, .spoiler-shown a {color:#2288CC;} .chat code, .chat .spoiler:hover code, .chat .spoiler:active code, .chat .spoiler-shown code {border:1px solid #C0C0C0;background:#EEEEEE;color:black;padding:0 2px;} .chat .spoiler code {border:1px solid #CCCCCC;background:#CCCCCC;color:#CCCCCC;} .battle-log .rated {padding:3px 4px;} .battle-log .rated strong {color:white;background:#89A;padding:1px 4px;border-radius:4px;} .spacer {margin-top:0.5em;} .message-announce {background:#6688AA;color:white;padding:1px 4px 2px;} .message-announce a, .broadcast-green a, .broadcast-blue a, .broadcast-red a {color:#DDEEFF;} .broadcast-green {background-color:#559955;color:white;padding:2px 4px;} .broadcast-blue {background-color:#6688AA;color:white;padding:2px 4px;} .infobox {border:1px solid #6688AA;padding:2px 4px;} .infobox-limited {max-height:200px;overflow:auto;overflow-x:hidden;} .broadcast-red {background-color:#AA5544;color:white;padding:2px 4px;} .message-learn-canlearn {font-weight:bold;color:#228822;text-decoration:underline;} .message-learn-cannotlearn {font-weight:bold;color:#CC2222;text-decoration:underline;} .message-effect-weak {font-weight:bold;color:#CC2222;} .message-effect-resist {font-weight:bold;color:#6688AA;} .message-effect-immune {font-weight:bold;color:#666666;} .message-learn-list {margin-top:0;margin-bottom:0;} .message-throttle-notice, .message-error {color:#992222;} .message-overflow, .chat small.message-overflow {font-size:0pt;} .message-overflow::before {font-size:9pt;content:'...';} .subtle {color:#3A4A66;}
</style>
<div class="wrapper replay-wrapper" style="max-width:1180px;margin:0 auto">
<input type="hidden" name="replayid" value="pu-546253186" />
<div class="battle"></div><div class="battle-log"></div><div class="replay-controls"></div><div class="replay-controls-2"></div>
<h1 style="font-weight:normal;text-align:center"><strong>PU</strong><br /><a href="http://pokemonshowdown.com/users/skidubaoi" class="subtle" target="_blank">skidubaoi</a> vs. <a href="http://pokemonshowdown.com/users/supremers" class="subtle" target="_blank">SupremeRs</a></h1>
<script type="text/plain" class="battle-log-data">|j|skidubaoi
|j|SupremeRs
|player|p1|skidubaoi|276
|player|p2|SupremeRs|169
|gametype|singles
|gen|6
|tier|PU
|rated
|seed|60844,60235,32854,9726
|rule|Sleep Clause Mod: Limit one foe put to sleep
|rule|Species Clause: Limit one of each Pokémon
|rule|OHKO Clause: OHKO moves are banned
|rule|Moody Clause: Moody is banned
|rule|Evasion Moves Clause: Evasion moves are banned
|rule|Endless Battle Clause: Forcing endless battles is banned
|rule|HP Percentage Mod: HP is shown in percentages
|clearpoke
|poke|p1|Tentacool, M|item
|poke|p1|Nidorina, F|item
|poke|p1|Gourgeist-*, F|item
|poke|p1|Ampharos, M|item
|poke|p1|Armaldo, F|item
|poke|p1|Flareon, M|item
|poke|p2|Cherrim, F, shiny|item
|poke|p2|Noctowl, F|item
|poke|p2|Combusken, M|item
|poke|p2|Carbink|item
|poke|p2|Beheeyem, F|item
|poke|p2|Ledian, M, shiny|item
|rule|Swagger Clause: Swagger is banned
|rule|Baton Pass Clause: Limit one Baton Passer, can't pass Spe and other stats simultaneously
|teampreview
|choice|team 2, team 1, team 3, team 4, team 5, team 6|team 4, team 2, team 3, team 1, team 5, team 6
|
|start
|switch|p1a: Nidorina|Nidorina, F|344\/344
|switch|p2a: Sauna|Carbink|304\/304
|turn|1
|choice|move toxicspikes|move stealthrock
|
|move|p1a: Nidorina|Toxic Spikes|p2a: Sauna
|-sidestart|p2: SupremeRs|move: Toxic Spikes
|move|p2a: Sauna|Stealth Rock|p1a: Nidorina
|-sidestart|p1: skidubaoi|move: Stealth Rock
|
|upkeep
|turn|2
|choice|move poisonjab|move lightscreen
|
|move|p1a: Nidorina|Poison Jab|p2a: Sauna
|-damage|p2a: Sauna|265\/304
|move|p2a: Sauna|Light Screen|p2a: Sauna
|-sidestart|p2: SupremeRs|move: Light Screen
|
|-heal|p2a: Sauna|284\/304|[from] item: Leftovers
|upkeep
|turn|3
|choice|move toxicspikes|move powergem
|
|move|p1a: Nidorina|Toxic Spikes|p2a: Sauna
|-sidestart|p2: SupremeRs|move: Toxic Spikes
|move|p2a: Sauna|Power Gem|p1a: Nidorina
|-damage|p1a: Nidorina|284\/344
|
|-heal|p2a: Sauna|303\/304|[from] item: Leftovers
|upkeep
|turn|4
|choice|move poisonjab|switch 5
|
|switch|p2a: Johnny|Beheeyem, F|354\/354
|-status|p2a: Johnny|tox
|move|p1a: Nidorina|Poison Jab|p2a: Johnny
|-crit|p2a: Johnny
|-damage|p2a: Johnny|236\/354 tox
|
|-heal|p2a: Johnny|258\/354 tox|[from] item: Leftovers
|-damage|p2a: Johnny|236\/354 tox|[from] psn
|upkeep
|turn|5
|choice|switch 2|move psychic
|
|switch|p1a: Tentacool|Tentacool, M|284\/284
|-damage|p1a: Tentacool|249\/284|[from] Stealth Rock
|move|p2a: Johnny|Psychic|p1a: Tentacool
|-supereffective|p1a: Tentacool
|-damage|p1a: Tentacool|69\/284
|
|-heal|p2a: Johnny|258\/354 tox|[from] item: Leftovers
|-damage|p2a: Johnny|214\/354 tox|[from] psn
|upkeep
|turn|6
|choice|move rapidspin|move psychic
|
|move|p1a: Tentacool|Rapid Spin|p2a: Johnny
|-damage|p2a: Johnny|203\/354 tox
|-sideend|p1: skidubaoi|Stealth Rock|[from] move: Rapid Spin|[of] p1a: Tentacool
|move|p2a: Johnny|Psychic|p1a: Tentacool
|-supereffective|p1a: Tentacool
|-damage|p1a: Tentacool|0 fnt
|faint|p1a: Tentacool
|
|-heal|p2a: Johnny|225\/354 tox|[from] item: Leftovers
|-damage|p2a: Johnny|159\/354 tox|[from] psn
|-sideend|p2: SupremeRs|move: Light Screen
|upkeep
|choice|switch 4|
|
|switch|p1a: Ampharos|Ampharos, M|322\/322
|turn|7
|choice|move dragonpulse|move psychic
|
|move|p1a: Ampharos|Dragon Pulse|p2a: Johnny
|-damage|p2a: Johnny|43\/354 tox
|move|p2a: Johnny|Psychic|p1a: Ampharos
|-damage|p1a: Ampharos|229\/322
|
|-heal|p2a: Johnny|65\/354 tox|[from] item: Leftovers
|-damage|p2a: Johnny|0 fnt|[from] psn
|upkeep
|faint|p2a: Johnny
|choice||switch 5
|
|switch|p2a: Sauna|Carbink|303\/304
|-status|p2a: Sauna|tox
|turn|8
|choice|switch 2|move moonblast
|
|switch|p1a: Nidorina|Nidorina, F|284\/344
|move|p2a: Sauna|Moonblast|p1a: Nidorina
|-resisted|p1a: Nidorina
|-damage|p1a: Nidorina|248\/344
|
|-heal|p2a: Sauna|304\/304 tox|[from] item: Leftovers
|-damage|p2a: Sauna|285\/304 tox|[from] psn
|upkeep
|turn|9
|choice|move doublekick|switch 2
|
|switch|p2a: Zlotys|Noctowl, F|404\/404
|move|p1a: Nidorina|Double Kick|p2a: Zlotys
|-damage|p2a: Zlotys|374\/404
|-damage|p2a: Zlotys|346\/404
|-hitcount|p2a: Zlotys|2
|
|-heal|p2a: Zlotys|371\/404|[from] item: Leftovers
|upkeep
|turn|10
|choice|switch 2|move airslash
|
|switch|p1a: Ampharos|Ampharos, M|229\/322
|move|p2a: Zlotys|Air Slash|p1a: Ampharos
|-resisted|p1a: Ampharos
|-damage|p1a: Ampharos|187\/322
|
|-heal|p2a: Zlotys|396\/404|[from] item: Leftovers
|upkeep
|turn|11
|choice|move dragonpulse|move nightshade
|
|move|p2a: Zlotys|Night Shade|p1a: Ampharos
|-damage|p1a: Ampharos|87\/322
|move|p1a: Ampharos|Dragon Pulse|p2a: Zlotys
|-damage|p2a: Zlotys|314\/404
|
|-heal|p2a: Zlotys|339\/404|[from] item: Leftovers
|upkeep
|turn|12
|choice|move voltswitch|move nightshade
|
|move|p2a: Zlotys|Night Shade|p1a: Ampharos
|-damage|p1a: Ampharos|0 fnt
|faint|p1a: Ampharos
|
|-heal|p2a: Zlotys|364\/404|[from] item: Leftovers
|upkeep
|choice|switch 6|
|
|switch|p1a: Flareon|Flareon, M|271\/271
|turn|13
|choice|move facade|move airslash
|
|move|p1a: Flareon|Facade|p2a: Zlotys
|-damage|p2a: Zlotys|212\/404
|move|p2a: Zlotys|Air Slash|p1a: Flareon
|-damage|p1a: Flareon|199\/271
|
|-heal|p2a: Zlotys|237\/404|[from] item: Leftovers
|upkeep
|turn|14
|choice|move facade|switch 2
|
|switch|p2a: Sauna|Carbink|285\/304 tox
|move|p1a: Flareon|Facade|p2a: Sauna
|-resisted|p2a: Sauna
|-damage|p2a: Sauna|258\/304 tox
|
|-heal|p2a: Sauna|277\/304 tox|[from] item: Leftovers
|-damage|p2a: Sauna|258\/304 tox|[from] psn
|upkeep
|turn|15
|choice|switch 2|move stealthrock
|
|switch|p1a: Nidorina|Nidorina, F|248\/344
|move|p2a: Sauna|Stealth Rock|p1a: Nidorina
|-sidestart|p1: skidubaoi|move: Stealth Rock
|
|-heal|p2a: Sauna|277\/304 tox|[from] item: Leftovers
|-damage|p2a: Sauna|239\/304 tox|[from] psn
|upkeep
|turn|16
|choice|move poisonjab|switch 2
|
|switch|p2a: Zlotys|Noctowl, F|237\/404
|move|p1a: Nidorina|Poison Jab|p2a: Zlotys
|-damage|p2a: Zlotys|126\/404
|-status|p2a: Zlotys|psn
|
|-heal|p2a: Zlotys|151\/404 psn|[from] item: Leftovers
|-damage|p2a: Zlotys|101\/404 psn|[from] psn
|upkeep
|turn|17
|choice|move poisonjab|move roost
|
|move|p2a: Zlotys|Roost|p2a: Zlotys
|-heal|p2a: Zlotys|303\/404 psn
|move|p1a: Nidorina|Poison Jab|p2a: Zlotys
|-damage|p2a: Zlotys|200\/404 psn
|
|-heal|p2a: Zlotys|225\/404 psn|[from] item: Leftovers
|-damage|p2a: Zlotys|175\/404 psn|[from] psn
|upkeep
|turn|18
|choice|switch 5|move roost
|
|switch|p1a: Armaldo|Armaldo, F|291\/291
|-damage|p1a: Armaldo|219\/291|[from] Stealth Rock
|move|p2a: Zlotys|Roost|p2a: Zlotys
|-heal|p2a: Zlotys|377\/404 psn
|
|-heal|p2a: Zlotys|402\/404 psn|[from] item: Leftovers
|-damage|p2a: Zlotys|352\/404 psn|[from] psn
|upkeep
|turn|19
|choice|move rapidspin|switch 2
|
|switch|p2a: Sauna|Carbink|239\/304 tox
|move|p1a: Armaldo|Rapid Spin|p2a: Sauna
|-resisted|p2a: Sauna
|-damage|p2a: Sauna|233\/304 tox
|-sideend|p1: skidubaoi|Stealth Rock|[from] move: Rapid Spin|[of] p1a: Armaldo
|
|-heal|p2a: Sauna|252\/304 tox|[from] item: Leftovers
|-damage|p2a: Sauna|233\/304 tox|[from] psn
|upkeep
|turn|20
|choice|move superpower|move powergem
|
|move|p2a: Sauna|Power Gem|p1a: Armaldo
|-supereffective|p1a: Armaldo
|-damage|p1a: Armaldo|139\/291
|move|p1a: Armaldo|Superpower|p2a: Sauna
|-damage|p2a: Sauna|163\/304 tox
|-unboost|p1a: Armaldo|atk|1
|-unboost|p1a: Armaldo|def|1
|
|-heal|p2a: Sauna|182\/304 tox|[from] item: Leftovers
|-damage|p2a: Sauna|144\/304 tox|[from] psn
|upkeep
|turn|21
|choice|switch 3|move powergem
|
|switch|p1a: Gourgeist|Gourgeist-Super, F|374\/374
|move|p2a: Sauna|Power Gem|p1a: Gourgeist
|-damage|p1a: Gourgeist|302\/374
|
|-heal|p1a: Gourgeist|325\/374|[from] item: Leftovers
|-heal|p2a: Sauna|163\/304 tox|[from] item: Leftovers
|-damage|p2a: Sauna|106\/304 tox|[from] psn
|upkeep
|turn|22
|choice|move leechseed|move lightscreen
|
|move|p1a: Gourgeist|Leech Seed|p2a: Sauna
|-start|p2a: Sauna|move: Leech Seed
|move|p2a: Sauna|Light Screen|p2a: Sauna
|-sidestart|p2: SupremeRs|move: Light Screen
|
|-heal|p1a: Gourgeist|348\/374|[from] item: Leftovers
|-heal|p2a: Sauna|125\/304 tox|[from] item: Leftovers
|-damage|p2a: Sauna|87\/304 tox|[from] Leech Seed|[of] p1a: Gourgeist
|-heal|p1a: Gourgeist|374\/374|[silent]
|-damage|p2a: Sauna|11\/304 tox|[from] psn
|upkeep
|turn|23
|choice|move foulplay|move stealthrock
|
|move|p1a: Gourgeist|Foul Play|p2a: Sauna
|-resisted|p2a: Sauna
|-damage|p2a: Sauna|0 fnt
|faint|p2a: Sauna
|
|upkeep
|choice||switch 3
|
|switch|p2a: Esplanade|Combusken, M|262\/262
|-status|p2a: Esplanade|tox
|turn|24
|choice|move leechseed|move swordsdance
|
|move|p2a: Esplanade|Swords Dance|p2a: Esplanade
|-boost|p2a: Esplanade|atk|2
|move|p1a: Gourgeist|Leech Seed|p2a: Esplanade
|-start|p2a: Esplanade|move: Leech Seed
|
|-damage|p2a: Esplanade|230\/262 tox|[from] Leech Seed|[of] p1a: Gourgeist
|-damage|p2a: Esplanade|214\/262 tox|[from] psn
|-ability|p2a: Esplanade|Speed Boost|boost
|-boost|p2a: Esplanade|spe|1
|upkeep
|turn|25
|choice|switch 5|move shadowclaw
|
|switch|p1a: Nidorina|Nidorina, F|248\/344
|move|p2a: Esplanade|Shadow Claw|p1a: Nidorina
|-damage|p1a: Nidorina|167\/344
|
|-damage|p2a: Esplanade|182\/262 tox|[from] Leech Seed|[of] p1a: Nidorina
|-heal|p1a: Nidorina|199\/344|[silent]
|-damage|p2a: Esplanade|150\/262 tox|[from] psn
|-ability|p2a: Esplanade|Speed Boost|boost
|-boost|p2a: Esplanade|spe|1
|upkeep
|turn|26
|choice|move shadowclaw|move flareblitz
|
|move|p2a: Esplanade|Flare Blitz|p1a: Nidorina
|-damage|p1a: Nidorina|0 fnt
|-damage|p2a: Esplanade|84\/262 tox|[from] recoil|[of] p1a: Nidorina
|faint|p1a: Nidorina
|
|-damage|p2a: Esplanade|36\/262 tox|[from] psn
|-sideend|p2: SupremeRs|move: Light Screen
|-ability|p2a: Esplanade|Speed Boost|boost
|-boost|p2a: Esplanade|spe|1
|upkeep
|choice|switch 3|
|
|switch|p1a: Armaldo|Armaldo, F|139\/291
|turn|27
|choice|move knockoff|move flareblitz
|
|move|p2a: Esplanade|Flare Blitz|p1a: Armaldo
|-damage|p1a: Armaldo|0 fnt
|-damage|p2a: Esplanade|0 fnt|[from] recoil|[of] p1a: Armaldo
|faint|p1a: Armaldo
|faint|p2a: Esplanade
|
|upkeep
|choice|switch 2|switch 2
|
|switch|p1a: Flareon|Flareon, M|199\/271
|switch|p2a: Zlotys|Noctowl, F|352\/404 psn
|turn|28
|choice|move flareblitz|move airslash
|
|move|p1a: Flareon|Flare Blitz|p2a: Zlotys
|-damage|p2a: Zlotys|0 fnt
|-damage|p1a: Flareon|83\/271|[from] recoil|[of] p2a: Zlotys
|faint|p2a: Zlotys
|
|upkeep
|choice||switch 6
|
|switch|p2a: Mammary|Ledian, M, shiny|314\/314
|turn|29
|choice|move flareblitz|move knockoff
|
|move|p1a: Flareon|Flare Blitz|p2a: Mammary
|-supereffective|p2a: Mammary
|-damage|p2a: Mammary|0 fnt
|-damage|p1a: Flareon|0 fnt|[from] recoil|[of] p2a: Mammary
|faint|p2a: Mammary
|faint|p1a: Flareon
|
|upkeep
|choice|switch 5|switch 4
|
|switch|p2a: Hatting|Cherrim, F, shiny|282\/282
|switch|p1a: Gourgeist|Gourgeist-Super, F|374\/374
|-status|p2a: Hatting|tox
|turn|30
|choice|move foulplay|move sunnyday
|
|move|p2a: Hatting|Sunny Day|p2a: Hatting
|-weather|SunnyDay
|-formechange|p2a: Hatting|Cherrim-Sunshine|[msg]|[from] ability: Flower Gift
|move|p1a: Gourgeist|Foul Play|p2a: Hatting
|-damage|p2a: Hatting|220\/282 tox
|
|-weather|SunnyDay|[upkeep]
|-damage|p2a: Hatting|203\/282 tox|[from] psn
|upkeep
|turn|31
|choice|move synthesis|move weatherball
|
|move|p2a: Hatting|Weather Ball|p1a: Gourgeist
|-supereffective|p1a: Gourgeist
|-damage|p1a: Gourgeist|54\/374
|move|p1a: Gourgeist|Synthesis|p1a: Gourgeist
|-heal|p1a: Gourgeist|303\/374
|
|-weather|SunnyDay|[upkeep]
|-heal|p1a: Gourgeist|326\/374|[from] item: Leftovers
|-damage|p2a: Hatting|169\/282 tox|[from] psn
|upkeep
|turn|32
|choice|move synthesis|move weatherball
|
|move|p2a: Hatting|Weather Ball|p1a: Gourgeist
|-supereffective|p1a: Gourgeist
|-damage|p1a: Gourgeist|0 fnt
|faint|p1a: Gourgeist
|
|win|SupremeRs
|player|p1
|player|p2
|raw|skidubaoi's rating: 1000 &rarr; <strong>1000<\/strong><br \/>(+0 for losing)
|raw|SupremeRs's rating: 1000 &rarr; <strong>1040<\/strong><br \/>(+40 for winning)
|c|☆SupremeRs|Gg
|c|☆skidubaoi|gg
|l|skidubaoi</script>
</div>
<div class="battle-log battle-log-inline"><div class="inner"><div class="battle-options"></div><div class="inner"><div class="chat"><small>skidubaoi joined.</small></div><div class="chat"><small>SupremeRs joined.</small></div><div class=""><small>Format:</small> <br><strong>PU</strong></div><div class="rated"><strong>Rated battle</strong></div><div class=""><small><em>Sleep Clause Mod:</em> Limit one foe put to sleep</small></div><div class=""><small><em>Species Clause:</em> Limit one of each Pokémon</small></div><div class=""><small><em>OHKO Clause:</em> OHKO moves are banned</small></div><div class=""><small><em>Moody Clause:</em> Moody is banned</small></div><div class=""><small><em>Evasion Moves Clause:</em> Evasion moves are banned</small></div><div class=""><small><em>Endless Battle Clause:</em> Forcing endless battles is banned</small></div><div class=""><small><em>HP Percentage Mod:</em> HP is shown in percentages</small></div><div class=""><small><em>Swagger Clause:</em> Swagger is banned</small></div><div class=""><small><em>Baton Pass Clause:</em> Limit one Baton Passer, can't pass Spe and other stats simultaneously</small></div><div class="chat battle-history"><strong>skidubaoi's team:</strong> <em style="color:#445566;display:block;">Tentacool / Nidorina / Gourgeist-* / Ampharos / Armaldo / Flareon</em></div><div class="chat battle-history"><strong>SupremeRs's team:</strong> <em style="color:#445566;display:block;">Cherrim / Noctowl / Combusken / Carbink / Beheeyem / Ledian</em></div><div class="spacer battle-history"><br></div><div class="battle-history">Battle started between skidubaoi and SupremeRs!<br></div><div class="spacer battle-history"><br></div><div class="battle-history">Go! <strong>Nidorina</strong>!<br></div><div class="spacer battle-history"><br></div><div class="battle-history">SupremeRs sent out Sauna (<strong>Carbink</strong>)!<br></div><div class="spacer battle-history"><br></div><h2 class="battle-history">Turn 1</h2><div class="spacer battle-history"><br></div><div class="battle-history">Nidorina used <strong>Toxic Spikes</strong>!<br></div><div class="battle-history"><small>Poison spikes were scattered on the ground all around the opposing team!</small><br></div><div class="spacer battle-history"><br></div><div class="battle-history">The opposing Sauna used <strong>Stealth Rock</strong>!<br></div><div class="battle-history"><small>Pointed stones float in the air around your team!</small><br></div><div class="spacer battle-history"><br></div><h2 class="battle-history">Turn 2</h2><div class="spacer battle-history"><br></div><div class="battle-history">Nidorina used <strong>Poison Jab</strong>!<br></div><div class="battle-history"><small>(The opposing Sauna lost <abbr title="−39/304">12.8%</abbr> of its health!)</small><br></div><div class="spacer battle-history"><br></div><div class="battle-history">The opposing Sauna used <strong>Light Screen</strong>!<br></div><div class="battle-history"><small>Light Screen made the opposing team stronger against special moves!</small><br></div><div class="spacer battle-history"><br></div><div class="battle-history"><small>The opposing Sauna restored a little HP using its Leftovers!</small><br></div><div class="spacer battle-history"><br></div><h2 class="battle-history">Turn 3</h2><div class="spacer battle-history"><br></div><div class="battle-history">Nidorina used <strong>Toxic Spikes</strong>!<br></div><div class="battle-history"><small>Poison spikes were scattered on the ground all around the opposing team!</small><br></div><div class="spacer battle-history"><br></div><div class="battle-history">The opposing Sauna used <strong>Power Gem</strong>!<br></div><div class="battle-history"><small>(Nidorina lost <abbr title="−60/344">17.4%</abbr> of its health!)</small><br></div><div class="spacer battle-history"><br></div><div class="battle-history"><small>The opposing Sauna restored a little HP using its Leftovers!</small><br></div><div class="spacer battle-history"><br></div><h2 class="battle-history">Turn 4</h2><div class="spacer battle-history"><br></div><div class="battle-history">SupremeRs withdrew Sauna!<br></div><div class="battle-history">SupremeRs sent out Johnny (<strong>Beheeyem</strong>)!<br></div><div class="battle-history"><small>The opposing Johnny was badly poisoned!</small><br></div><div class="spacer battle-history"><br></div><div class="battle-history">Nidorina used <strong>Poison Jab</strong>!<br></div><div class="battle-history"><small>A critical hit!</small><br></div><div class="battle-history"><small>(The opposing Johnny lost <abbr title="−118/354">33.3%</abbr> of its health!)</small><br></div><div class="spacer battle-history"><br></div><div class="battle-history"><small>The opposing Johnny restored a little HP using its Leftovers!</small><br></div><div class="battle-history"><small>The opposing Johnny was hurt by poison!</small><br></div><div class="spacer battle-history"><br></div><h2 class="battle-history">Turn 5</h2><div class="spacer battle-history"><br></div><div class="battle-history">Nidorina, come back!<br></div><div class="battle-history">Go! <strong>Tentacool</strong>!<br></div><div class="battle-history"><small>Pointed stones dug into Tentacool!</small><br></div><div class="spacer battle-history"><br></div><div class="battle-history">The opposing Johnny used <strong>Psychic</strong>!<br></div><div class="battle-history"><small>It's super effective!</small><br></div><div class="battle-history"><small>(Tentacool lost <abbr title="−180/284">63.4%</abbr> of its health!)</small><br></div><div class="spacer battle-history"><br></div><div class="battle-history"><small>The opposing Johnny restored a little HP using its Leftovers!</small><br></div><div class="battle-history"><small>The opposing Johnny was hurt by poison!</small><br></div><div class="spacer battle-history"><br></div><h2 class="battle-history">Turn 6</h2><div class="spacer battle-history"><br></div><div class="battle-history">Tentacool used <strong>Rapid Spin</strong>!<br></div><div class="battle-history"><small>(The opposing Johnny lost <abbr title="−11/354">3.1%</abbr> of its health!)</small><br></div><div class="battle-history"><small>The pointed stones disappeared from around your team!</small><br></div><div class="spacer battle-history"><br></div><div class="battle-history">The opposing Johnny used <strong>Psychic</strong>!<br></div><div class="battle-history"><small>It's super effective!</small><br></div><div class="battle-history"><small>(Tentacool lost <abbr title="−69/284">24.3%</abbr> of its health!)</small><br></div><div class="spacer battle-history"><br></div><div class="battle-history">Tentacool fainted!<br></div><div class="spacer battle-history"><br></div><div class="battle-history"><small>The opposing Johnny restored a little HP using its Leftovers!</small><br></div><div class="battle-history"><small>The opposing Johnny was hurt by poison!</small><br></div><div class="battle-history"><small>The opposing team's Light Screen wore off!</small><br></div><div class="spacer battle-history"><br></div><div class="battle-history">Go! <strong>Ampharos</strong>!<br></div><div class="spacer battle-history"><br></div><h2 class="battle-history">Turn 7</h2><div class="spacer battle-history"><br></div><div class="battle-history">Ampharos used <strong>Dragon Pulse</strong>!<br></div><div class="battle-history"><small>(The opposing Johnny lost <abbr title="−116/354">32.8%</abbr> of its health!)</small><br></div><div class="spacer battle-history"><br></div><div class="battle-history">The opposing Johnny used <strong>Psychic</strong>!<br></div><div class="battle-history"><small>(Ampharos lost <abbr title="−93/322">28.9%</abbr> of its health!)</small><br></div><div class="spacer battle-history"><br></div><div class="battle-history"><small>The opposing Johnny restored a little HP using its Leftovers!</small><br></div><div class="battle-history"><small>The opposing Johnny was hurt by poison!</small><br></div><div class="spacer battle-history"><br></div><div class="battle-history">The opposing Johnny fainted!<br></div><div class="spacer battle-history"><br></div><div class="battle-history">SupremeRs sent out Sauna (<strong>Carbink</strong>)!<br></div><div class="battle-history"><small>The opposing Sauna was badly poisoned!</small><br></div><div class="spacer battle-history"><br></div><h2 class="battle-history">Turn 8</h2><div class="spacer battle-history"><br></div><div class="battle-history">Ampharos, come back!<br></div><div class="battle-history">Go! <strong>Nidorina</strong>!<br></div><div class="spacer battle-history"><br></div><div class="battle-history">The opposing Sauna used <strong>Moonblast</strong>!<br></div><div class="battle-history"><small>It's not very effective...</small><br></div><div class="battle-history"><small>(Nidorina lost <abbr title="−36/344">10.5%</abbr> of its health!)</small><br></div><div class="spacer battle-history"><br></div><div class="battle-history"><small>The opposing Sauna restored a little HP using its Leftovers!</small><br></div><div class="battle-history"><small>The opposing Sauna was hurt by poison!</small><br></div><div class="spacer battle-history"><br></div><h2 class="battle-history">Turn 9</h2><div class="spacer battle-history"><br></div><div class="battle-history">SupremeRs withdrew Sauna!<br></div><div class="battle-history">SupremeRs sent out Zlotys (<strong>Noctowl</strong>)!<br></div><div class="spacer battle-history"><br></div><div class="battle-history">Nidorina used <strong>Double Kick</strong>!<br></div><div class="battle-history"><small>(The opposing Zlotys lost <abbr title="−30/404">7.4%</abbr> of its health!)</small><br></div><div class="battle-history"><small>(The opposing Zlotys lost <abbr title="−28/404">6.9%</abbr> of its health!)</small><br></div><div class="battle-history"><small>Hit 2 times!</small><br></div><div class="spacer battle-history"><br></div><div class="battle-history"><small>The opposing Zlotys restored a little HP using its Leftovers!</small><br></div><div class="spacer battle-history"><br></div><h2 class="battle-history">Turn 10</h2><div class="spacer battle-history"><br></div><div class="battle-history">Nidorina, come back!<br></div><div class="battle-history">Go! <strong>Ampharos</strong>!<br></div><div class="spacer battle-history"><br></div><div class="battle-history">The opposing Zlotys used <strong>Air Slash</strong>!<br></div><div class="battle-history"><small>It's not very effective...</small><br></div><div class="battle-history"><small>(Ampharos lost <abbr title="−42/322">13.0%</abbr> of its health!)</small><br></div><div class="spacer battle-history"><br></div><div class="battle-history"><small>The opposing Zlotys restored a little HP using its Leftovers!</small><br></div><div class="spacer battle-history"><br></div><h2 class="battle-history">Turn 11</h2><div class="spacer battle-history"><br></div><div class="battle-history">The opposing Zlotys used <strong>Night Shade</strong>!<br></div><div class="battle-history"><small>(Ampharos lost <abbr title="−100/322">31.1%</abbr> of its health!)</small><br></div><div class="spacer battle-history"><br></div><div class="battle-history">Ampharos used <strong>Dragon Pulse</strong>!<br></div><div class="battle-history"><small>(The opposing Zlotys lost <abbr title="−82/404">20.3%</abbr> of its health!)</small><br></div><div class="spacer battle-history"><br></div><div class="battle-history"><small>The opposing Zlotys restored a little HP using its Leftovers!</small><br></div><div class="spacer battle-history"><br></div><h2 class="battle-history">Turn 12</h2><div class="spacer battle-history"><br></div><div class="battle-history">The opposing Zlotys used <strong>Night Shade</strong>!<br></div><div class="battle-history"><small>(Ampharos lost <abbr title="−87/322">27.0%</abbr> of its health!)</small><br></div><div class="spacer battle-history"><br></div><div class="battle-history">Ampharos fainted!<br></div><div class="spacer battle-history"><br></div><div class="battle-history"><small>The opposing Zlotys restored a little HP using its Leftovers!</small><br></div><div class="spacer battle-history"><br></div><div class="battle-history">Go! <strong>Flareon</strong>!<br></div><div class="spacer battle-history"><br></div><h2 class="battle-history">Turn 13</h2><div class="spacer battle-history"><br></div><div class="battle-history">Flareon used <strong>Facade</strong>!<br></div><div class="battle-history"><small>(The opposing Zlotys lost <abbr title="−152/404">37.6%</abbr> of its health!)</small><br></div><div class="spacer battle-history"><br></div><div class="battle-history">The opposing Zlotys used <strong>Air Slash</strong>!<br></div><div class="battle-history"><small>(Flareon lost <abbr title="−72/271">26.6%</abbr> of its health!)</small><br></div><div class="spacer battle-history"><br></div><div class="battle-history"><small>The opposing Zlotys restored a little HP using its Leftovers!</small><br></div><div class="spacer battle-history"><br></div><h2 class="battle-history">Turn 14</h2><div class="spacer battle-history"><br></div><div class="battle-history">SupremeRs withdrew Zlotys!<br></div><div class="battle-history">SupremeRs sent out Sauna (<strong>Carbink</strong>)!<br></div><div class="spacer battle-history"><br></div><div class="battle-history">Flareon used <strong>Facade</strong>!<br></div><div class="battle-history"><small>It's not very effective...</small><br></div><div class="battle-history"><small>(The opposing Sauna lost <abbr title="−27/304">8.9%</abbr> of its health!)</small><br></div><div class="spacer battle-history"><br></div><div class="battle-history"><small>The opposing Sauna restored a little HP using its Leftovers!</small><br></div><div class="battle-history"><small>The opposing Sauna was hurt by poison!</small><br></div><div class="spacer battle-history"><br></div><h2 class="battle-history">Turn 15</h2><div class="spacer battle-history"><br></div><div class="battle-history">Flareon, come back!<br></div><div class="battle-history">Go! <strong>Nidorina</strong>!<br></div><div class="spacer battle-history"><br></div><div class="battle-history">The opposing Sauna used <strong>Stealth Rock</strong>!<br></div><div class="battle-history"><small>Pointed stones float in the air around your team!</small><br></div><div class="spacer battle-history"><br></div><div class="battle-history"><small>The opposing Sauna restored a little HP using its Leftovers!</small><br></div><div class="battle-history"><small>The opposing Sauna was hurt by poison!</small><br></div><div class="spacer battle-history"><br></div><h2 class="battle-history">Turn 16</h2><div class="spacer battle-history"><br></div><div class="battle-history">SupremeRs withdrew Sauna!<br></div><div class="battle-history">SupremeRs sent out Zlotys (<strong>Noctowl</strong>)!<br></div><div class="spacer battle-history"><br></div><div class="battle-history">Nidorina used <strong>Poison Jab</strong>!<br></div><div class="battle-history"><small>(The opposing Zlotys lost <abbr title="−111/404">27.5%</abbr> of its health!)</small><br></div><div class="battle-history"><small>The opposing Zlotys was poisoned!</small><br></div><div class="spacer battle-history"><br></div><div class="battle-history"><small>The opposing Zlotys restored a little HP using its Leftovers!</small><br></div><div class="battle-history"><small>The opposing Zlotys was hurt by poison!</small><br></div><div class="spacer battle-history"><br></div><h2 class="battle-history">Turn 17</h2><div class="spacer battle-history"><br></div><div class="battle-history">The opposing Zlotys used <strong>Roost</strong>!<br></div><div class="battle-history"><small>The opposing Zlotys restored its HP.</small><br></div><div class="spacer battle-history"><br></div><div class="battle-history">Nidorina used <strong>Poison Jab</strong>!<br></div><div class="battle-history"><small>(The opposing Zlotys lost <abbr title="−103/404">25.5%</abbr> of its health!)</small><br></div><div class="spacer battle-history"><br></div><div class="battle-history"><small>The opposing Zlotys restored a little HP using its Leftovers!</small><br></div><div class="battle-history"><small>The opposing Zlotys was hurt by poison!</small><br></div><div class="spacer battle-history"><br></div><h2 class="battle-history">Turn 18</h2><div class="spacer battle-history"><br></div><div class="battle-history">Nidorina, come back!<br></div><div class="battle-history">Go! <strong>Armaldo</strong>!<br></div><div class="battle-history"><small>Pointed stones dug into Armaldo!</small><br></div><div class="spacer battle-history"><br></div><div class="battle-history">The opposing Zlotys used <strong>Roost</strong>!<br></div><div class="battle-history"><small>The opposing Zlotys restored its HP.</small><br></div><div class="spacer battle-history"><br></div><div class="battle-history"><small>The opposing Zlotys restored a little HP using its Leftovers!</small><br></div><div class="battle-history"><small>The opposing Zlotys was hurt by poison!</small><br></div><div class="spacer battle-history"><br></div><h2 class="battle-history">Turn 19</h2><div class="spacer battle-history"><br></div><div class="battle-history">SupremeRs withdrew Zlotys!<br></div><div class="battle-history">SupremeRs sent out Sauna (<strong>Carbink</strong>)!<br></div><div class="spacer battle-history"><br></div><div class="battle-history">Armaldo used <strong>Rapid Spin</strong>!<br></div><div class="battle-history"><small>It's not very effective...</small><br></div><div class="battle-history"><small>(The opposing Sauna lost <abbr title="−6/304">2.0%</abbr> of its health!)</small><br></div><div class="battle-history"><small>The pointed stones disappeared from around your team!</small><br></div><div class="spacer battle-history"><br></div><div class="battle-history"><small>The opposing Sauna restored a little HP using its Leftovers!</small><br></div><div class="battle-history"><small>The opposing Sauna was hurt by poison!</small><br></div><div class="spacer battle-history"><br></div><h2 class="battle-history">Turn 20</h2><div class="spacer battle-history"><br></div><div class="battle-history">The opposing Sauna used <strong>Power Gem</strong>!<br></div><div class="battle-history"><small>It's super effective!</small><br></div><div class="battle-history"><small>(Armaldo lost <abbr title="−80/291">27.5%</abbr> of its health!)</small><br></div><div class="spacer battle-history"><br></div><div class="battle-history">Armaldo used <strong>Superpower</strong>!<br></div><div class="battle-history"><small>(The opposing Sauna lost <abbr title="−70/304">23.0%</abbr> of its health!)</small><br></div><div class="battle-history"><small>Armaldo's Attack fell!</small><br></div><div class="battle-history"><small>Armaldo's Defense fell!</small><br></div><div class="spacer battle-history"><br></div><div class="battle-history"><small>The opposing Sauna restored a little HP using its Leftovers!</small><br></div><div class="battle-history"><small>The opposing Sauna was hurt by poison!</small><br></div><div class="spacer battle-history"><br></div><h2 class="battle-history">Turn 21</h2><div class="spacer battle-history"><br></div><div class="battle-history">Armaldo, come back!<br></div><div class="battle-history">Go! Gourgeist (<strong>Gourgeist-Super</strong>)!<br></div><div class="spacer battle-history"><br></div><div class="battle-history">The opposing Sauna used <strong>Power Gem</strong>!<br></div><div class="battle-history"><small>(Gourgeist lost <abbr title="−72/374">19.3%</abbr> of its health!)</small><br></div><div class="spacer battle-history"><br></div><div class="battle-history"><small>Gourgeist restored a little HP using its Leftovers!</small><br></div><div class="battle-history"><small>The opposing Sauna restored a little HP using its Leftovers!</small><br></div><div class="battle-history"><small>The opposing Sauna was hurt by poison!</small><br></div><div class="spacer battle-history"><br></div><h2 class="battle-history">Turn 22</h2><div class="spacer battle-history"><br></div><div class="battle-history">Gourgeist used <strong>Leech Seed</strong>!<br></div><div class="battle-history"><small>The opposing Sauna was seeded!</small><br></div><div class="spacer battle-history"><br></div><div class="battle-history">The opposing Sauna used <strong>Light Screen</strong>!<br></div><div class="battle-history"><small>Light Screen made the opposing team stronger against special moves!</small><br></div><div class="spacer battle-history"><br></div><div class="battle-history"><small>Gourgeist restored a little HP using its Leftovers!</small><br></div><div class="battle-history"><small>The opposing Sauna restored a little HP using its Leftovers!</small><br></div><div class="battle-history"><small>The opposing Sauna's health is sapped by Leech Seed!</small><br></div><div class="battle-history"><small>The opposing Sauna was hurt by poison!</small><br></div><div class="spacer battle-history"><br></div><h2 class="battle-history">Turn 23</h2><div class="spacer battle-history"><br></div><div class="battle-history">Gourgeist used <strong>Foul Play</strong>!<br></div><div class="battle-history"><small>It's not very effective...</small><br></div><div class="battle-history"><small>(The opposing Sauna lost <abbr title="−11/304">3.6%</abbr> of its health!)</small><br></div><div class="spacer battle-history"><br></div><div class="battle-history">The opposing Sauna fainted!<br></div><div class="spacer battle-history"><br></div><div class="battle-history">SupremeRs sent out Esplanade (<strong>Combusken</strong>)!<br></div><div class="battle-history"><small>The opposing Esplanade was badly poisoned!</small><br></div><div class="spacer battle-history"><br></div><h2 class="battle-history">Turn 24</h2><div class="spacer battle-history"><br></div><div class="battle-history">The opposing Esplanade used <strong>Swords Dance</strong>!<br></div><div class="battle-history"><small>The opposing Esplanade's Attack rose sharply!</small><br></div><div class="spacer battle-history"><br></div><div class="battle-history">Gourgeist used <strong>Leech Seed</strong>!<br></div><div class="battle-history"><small>The opposing Esplanade was seeded!</small><br></div><div class="spacer battle-history"><br></div><div class="battle-history"><small>The opposing Esplanade's health is sapped by Leech Seed!</small><br></div><div class="battle-history"><small>The opposing Esplanade was hurt by poison!</small><br></div><div class="battle-history"><small>[The opposing Esplanade's Speed Boost]</small><br></div><div class="battle-history"><small>The opposing Esplanade's Speed rose!</small><br></div><div class="spacer battle-history"><br></div><h2 class="battle-history">Turn 25</h2><div class="spacer battle-history"><br></div><div class="battle-history">Gourgeist, come back!<br></div><div class="battle-history">Go! <strong>Nidorina</strong>!<br></div><div class="spacer battle-history"><br></div><div class="battle-history">The opposing Esplanade used <strong>Shadow Claw</strong>!<br></div><div class="battle-history"><small>(Nidorina lost <abbr title="−81/344">23.5%</abbr> of its health!)</small><br></div><div class="spacer battle-history"><br></div><div class="battle-history"><small>The opposing Esplanade's health is sapped by Leech Seed!</small><br></div><div class="battle-history"><small>The opposing Esplanade was hurt by poison!</small><br></div><div class="battle-history"><small>[The opposing Esplanade's Speed Boost]</small><br></div><div class="battle-history"><small>The opposing Esplanade's Speed rose!</small><br></div><div class="spacer battle-history"><br></div><h2 class="battle-history">Turn 26</h2><div class="spacer battle-history"><br></div><div class="battle-history">The opposing Esplanade used <strong>Flare Blitz</strong>!<br></div><div class="battle-history"><small>(Nidorina lost <abbr title="−199/344">57.8%</abbr> of its health!)</small><br></div><div class="battle-history"><small>The opposing Esplanade is damaged by the recoil!</small><br></div><div class="spacer battle-history"><br></div><div class="battle-history">Nidorina fainted!<br></div><div class="spacer battle-history"><br></div><div class="battle-history"><small>The opposing Esplanade was hurt by poison!</small><br></div><div class="battle-history"><small>The opposing team's Light Screen wore off!</small><br></div><div class="battle-history"><small>[The opposing Esplanade's Speed Boost]</small><br></div><div class="battle-history"><small>The opposing Esplanade's Speed rose!</small><br></div><div class="spacer battle-history"><br></div><div class="battle-history">Go! <strong>Armaldo</strong>!<br></div><div class="spacer battle-history"><br></div><h2 class="battle-history">Turn 27</h2><div class="spacer battle-history"><br></div><div class="battle-history">The opposing Esplanade used <strong>Flare Blitz</strong>!<br></div><div class="battle-history"><small>(Armaldo lost <abbr title="−139/291">47.8%</abbr> of its health!)</small><br></div><div class="battle-history"><small>The opposing Esplanade is damaged by the recoil!</small><br></div><div class="spacer battle-history"><br></div><div class="battle-history">Armaldo fainted!<br></div><div class="battle-history">The opposing Esplanade fainted!<br></div><div class="spacer battle-history"><br></div><div class="battle-history">Go! <strong>Flareon</strong>!<br></div><div class="spacer battle-history"><br></div><div class="battle-history">SupremeRs sent out Zlotys (<strong>Noctowl</strong>)!<br></div><div class="spacer battle-history"><br></div><h2 class="battle-history">Turn 28</h2><div class="spacer battle-history"><br></div><div class="battle-history">Flareon used <strong>Flare Blitz</strong>!<br></div><div class="battle-history"><small>(The opposing Zlotys lost <abbr title="−352/404">87.1%</abbr> of its health!)</small><br></div><div class="battle-history"><small>Flareon is damaged by the recoil!</small><br></div><div class="spacer battle-history"><br></div><div class="battle-history">The opposing Zlotys fainted!<br></div><div class="spacer battle-history"><br></div><div class="battle-history">SupremeRs sent out Mammary (<strong>Ledian</strong>)!<br></div><div class="spacer battle-history"><br></div><h2 class="battle-history">Turn 29</h2><div class="spacer battle-history"><br></div><div class="battle-history">Flareon used <strong>Flare Blitz</strong>!<br></div><div class="battle-history"><small>It's super effective!</small><br></div><div class="battle-history"><small>(The opposing Mammary lost <abbr title="−314/314">100%</abbr> of its health!)</small><br></div><div class="battle-history"><small>Flareon is damaged by the recoil!</small><br></div><div class="spacer battle-history"><br></div><div class="battle-history">The opposing Mammary fainted!<br></div><div class="battle-history">Flareon fainted!<br></div><div class="spacer battle-history"><br></div><div class="battle-history">SupremeRs sent out Hatting (<strong>Cherrim</strong>)!<br></div><div class="spacer battle-history"><br></div><div class="battle-history">Go! Gourgeist (<strong>Gourgeist-Super</strong>)!<br></div><div class="battle-history"><small>The opposing Hatting was badly poisoned!</small><br></div><div class="spacer battle-history"><br></div><h2 class="battle-history">Turn 30</h2><div class="spacer battle-history"><br></div><div class="battle-history">The opposing Hatting used <strong>Sunny Day</strong>!<br></div><div class="battle-history"><small>The sunlight turned harsh!</small><br></div><div class="battle-history"><small>[The opposing Hatting's Flower Gift]</small><br>The opposing Hatting transformed!<br></div><div class="spacer battle-history"><br></div><div class="battle-history">Gourgeist used <strong>Foul Play</strong>!<br></div><div class="battle-history"><small>(The opposing Hatting lost <abbr title="−62/282">22.0%</abbr> of its health!)</small><br></div><div class="spacer battle-history"><br></div><div class="battle-history"><small>(The sunlight is strong!)</small><br></div><div class="battle-history"><small>The opposing Hatting was hurt by poison!</small><br></div><div class="spacer battle-history"><br></div><h2 class="battle-history">Turn 31</h2><div class="spacer battle-history"><br></div><div class="battle-history">The opposing Hatting used <strong>Weather Ball</strong>!<br></div><div class="battle-history"><small>It's super effective!</small><br></div><div class="battle-history"><small>(Gourgeist lost <abbr title="−320/374">85.6%</abbr> of its health!)</small><br></div><div class="spacer battle-history"><br></div><div class="battle-history">Gourgeist used <strong>Synthesis</strong>!<br></div><div class="battle-history"><small>Gourgeist restored its HP.</small><br></div><div class="spacer battle-history"><br></div><div class="battle-history"><small>(The sunlight is strong!)</small><br></div><div class="battle-history"><small>Gourgeist restored a little HP using its Leftovers!</small><br></div><div class="battle-history"><small>The opposing Hatting was hurt by poison!</small><br></div><div class="spacer battle-history"><br></div><h2 class="battle-history">Turn 32</h2><div class="spacer battle-history"><br></div><div class="battle-history">The opposing Hatting used <strong>Weather Ball</strong>!<br></div><div class="battle-history"><small>It's super effective!</small><br></div><div class="battle-history"><small>(Gourgeist lost <abbr title="−326/374">87.2%</abbr> of its health!)</small><br></div><div class="spacer battle-history"><br></div><div class="battle-history">Gourgeist fainted!<br></div><div class="spacer battle-history"><br></div><div class="battle-history"><strong>SupremeRs</strong> won the battle!<br></div><div class="chat">skidubaoi's rating: 1000 → <strong>1000</strong><br>(+0 for losing)</div><div class="chat">SupremeRs's rating: 1000 → <strong>1040</strong><br>(+40 for winning)</div><div class="chat chatmessage-supremers"><strong style="color:hsl(191,71%,33.333333333333336%)"><small>☆</small><span class="username" data-name="SupremeRs">SupremeRs</span>:</strong> <em>Gg</em></div><div class="chat chatmessage-skidubaoi"><strong style="color:hsl(20,82%,39%)"><small>☆</small><span class="username" data-name="skidubaoi">skidubaoi</span>:</strong> <em>gg</em></div><div class="chat"><small>skidubaoi left.</small></div></div><div class="inner-preempt"></div></div></div>
</div>
<script>
let daily = Math.floor(Date.now()/1000/60/60/24);document.write('<script src="https://play.pokemonshowdown.com/js/replay-embed.js?version'+daily+'"></'+'script>');
</script>
