<!DOCTYPE html>
<meta charset="utf-8" />
<!-- version 1 -->
<title>PU replay: Agent1000 vs. Turbonite</title>
<style>
html,body {font-family:Verdana, sans-serif;font-size:10pt;margin:0;padding:0;}body{padding:12px 0;} .battle-log {font-family:Verdana, sans-serif;font-size:10pt;} .battle-log-inline {border:1px solid #AAAAAA;background:#EEF2F5;color:black;max-width:640px;margin:0 auto 80px;padding-bottom:5px;} .battle-log .inner {padding:4px 8px 0px 8px;} .battle-log .inner-preempt {padding:0 8px 4px 8px;} .battle-log .inner-after {margin-top:0.5em;} .battle-log h2 {margin:0.5em -8px;padding:4px 8px;border:1px solid #AAAAAA;background:#E0E7EA;border-left:0;border-right:0;font-family:Verdana, sans-serif;font-size:13pt;} .battle-log .chat {vertical-align:middle;padding:3px 0 3px 0;font-size:8pt;} .battle-log .chat strong {color:#40576A;} .battle-log .chat em {padding:1px 4px 1px 3px;color:#000000;font-style:normal;} .chat.mine {background:rgba(0,0,0,0.05);margin-left:-8px;margin-right:-8px;padding-left:8px;padding-right:8px;} .spoiler {color:#BBBBBB;background:#BBBBBB;padding:0px 3px;} .spoiler:hover, .spoiler:active, .spoiler-shown {color:#000000;background:#E2E2E2;padding:0px 3px;} .spoiler a {color:#BBBBBB;} .spoiler:hover a, .spoiler:active a, .spoiler-shown a {color:#2288CC;} .chat code, .chat .spoiler:hover code, .chat .spoiler:active code, .chat .spoiler-shown code {border:1px solid #C0C0C0;background:#EEEEEE;color:black;padding:0 2px;} .chat .spoiler code {border:1px solid #CCCCCC;background:#CCCCCC;color:#CCCCCC;} .battle-log .rated {padding:3px 4px;} .battle-log .rated strong {color:white;background:#89A;padding:1px 4px;border-radius:4px;} .spacer {margin-top:0.5em;} .message-announce {background:#6688AA;color:white;padding:1px 4px 2px;} .message-announce a, .broadcast-green a, .broadcast-blue a, .broadcast-red a {color:#DDEEFF;} .broadcast-green {background-color:#559955;color:white;padding:2px 4px;} .broadcast-blue {background-color:#6688AA;color:white;padding:2px 4px;} .infobox {border:1px solid #6688AA;padding:2px 4px;} .infobox-limited {max-height:200px;overflow:auto;overflow-x:hidden;} .broadcast-red {background-color:#AA5544;color:white;padding:2px 4px;} .message-learn-canlearn {font-weight:bold;color:#228822;text-decoration:underline;} .message-learn-cannotlearn {font-weight:bold;color:#CC2222;text-decoration:underline;} .message-effect-weak {font-weight:bold;color:#CC2222;} .message-effect-resist {font-weight:bold;color:#6688AA;} .message-effect-immune {font-weight:bold;color:#666666;} .message-learn-list {margin-top:0;margin-bottom:0;} .message-throttle-notice, .message-error {color:#992222;} .message-overflow, .chat small.message-overflow {font-size:0pt;} .message-overflow::before {font-size:9pt;content:'...';} .subtle {color:#3A4A66;}
</style>
<div class="wrapper replay-wrapper" style="max-width:1180px;margin:0 auto">
<input type="hidden" name="replayid" value="pu-583157473" />
<div class="battle"></div><div class="battle-log"></div><div class="replay-controls"></div><div class="replay-controls-2"></div>
<h1 style="font-weight:normal;text-align:center"><strong>PU</strong><br /><a href="http://pokemonshowdown.com/users/agent1000" class="subtle" target="_blank">Agent1000</a> vs. <a href="http://pokemonshowdown.com/users/turbonite" class="subtle" target="_blank">Turbonite</a></h1>
<script type="text/plain" class="battle-log-data">|j|Agent1000
|j|Turbonite
|player|p1|Agent1000|101
|teamsize|p1|6
|player|p2|Turbonite|274
|teamsize|p2|6
|gametype|singles
|gen|6
|tier|PU
|seed|4988,40694,6090,12923
|rule|Sleep Clause Mod: Limit one foe put to sleep
|rule|Species Clause: Limit one of each Pokémon
|rule|OHKO Clause: OHKO moves are banned
|rule|Moody Clause: Moody is banned
|rule|Evasion Moves Clause: Evasion moves are banned
|rule|Endless Battle Clause: Forcing endless battles is banned
|rule|HP Percentage Mod: HP is shown in percentages
|clearpoke
|poke|p1|Rotom-Frost|item
|poke|p1|Altaria, F|item
|poke|p1|Articuno|item
|poke|p1|Ariados, F|item
|poke|p1|Armaldo, M|item
|poke|p1|Drifblim, F|item
|poke|p2|Monferno, M|item
|poke|p2|Grumpig, M|item
|poke|p2|Rotom-Frost|item
|poke|p2|Bouffalant, F|item
|poke|p2|Golem, M|item
|poke|p2|Floatzel, F|item
|rule|Swagger Clause: Swagger is banned
|rule|Baton Pass Clause: Limit one Baton Passer, can't pass Spe and other stats simultaneously
|teampreview
|inactive|Battle timer is ON: inactive players will automatically lose when time's up. (requested by Agent1000)
|choice|team 1, team 2, team 3, team 4, team 5, team 6|team 3, team 2, team 1, team 4, team 5, team 6
|
|start
|switch|p1a: Rotom|Rotom-Frost|241\/241
|switch|p2a: Rotom|Rotom-Frost|241\/241
|turn|1
|choice|move voltswitch|move substitute
|
|move|p2a: Rotom|Substitute|p2a: Rotom
|-start|p2a: Rotom|Substitute
|-damage|p2a: Rotom|181\/241
|move|p1a: Rotom|Volt Switch|p2a: Rotom
|-resisted|p2a: Rotom
|-activate|p2a: Rotom|move: Substitute|[damage]
|choice|switch 5|
|
|switch|p1a: Armaldo|Armaldo, M|291\/291
|
|-heal|p2a: Rotom|196\/241|[from] item: Leftovers
|upkeep
|turn|2
|choice|move ancientpower|move willowisp
|
|move|p2a: Rotom|Will-O-Wisp|p1a: Armaldo
|-status|p1a: Armaldo|brn
|move|p1a: Armaldo|Ancient Power|p2a: Rotom
|-supereffective|p2a: Rotom
|-end|p2a: Rotom|Substitute
|-boost|p1a: Armaldo|atk|1
|-boost|p1a: Armaldo|def|1
|-boost|p1a: Armaldo|spa|1
|-boost|p1a: Armaldo|spd|1
|-boost|p1a: Armaldo|spe|1
|
|-heal|p2a: Rotom|211\/241|[from] item: Leftovers
|-damage|p1a: Armaldo|255\/291 brn|[from] brn
|upkeep
|turn|3
|choice|move ancientpower|switch 5
|
|switch|p2a: Golem|Golem, M|301\/301
|move|p1a: Armaldo|Ancient Power|p2a: Golem
|-resisted|p2a: Golem
|-damage|p2a: Golem|240\/301
|
|-damage|p1a: Armaldo|219\/291 brn|[from] brn
|upkeep
|turn|4
|choice|move earthquake|move stealthrock
|
|move|p1a: Armaldo|Earthquake|p2a: Golem
|-supereffective|p2a: Golem
|-damage|p2a: Golem|133\/301
|-enditem|p2a: Golem|Weakness Policy
|-boost|p2a: Golem|atk|2
|-boost|p2a: Golem|spa|2
|move|p2a: Golem|Stealth Rock|p1a: Armaldo
|-sidestart|p1: Agent1000|move: Stealth Rock
|
|-damage|p1a: Armaldo|183\/291 brn|[from] brn
|upkeep
|turn|5
|choice|move rapidspin|move rockblast
|
|move|p1a: Armaldo|Rapid Spin|p2a: Golem
|-resisted|p2a: Golem
|-damage|p2a: Golem|128\/301
|-sideend|p1: Agent1000|Stealth Rock|[from] move: Rapid Spin|[of] p1a: Armaldo
|move|p2a: Golem|Rock Blast|p1a: Armaldo
|-supereffective|p1a: Armaldo
|-damage|p1a: Armaldo|85\/291 brn
|-supereffective|p1a: Armaldo
|-damage|p1a: Armaldo|0 fnt
|-hitcount|p1a: Armaldo|2
|faint|p1a: Armaldo
|
|upkeep
|choice|switch 2|
|
|switch|p1a: Altaria|Altaria, F|291\/291
|turn|6
|choice|move earthquake|move suckerpunch
|
|move|p2a: Golem|Sucker Punch|p1a: Altaria
|-damage|p1a: Altaria|77\/291
|move|p1a: Altaria|Earthquake|p2a: Golem
|-supereffective|p2a: Golem
|-damage|p2a: Golem|30\/301
|
|-heal|p1a: Altaria|95\/291|[from] item: Leftovers
|upkeep
|turn|7
|choice|move earthquake|move suckerpunch
|
|move|p2a: Golem|Sucker Punch|p1a: Altaria
|-damage|p1a: Altaria|0 fnt
|faint|p1a: Altaria
|
|upkeep
|choice|switch 5|
|
|switch|p1a: Rotom|Rotom-Frost|241\/241
|turn|8
|choice|move painsplit|move rockblast
|
|move|p1a: Rotom|Pain Split|p2a: Golem
|-sethp|p2a: Golem|135\/301|p1a: Rotom|135\/241|[from] move: Pain Split
|move|p2a: Golem|Rock Blast|p1a: Rotom|[miss]
|-miss|p2a: Golem|p1a: Rotom
|
|-heal|p1a: Rotom|150\/241|[from] item: Leftovers
|upkeep
|turn|9
|choice|move painsplit|move rockblast
|
|move|p1a: Rotom|Pain Split|p2a: Golem
|-sethp|p2a: Golem|142\/301|p1a: Rotom|142\/241|[from] move: Pain Split
|move|p2a: Golem|Rock Blast|p1a: Rotom|[miss]
|-miss|p2a: Golem|p1a: Rotom
|
|-heal|p1a: Rotom|157\/241|[from] item: Leftovers
|upkeep
|turn|10
|choice|move protect|move suckerpunch
|
|move|p1a: Rotom|Protect|p1a: Rotom
|-singleturn|p1a: Rotom|Protect
|move|p2a: Golem|Sucker Punch|p1a: Rotom|[still]
|-fail|p2a: Golem
|
|-heal|p1a: Rotom|172\/241|[from] item: Leftovers
|upkeep
|turn|11
|choice|switch 4|move suckerpunch
|
|switch|p1a: Ariados|Ariados, F|281\/281
|move|p2a: Golem|Sucker Punch|p1a: Ariados|[still]
|-fail|p2a: Golem
|
|upkeep
|turn|12
|choice|move nightslash|move rockblast
|
|move|p2a: Golem|Rock Blast|p1a: Ariados
|-supereffective|p1a: Ariados
|-damage|p1a: Ariados|95\/281
|-supereffective|p1a: Ariados
|-damage|p1a: Ariados|0 fnt
|-hitcount|p1a: Ariados|2
|faint|p1a: Ariados
|
|upkeep
|choice|switch 3|
|
|switch|p1a: Articuno|Articuno|321\/321
|-ability|p1a: Articuno|Pressure
|turn|13
|choice|move avalanche|move suckerpunch
|
|move|p2a: Golem|Sucker Punch|p1a: Articuno
|-damage|p1a: Articuno|111\/321
|move|p1a: Articuno|Avalanche|p2a: Golem
|-supereffective|p2a: Golem
|-damage|p2a: Golem|0 fnt
|faint|p2a: Golem
|
|-heal|p1a: Articuno|131\/321|[from] item: Leftovers
|upkeep
|choice||switch 5
|
|switch|p2a: Rotom|Rotom-Frost|211\/241
|turn|14
|choice|move freezedry|move blizzard
|
|move|p2a: Rotom|Blizzard|p1a: Articuno
|-damage|p1a: Articuno|0 fnt
|faint|p1a: Articuno
|
|-heal|p2a: Rotom|226\/241|[from] item: Leftovers
|upkeep
|choice|switch 4|
|
|switch|p1a: Rotom|Rotom-Frost|172\/241
|turn|15
|-message|Agent1000 forfeited.
|
|win|Turbonite
|l|Agent1000
|j|2xTheTap
|l|Turbonite</script>
</div>
<div class="battle-log battle-log-inline"><div class="inner"><div class="battle-options"></div><div class="inner"><div class="chat"><small>Agent1000 joined.</small></div><div class="chat"><small>Turbonite joined.</small></div><div class=""><small>Format:</small> <br><strong>PU</strong></div><div class=""><small><em>Sleep Clause Mod:</em> Limit one foe put to sleep</small></div><div class=""><small><em>Species Clause:</em> Limit one of each Pokémon</small></div><div class=""><small><em>OHKO Clause:</em> OHKO moves are banned</small></div><div class=""><small><em>Moody Clause:</em> Moody is banned</small></div><div class=""><small><em>Evasion Moves Clause:</em> Evasion moves are banned</small></div><div class=""><small><em>Endless Battle Clause:</em> Forcing endless battles is banned</small></div><div class=""><small><em>HP Percentage Mod:</em> HP is shown in percentages</small></div><div class=""><small><em>Swagger Clause:</em> Swagger is banned</small></div><div class=""><small><em>Baton Pass Clause:</em> Limit one Baton Passer, can't pass Spe and other stats simultaneously</small></div><div class="chat battle-history"><strong>Agent1000's team:</strong> <em style="color:#445566;display:block;">Rotom-Frost / Altaria / Articuno / Ariados / Armaldo / Drifblim</em></div><div class="chat battle-history"><strong>Turbonite's team:</strong> <em style="color:#445566;display:block;">Monferno / Grumpig / Rotom-Frost / Bouffalant / Golem / Floatzel</em></div><div class="chat message-error">Battle timer is ON: inactive players will automatically lose when time's up. (requested by Agent1000)</div><div class="spacer battle-history"><br></div><div class="battle-history">Battle started between Agent1000 and Turbonite!<br></div><div class="spacer battle-history"><br></div><div class="battle-history">Go! Rotom (<strong>Rotom-Frost</strong>)!<br></div><div class="spacer battle-history"><br></div><div class="battle-history">Turbonite sent out Rotom (<strong>Rotom-Frost</strong>)!<br></div><div class="spacer battle-history"><br></div><h2 class="battle-history">Turn 1</h2><div class="spacer battle-history"><br></div><div class="battle-history">The opposing Rotom used <strong>Substitute</strong>!<br></div><div class="battle-history"><small>The opposing Rotom put in a substitute!</small><br></div><div class="battle-history"><small>(The opposing Rotom lost <abbr title="−60/241">24.9%</abbr> of its health!)</small><br></div><div class="spacer battle-history"><br></div><div class="battle-history">Rotom used <strong>Volt Switch</strong>!<br></div><div class="battle-history"><small>It's not very effective...</small><br></div><div class="battle-history"><small>The substitute took damage for the opposing Rotom!</small><br></div><div class="spacer battle-history"><br></div><div class="battle-history">Rotom went back to Agent1000!<br></div><div class="battle-history">Go! <strong>Armaldo</strong>!<br></div><div class="spacer battle-history"><br></div><div class="battle-history"><small>The opposing Rotom restored a little HP using its Leftovers!</small><br></div><div class="spacer battle-history"><br></div><h2 class="battle-history">Turn 2</h2><div class="spacer battle-history"><br></div><div class="battle-history">The opposing Rotom used <strong>Will-O-Wisp</strong>!<br></div><div class="battle-history"><small>Armaldo was burned!</small><br></div><div class="spacer battle-history"><br></div><div class="battle-history">Armaldo used <strong>Ancient Power</strong>!<br></div><div class="battle-history"><small>It's super effective!</small><br></div><div class="battle-history"><small>The opposing Rotom's substitute faded!</small><br></div><div class="battle-history"><small>Armaldo's Attack rose!</small><br></div><div class="battle-history"><small>Armaldo's Defense rose!</small><br></div><div class="battle-history"><small>Armaldo's Special Attack rose!</small><br></div><div class="battle-history"><small>Armaldo's Special Defense rose!</small><br></div><div class="battle-history"><small>Armaldo's Speed rose!</small><br></div><div class="spacer battle-history"><br></div><div class="battle-history"><small>The opposing Rotom restored a little HP using its Leftovers!</small><br></div><div class="battle-history"><small>Armaldo was hurt by its burn!</small><br></div><div class="spacer battle-history"><br></div><h2 class="battle-history">Turn 3</h2><div class="spacer battle-history"><br></div><div class="battle-history">Turbonite withdrew Rotom!<br></div><div class="battle-history">Turbonite sent out <strong>Golem</strong>!<br></div><div class="spacer battle-history"><br></div><div class="battle-history">Armaldo used <strong>Ancient Power</strong>!<br></div><div class="battle-history"><small>It's not very effective...</small><br></div><div class="battle-history"><small>(The opposing Golem lost <abbr title="−61/301">20.3%</abbr> of its health!)</small><br></div><div class="spacer battle-history"><br></div><div class="battle-history"><small>Armaldo was hurt by its burn!</small><br></div><div class="spacer battle-history"><br></div><h2 class="battle-history">Turn 4</h2><div class="spacer battle-history"><br></div><div class="battle-history">Armaldo used <strong>Earthquake</strong>!<br></div><div class="battle-history"><small>It's super effective!</small><br></div><div class="battle-history"><small>(The opposing Golem lost <abbr title="−107/301">35.5%</abbr> of its health!)</small><br></div><div class="battle-history"><small>(The opposing Golem used its Weakness Policy!)</small><br></div><div class="battle-history"><small>The opposing Golem's Attack rose sharply!</small><br></div><div class="battle-history"><small>The opposing Golem's Special Attack rose sharply!</small><br></div><div class="spacer battle-history"><br></div><div class="battle-history">The opposing Golem used <strong>Stealth Rock</strong>!<br></div><div class="battle-history"><small>Pointed stones float in the air around your team!</small><br></div><div class="spacer battle-history"><br></div><div class="battle-history"><small>Armaldo was hurt by its burn!</small><br></div><div class="spacer battle-history"><br></div><h2 class="battle-history">Turn 5</h2><div class="spacer battle-history"><br></div><div class="battle-history">Armaldo used <strong>Rapid Spin</strong>!<br></div><div class="battle-history"><small>It's not very effective...</small><br></div><div class="battle-history"><small>(The opposing Golem lost <abbr title="−5/301">1.7%</abbr> of its health!)</small><br></div><div class="battle-history"><small>The pointed stones disappeared from around your team!</small><br></div><div class="spacer battle-history"><br></div><div class="battle-history">The opposing Golem used <strong>Rock Blast</strong>!<br></div><div class="battle-history"><small>It's super effective!</small><br></div><div class="battle-history"><small>(Armaldo lost <abbr title="−98/291">33.7%</abbr> of its health!)</small><br></div><div class="battle-history"><small>It's super effective!</small><br></div><div class="battle-history"><small>(Armaldo lost <abbr title="−85/291">29.2%</abbr> of its health!)</small><br></div><div class="battle-history"><small>Hit 2 times!</small><br></div><div class="spacer battle-history"><br></div><div class="battle-history">Armaldo fainted!<br></div><div class="spacer battle-history"><br></div><div class="battle-history">Go! <strong>Altaria</strong>!<br></div><div class="spacer battle-history"><br></div><h2 class="battle-history">Turn 6</h2><div class="spacer battle-history"><br></div><div class="battle-history">The opposing Golem used <strong>Sucker Punch</strong>!<br></div><div class="battle-history"><small>(Altaria lost <abbr title="−214/291">73.5%</abbr> of its health!)</small><br></div><div class="spacer battle-history"><br></div><div class="battle-history">Altaria used <strong>Earthquake</strong>!<br></div><div class="battle-history"><small>It's super effective!</small><br></div><div class="battle-history"><small>(The opposing Golem lost <abbr title="−98/301">32.6%</abbr> of its health!)</small><br></div><div class="spacer battle-history"><br></div><div class="battle-history"><small>Altaria restored a little HP using its Leftovers!</small><br></div><div class="spacer battle-history"><br></div><h2 class="battle-history">Turn 7</h2><div class="spacer battle-history"><br></div><div class="battle-history">The opposing Golem used <strong>Sucker Punch</strong>!<br></div><div class="battle-history"><small>(Altaria lost <abbr title="−95/291">32.6%</abbr> of its health!)</small><br></div><div class="spacer battle-history"><br></div><div class="battle-history">Altaria fainted!<br></div><div class="spacer battle-history"><br></div><div class="battle-history">Go! Rotom (<strong>Rotom-Frost</strong>)!<br></div><div class="spacer battle-history"><br></div><h2 class="battle-history">Turn 8</h2><div class="spacer battle-history"><br></div><div class="battle-history">Rotom used <strong>Pain Split</strong>!<br></div><div class="battle-history"><small>The battlers shared their pain!</small><br></div><div class="spacer battle-history"><br></div><div class="battle-history">The opposing Golem used <strong>Rock Blast</strong>!<br></div><div class="battle-history"><small>Rotom avoided the attack!</small><br></div><div class="spacer battle-history"><br></div><div class="battle-history"><small>Rotom restored a little HP using its Leftovers!</small><br></div><div class="spacer battle-history"><br></div><h2 class="battle-history">Turn 9</h2><div class="spacer battle-history"><br></div><div class="battle-history">Rotom used <strong>Pain Split</strong>!<br></div><div class="battle-history"><small>The battlers shared their pain!</small><br></div><div class="spacer battle-history"><br></div><div class="battle-history">The opposing Golem used <strong>Rock Blast</strong>!<br></div><div class="battle-history"><small>Rotom avoided the attack!</small><br></div><div class="spacer battle-history"><br></div><div class="battle-history"><small>Rotom restored a little HP using its Leftovers!</small><br></div><div class="spacer battle-history"><br></div><h2 class="battle-history">Turn 10</h2><div class="spacer battle-history"><br></div><div class="battle-history">Rotom used <strong>Protect</strong>!<br></div><div class="battle-history"><small>Rotom protected itself!</small><br></div><div class="spacer battle-history"><br></div><div class="battle-history">The opposing Golem used <strong>Sucker Punch</strong>!<br></div><div class="battle-history"><small>But it failed!</small><br></div><div class="spacer battle-history"><br></div><div class="battle-history"><small>Rotom restored a little HP using its Leftovers!</small><br></div><div class="spacer battle-history"><br></div><h2 class="battle-history">Turn 11</h2><div class="spacer battle-history"><br></div><div class="battle-history">Rotom, come back!<br></div><div class="battle-history">Go! <strong>Ariados</strong>!<br></div><div class="spacer battle-history"><br></div><div class="battle-history">The opposing Golem used <strong>Sucker Punch</strong>!<br></div><div class="battle-history"><small>But it failed!</small><br></div><div class="spacer battle-history"><br></div><h2 class="battle-history">Turn 12</h2><div class="spacer battle-history"><br></div><div class="battle-history">The opposing Golem used <strong>Rock Blast</strong>!<br></div><div class="battle-history"><small>It's super effective!</small><br></div><div class="battle-history"><small>(Ariados lost <abbr title="−186/281">66.2%</abbr> of its health!)</small><br></div><div class="battle-history"><small>It's super effective!</small><br></div><div class="battle-history"><small>(Ariados lost <abbr title="−95/281">33.8%</abbr> of its health!)</small><br></div><div class="battle-history"><small>Hit 2 times!</small><br></div><div class="spacer battle-history"><br></div><div class="battle-history">Ariados fainted!<br></div><div class="spacer battle-history"><br></div><div class="battle-history">Go! <strong>Articuno</strong>!<br></div><div class="battle-history"><small>[Articuno's Pressure]</small><br><small>Articuno is exerting its pressure!</small><br></div><div class="spacer battle-history"><br></div><h2 class="battle-history">Turn 13</h2><div class="spacer battle-history"><br></div><div class="battle-history">The opposing Golem used <strong>Sucker Punch</strong>!<br></div><div class="battle-history"><small>(Articuno lost <abbr title="−210/321">65.4%</abbr> of its health!)</small><br></div><div class="spacer battle-history"><br></div><div class="battle-history">Articuno used <strong>Avalanche</strong>!<br></div><div class="battle-history"><small>It's super effective!</small><br></div><div class="battle-history"><small>(The opposing Golem lost <abbr title="−142/301">47.2%</abbr> of its health!)</small><br></div><div class="spacer battle-history"><br></div><div class="battle-history">The opposing Golem fainted!<br></div><div class="spacer battle-history"><br></div><div class="battle-history"><small>Articuno restored a little HP using its Leftovers!</small><br></div><div class="spacer battle-history"><br></div><div class="battle-history">Turbonite sent out Rotom (<strong>Rotom-Frost</strong>)!<br></div><div class="spacer battle-history"><br></div><h2 class="battle-history">Turn 14</h2><div class="spacer battle-history"><br></div><div class="battle-history">The opposing Rotom used <strong>Blizzard</strong>!<br></div><div class="battle-history"><small>(Articuno lost <abbr title="−131/321">40.8%</abbr> of its health!)</small><br></div><div class="spacer battle-history"><br></div><div class="battle-history">Articuno fainted!<br></div><div class="spacer battle-history"><br></div><div class="battle-history"><small>The opposing Rotom restored a little HP using its Leftovers!</small><br></div><div class="spacer battle-history"><br></div><div class="battle-history">Go! Rotom (<strong>Rotom-Frost</strong>)!<br></div><div class="spacer battle-history"><br></div><h2 class="battle-history">Turn 15</h2><div class="spacer battle-history"><br></div><div class="battle-history"><small>Agent1000 forfeited.</small><br></div><div class="spacer battle-history"><br></div><div class="battle-history"><strong>Turbonite</strong> won the battle!<br></div><div class="chat"><small>Agent1000 left.</small></div><div class="chat"><small>2xTheTap joined.</small></div><div class="chat"><small>Turbonite left.</small></div></div><div class="inner-preempt"></div></div></div>
</div>
<script>
let daily = Math.floor(Date.now()/1000/60/60/24);document.write('<script src="https://play.pokemonshowdown.com/js/replay-embed.js?version'+daily+'"></'+'script>');
</script>
