<!DOCTYPE html>
<meta charset="utf-8" />
<!-- version 1 -->
<title>PU replay: Teddeh vs. LordST</title>
<style>
html,body {font-family:Verdana, sans-serif;font-size:10pt;margin:0;padding:0;}body{padding:12px 0;} .battle-log {font-family:Verdana, sans-serif;font-size:10pt;} .battle-log-inline {border:1px solid #AAAAAA;background:#EEF2F5;color:black;max-width:640px;margin:0 auto 80px;padding-bottom:5px;} .battle-log .inner {padding:4px 8px 0px 8px;} .battle-log .inner-preempt {padding:0 8px 4px 8px;} .battle-log .inner-after {margin-top:0.5em;} .battle-log h2 {margin:0.5em -8px;padding:4px 8px;border:1px solid #AAAAAA;background:#E0E7EA;border-left:0;border-right:0;font-family:Verdana, sans-serif;font-size:13pt;} .battle-log .chat {vertical-align:middle;padding:3px 0 3px 0;font-size:8pt;} .battle-log .chat strong {color:#40576A;} .battle-log .chat em {padding:1px 4px 1px 3px;color:#000000;font-style:normal;} .chat.mine {background:rgba(0,0,0,0.05);margin-left:-8px;margin-right:-8px;padding-left:8px;padding-right:8px;} .spoiler {color:#BBBBBB;background:#BBBBBB;padding:0px 3px;} .spoiler:hover, .spoiler:active, .spoiler-shown {color:#000000;background:#E2E2E2;padding:0px 3px;} .spoiler a {color:#BBBBBB;} .spoiler:hover a, .spoiler:active a, .spoiler-shown a {color:#2288CC;} .chat code, .chat .spoiler:hover code, .chat .spoiler:active code, .chat .spoiler-shown code {border:1px solid #C0C0C0;background:#EEEEEE;color:black;padding:0 2px;} .chat .spoiler code {border:1px solid #CCCCCC;background:#CCCCCC;color:#CCCCCC;} .battle-log .rated {padding:3px 4px;} .battle-log .rated strong {color:white;background:#89A;padding:1px 4px;border-radius:4px;} .spacer {margin-top:0.5em;} .message-announce {background:#6688AA;color:white;padding:1px 4px 2px;} .message-announce a, .broadcast-green a, .broadcast-blue a, .broadcast-red a {color:#DDEEFF;} .broadcast-green {background-color:#559955;color:white;padding:2px 4px;} .broadcast-blue {background-color:#6688AA;color:white;padding:2px 4px;} .infobox {border:1px solid #6688AA;padding:2px 4px;} .infobox-limited {max-height:200px;overflow:auto;overflow-x:hidden;} .broadcast-red {background-color:#AA5544;color:white;padding:2px 4px;} .message-learn-canlearn {font-weight:bold;color:#228822;text-decoration:underline;} .message-learn-cannotlearn {font-weight:bold;color:#CC2222;text-decoration:underline;} .message-effect-weak {font-weight:bold;color:#CC2222;} .message-effect-resist {font-weight:bold;color:#6688AA;} .message-effect-immune {font-weight:bold;color:#666666;} .message-learn-list {margin-top:0;margin-bottom:0;} .message-throttle-notice, .message-error {color:#992222;} .message-overflow, .chat small.message-overflow {font-size:0pt;} .message-overflow::before {font-size:9pt;content:'...';} .subtle {color:#3A4A66;}
</style>
<div class="wrapper replay-wrapper" style="max-width:1180px;margin:0 auto">
<input type="hidden" name="replayid" value="pu-584862969" />
<div class="battle"></div><div class="battle-log"></div><div class="replay-controls"></div><div class="replay-controls-2"></div>
<h1 style="font-weight:normal;text-align:center"><strong>PU</strong><br /><a href="http://pokemonshowdown.com/users/teddeh" class="subtle" target="_blank">Teddeh</a> vs. <a href="http://pokemonshowdown.com/users/lordst" class="subtle" target="_blank">LordST</a></h1>
<script type="text/plain" class="battle-log-data">|j|Teddeh
|j|LordST
|player|p1|Teddeh|170
|teamsize|p1|6
|player|p2|LordST|43
|teamsize|p2|6
|gametype|singles
|gen|6
|tier|PU
|seed|55989,31681,12112,24379
|rule|Sleep Clause Mod: Limit one foe put to sleep
|rule|Species Clause: Limit one of each Pokémon
|rule|OHKO Clause: OHKO moves are banned
|rule|Moody Clause: Moody is banned
|rule|Evasion Moves Clause: Evasion moves are banned
|rule|Endless Battle Clause: Forcing endless battles is banned
|rule|HP Percentage Mod: HP is shown in percentages
|clearpoke
|poke|p1|Stoutland, M|item
|poke|p1|Grumpig, M|item
|poke|p1|Prinplup, M|item
|poke|p1|Zebstrika, F|item
|poke|p1|Ursaring, M|item
|poke|p1|Gourgeist-*, F|item
|poke|p2|Servine, F|item
|poke|p2|Marowak, F|item
|poke|p2|Dusknoir, F|item
|poke|p2|Electrode|item
|poke|p2|Crustle, M|item
|poke|p2|Mr. Mime, M|item
|rule|Swagger Clause: Swagger is banned
|rule|Baton Pass Clause: Limit one Baton Passer, can't pass Spe and other stats simultaneously
|teampreview
|c|☆LordST|hf
|c|☆Teddeh|hf
|choice|team 1, team 2, team 3, team 4, team 5, team 6|team 5, team 2, team 3, team 4, team 1, team 6
|
|start
|switch|p1a: Stoutland|Stoutland, M|311\/311
|switch|p2a: Crustle|Crustle, M|250\/250
|turn|1
|choice|move frustration|move stealthrock
|
|move|p1a: Stoutland|Frustration|p2a: Crustle
|-resisted|p2a: Crustle
|-damage|p2a: Crustle|120\/250
|move|p2a: Crustle|Stealth Rock|p1a: Stoutland
|-sidestart|p1: Teddeh|move: Stealth Rock
|
|upkeep
|turn|2
|c|☆Teddeh|"resisted"
|c|☆Teddeh|pfft
|choice|move frustration|move spikes
|
|move|p1a: Stoutland|Frustration|p2a: Crustle
|-resisted|p2a: Crustle
|-damage|p2a: Crustle|0 fnt
|faint|p2a: Crustle
|
|upkeep
|choice||switch 2
|
|switch|p2a: Marowak|Marowak, F|261\/261
|turn|3
|j|PokemonMasterTJ
|choice|move frustration|move bonemerang
|
|move|p1a: Stoutland|Frustration|p2a: Marowak
|-damage|p2a: Marowak|9\/261
|move|p2a: Marowak|Bonemerang|p1a: Stoutland
|-damage|p1a: Stoutland|157\/311
|-damage|p1a: Stoutland|13\/311
|-hitcount|p1a: Stoutland|2
|
|upkeep
|turn|4
|c|☆LordST|im pretty sure im negative def nature
|choice|move frustration|move knockoff
|
|move|p1a: Stoutland|Frustration|p2a: Marowak
|-damage|p2a: Marowak|0 fnt
|faint|p2a: Marowak
|
|upkeep
|j|Amythyst48
|choice||switch 5
|
|switch|p2a: Servine|Servine, F|323\/323
|turn|5
|choice|move frustration|move leafstorm
|
|move|p2a: Servine|Leaf Storm|p1a: Stoutland
|-damage|p1a: Stoutland|0 fnt
|-boost|p2a: Servine|spa|2
|faint|p1a: Stoutland
|
|upkeep
|c|%PokemonMasterTJ|teddeh is so good
|choice|switch 4|
|
|switch|p1a: Zebstrika|Zebstrika, F|291\/291
|-damage|p1a: Zebstrika|255\/291|[from] Stealth Rock
|turn|6
|choice|move overheat|move leafstorm
|
|move|p1a: Zebstrika|Overheat|p2a: Servine
|-supereffective|p2a: Servine
|-damage|p2a: Servine|71\/323
|-unboost|p1a: Zebstrika|spa|2
|-damage|p1a: Zebstrika|226\/291|[from] item: Life Orb
|move|p2a: Servine|Leaf Storm|p1a: Zebstrika
|-damage|p1a: Zebstrika|0 fnt
|-boost|p2a: Servine|spa|2
|faint|p1a: Zebstrika
|
|upkeep
|choice|switch 5|
|
|switch|p1a: Ursaring|Ursaring, M|383\/383
|-damage|p1a: Ursaring|336\/383|[from] Stealth Rock
|turn|7
|choice|move frustration|move synthesis
|
|move|p2a: Servine|Synthesis|p2a: Servine
|-heal|p2a: Servine|232\/323
|move|p1a: Ursaring|Frustration|p2a: Servine
|-damage|p2a: Servine|106\/323
|
|-heal|p1a: Ursaring|359\/383|[from] item: Leftovers
|upkeep
|turn|8
|choice|move frustration|move synthesis
|
|move|p2a: Servine|Synthesis|p2a: Servine
|-heal|p2a: Servine|267\/323
|move|p1a: Ursaring|Frustration|p2a: Servine
|-damage|p2a: Servine|131\/323
|
|-heal|p1a: Ursaring|382\/383|[from] item: Leftovers
|upkeep
|turn|9
|choice|move frustration|move synthesis
|
|move|p2a: Servine|Synthesis|p2a: Servine
|-heal|p2a: Servine|292\/323
|move|p1a: Ursaring|Frustration|p2a: Servine
|-damage|p2a: Servine|174\/323
|
|-heal|p1a: Ursaring|383\/383|[from] item: Leftovers
|upkeep
|turn|10
|choice|move frustration|move leafstorm
|
|move|p2a: Servine|Leaf Storm|p1a: Ursaring
|-damage|p1a: Ursaring|103\/383
|-boost|p2a: Servine|spa|2
|move|p1a: Ursaring|Frustration|p2a: Servine
|-damage|p2a: Servine|38\/323
|
|-heal|p1a: Ursaring|126\/383|[from] item: Leftovers
|upkeep
|turn|11
|choice|move frustration|move leafstorm
|
|move|p2a: Servine|Leaf Storm|p1a: Ursaring
|-damage|p1a: Ursaring|0 fnt
|faint|p1a: Ursaring
|
|upkeep
|choice|switch 2|
|
|switch|p1a: Grumpig|Grumpig, M|321\/321
|-damage|p1a: Grumpig|281\/321|[from] Stealth Rock
|turn|12
|choice|move psychic|move leafstorm
|
|move|p2a: Servine|Leaf Storm|p1a: Grumpig
|-damage|p1a: Grumpig|0 fnt
|faint|p1a: Grumpig
|
|upkeep
|choice|switch 6|
|
|switch|p1a: Gourgeist|Gourgeist-Super, F|369\/369
|-damage|p1a: Gourgeist|323\/369|[from] Stealth Rock
|-item|p2a: Servine|Eviolite|[from] ability: Frisk|[of] p1a: Gourgeist|[identify]
|turn|13
|c|☆Teddeh|gg
|choice|move foulplay|move hiddenpower
|
|move|p2a: Servine|Hidden Power|p1a: Gourgeist
|-supereffective|p1a: Gourgeist
|-damage|p1a: Gourgeist|37\/369
|move|p1a: Gourgeist|Foul Play|p2a: Servine
|-damage|p2a: Servine|5\/323
|
|-heal|p1a: Gourgeist|60\/369|[from] item: Leftovers
|upkeep
|turn|14
|c|☆LordST|gg
|c|%PokemonMasterTJ|loll.
|choice|move foulplay|move hiddenpower
|
|move|p2a: Servine|Hidden Power|p1a: Gourgeist
|-supereffective|p1a: Gourgeist
|-damage|p1a: Gourgeist|0 fnt
|faint|p1a: Gourgeist
|
|upkeep
|choice|switch 3|
|
|switch|p1a: Prinplup|Prinplup, M|331\/331
|-damage|p1a: Prinplup|290\/331|[from] Stealth Rock
|turn|15
|j|SergioRules
|choice|move scald|move leafstorm
|
|move|p2a: Servine|Leaf Storm|p1a: Prinplup
|-supereffective|p1a: Prinplup
|-damage|p1a: Prinplup|0 fnt
|faint|p1a: Prinplup
|
|win|LordST
|l|Teddeh
|l|LordST</script>
</div>
<div class="battle-log battle-log-inline"><div class="inner"><div class="battle-options"></div><div class="inner"><div class="chat"><small>Teddeh joined.</small></div><div class="chat"><small>LordST joined.</small></div><div class=""><small>Format:</small> <br><strong>PU</strong></div><div class=""><small><em>Sleep Clause Mod:</em> Limit one foe put to sleep</small></div><div class=""><small><em>Species Clause:</em> Limit one of each Pokémon</small></div><div class=""><small><em>OHKO Clause:</em> OHKO moves are banned</small></div><div class=""><small><em>Moody Clause:</em> Moody is banned</small></div><div class=""><small><em>Evasion Moves Clause:</em> Evasion moves are banned</small></div><div class=""><small><em>Endless Battle Clause:</em> Forcing endless battles is banned</small></div><div class=""><small><em>HP Percentage Mod:</em> HP is shown in percentages</small></div><div class=""><small><em>Swagger Clause:</em> Swagger is banned</small></div><div class=""><small><em>Baton Pass Clause:</em> Limit one Baton Passer, can't pass Spe and other stats simultaneously</small></div><div class="chat battle-history"><strong>Teddeh's team:</strong> <em style="color:#445566;display:block;">Stoutland / Grumpig / Prinplup / Zebstrika / Ursaring / Gourgeist-*</em></div><div class="chat battle-history"><strong>LordST's team:</strong> <em style="color:#445566;display:block;">Servine / Marowak / Dusknoir / Electrode / Crustle / Mr. Mime</em></div><div class="chat chatmessage-lordst"><strong style="color:hsl(5,52%,47%)"><small>☆</small><span class="username" data-name="LordST">LordST</span>:</strong> <em>hf</em></div><div class="chat chatmessage-teddeh"><strong style="color:hsl(158,62%,34%)"><small>☆</small><span class="username" data-name="Teddeh">Teddeh</span>:</strong> <em>hf</em></div><div class="spacer battle-history"><br></div><div class="battle-history">Battle started between Teddeh and LordST!<br></div><div class="spacer battle-history"><br></div><div class="battle-history">Go! <strong>Stoutland</strong>!<br></div><div class="spacer battle-history"><br></div><div class="battle-history">LordST sent out <strong>Crustle</strong>!<br></div><div class="spacer battle-history"><br></div><h2 class="battle-history">Turn 1</h2><div class="spacer battle-history"><br></div><div class="battle-history">Stoutland used <strong>Frustration</strong>!<br></div><div class="battle-history"><small>It's not very effective...</small><br></div><div class="battle-history"><small>(The opposing Crustle lost <abbr title="−130/250">52%</abbr> of its health!)</small><br></div><div class="spacer battle-history"><br></div><div class="battle-history">The opposing Crustle used <strong>Stealth Rock</strong>!<br></div><div class="battle-history"><small>Pointed stones float in the air around your team!</small><br></div><div class="spacer battle-history"><br></div><h2 class="battle-history">Turn 2</h2><div class="chat chatmessage-teddeh"><strong style="color:hsl(158,62%,34%)"><small>☆</small><span class="username" data-name="Teddeh">Teddeh</span>:</strong> <em>"resisted"</em></div><div class="chat chatmessage-teddeh"><strong style="color:hsl(158,62%,34%)"><small>☆</small><span class="username" data-name="Teddeh">Teddeh</span>:</strong> <em>pfft</em></div><div class="spacer battle-history"><br></div><div class="battle-history">Stoutland used <strong>Frustration</strong>!<br></div><div class="battle-history"><small>It's not very effective...</small><br></div><div class="battle-history"><small>(The opposing Crustle lost <abbr title="−120/250">48%</abbr> of its health!)</small><br></div><div class="spacer battle-history"><br></div><div class="battle-history">The opposing Crustle fainted!<br></div><div class="spacer battle-history"><br></div><div class="battle-history">LordST sent out <strong>Marowak</strong>!<br></div><div class="spacer battle-history"><br></div><h2 class="battle-history">Turn 3</h2><div class="chat"><small>PokemonMasterTJ joined.</small></div><div class="spacer battle-history"><br></div><div class="battle-history">Stoutland used <strong>Frustration</strong>!<br></div><div class="battle-history"><small>(The opposing Marowak lost <abbr title="−252/261">96.6%</abbr> of its health!)</small><br></div><div class="spacer battle-history"><br></div><div class="battle-history">The opposing Marowak used <strong>Bonemerang</strong>!<br></div><div class="battle-history"><small>(Stoutland lost <abbr title="−154/311">49.5%</abbr> of its health!)</small><br></div><div class="battle-history"><small>(Stoutland lost <abbr title="−144/311">46.3%</abbr> of its health!)</small><br></div><div class="battle-history"><small>Hit 2 times!</small><br></div><div class="spacer battle-history"><br></div><h2 class="battle-history">Turn 4</h2><div class="chat chatmessage-lordst"><strong style="color:hsl(5,52%,47%)"><small>☆</small><span class="username" data-name="LordST">LordST</span>:</strong> <em>im pretty sure im negative def nature</em></div><div class="spacer battle-history"><br></div><div class="battle-history">Stoutland used <strong>Frustration</strong>!<br></div><div class="battle-history"><small>(The opposing Marowak lost <abbr title="−9/261">3.4%</abbr> of its health!)</small><br></div><div class="spacer battle-history"><br></div><div class="battle-history">The opposing Marowak fainted!<br></div><div class="chat"><small>Amythyst48 joined.</small></div><div class="spacer battle-history"><br></div><div class="battle-history">LordST sent out <strong>Servine</strong>!<br></div><div class="spacer battle-history"><br></div><h2 class="battle-history">Turn 5</h2><div class="spacer battle-history"><br></div><div class="battle-history">The opposing Servine used <strong>Leaf Storm</strong>!<br></div><div class="battle-history"><small>(Stoutland lost <abbr title="−13/311">4.2%</abbr> of its health!)</small><br></div><div class="battle-history"><small>The opposing Servine's Special Attack rose sharply!</small><br></div><div class="spacer battle-history"><br></div><div class="battle-history">Stoutland fainted!<br></div><div class="chat chatmessage-pokemonmastertj"><strong style="color:hsl(26,75%,48%)"><small>%</small><span class="username" data-name="PokemonMasterTJ">PokemonMasterTJ</span>:</strong> <em>teddeh is so good</em></div><div class="spacer battle-history"><br></div><div class="battle-history">Go! <strong>Zebstrika</strong>!<br></div><div class="battle-history"><small>Pointed stones dug into Zebstrika!</small><br></div><div class="spacer battle-history"><br></div><h2 class="battle-history">Turn 6</h2><div class="spacer battle-history"><br></div><div class="battle-history">Zebstrika used <strong>Overheat</strong>!<br></div><div class="battle-history"><small>It's super effective!</small><br></div><div class="battle-history"><small>(The opposing Servine lost <abbr title="−252/323">78.0%</abbr> of its health!)</small><br></div><div class="battle-history"><small>Zebstrika's Special Attack fell harshly!</small><br></div><div class="battle-history"><small>Zebstrika lost some of its HP!</small><br></div><div class="spacer battle-history"><br></div><div class="battle-history">The opposing Servine used <strong>Leaf Storm</strong>!<br></div><div class="battle-history"><small>(Zebstrika lost <abbr title="−226/291">77.7%</abbr> of its health!)</small><br></div><div class="battle-history"><small>The opposing Servine's Special Attack rose sharply!</small><br></div><div class="spacer battle-history"><br></div><div class="battle-history">Zebstrika fainted!<br></div><div class="spacer battle-history"><br></div><div class="battle-history">Go! <strong>Ursaring</strong>!<br></div><div class="battle-history"><small>Pointed stones dug into Ursaring!</small><br></div><div class="spacer battle-history"><br></div><h2 class="battle-history">Turn 7</h2><div class="spacer battle-history"><br></div><div class="battle-history">The opposing Servine used <strong>Synthesis</strong>!<br></div><div class="battle-history"><small>The opposing Servine restored its HP.</small><br></div><div class="spacer battle-history"><br></div><div class="battle-history">Ursaring used <strong>Frustration</strong>!<br></div><div class="battle-history"><small>(The opposing Servine lost <abbr title="−126/323">39.0%</abbr> of its health!)</small><br></div><div class="spacer battle-history"><br></div><div class="battle-history"><small>Ursaring restored a little HP using its Leftovers!</small><br></div><div class="spacer battle-history"><br></div><h2 class="battle-history">Turn 8</h2><div class="spacer battle-history"><br></div><div class="battle-history">The opposing Servine used <strong>Synthesis</strong>!<br></div><div class="battle-history"><small>The opposing Servine restored its HP.</small><br></div><div class="spacer battle-history"><br></div><div class="battle-history">Ursaring used <strong>Frustration</strong>!<br></div><div class="battle-history"><small>(The opposing Servine lost <abbr title="−136/323">42.1%</abbr> of its health!)</small><br></div><div class="spacer battle-history"><br></div><div class="battle-history"><small>Ursaring restored a little HP using its Leftovers!</small><br></div><div class="spacer battle-history"><br></div><h2 class="battle-history">Turn 9</h2><div class="spacer battle-history"><br></div><div class="battle-history">The opposing Servine used <strong>Synthesis</strong>!<br></div><div class="battle-history"><small>The opposing Servine restored its HP.</small><br></div><div class="spacer battle-history"><br></div><div class="battle-history">Ursaring used <strong>Frustration</strong>!<br></div><div class="battle-history"><small>(The opposing Servine lost <abbr title="−118/323">36.5%</abbr> of its health!)</small><br></div><div class="spacer battle-history"><br></div><div class="battle-history"><small>Ursaring restored a little HP using its Leftovers!</small><br></div><div class="spacer battle-history"><br></div><h2 class="battle-history">Turn 10</h2><div class="spacer battle-history"><br></div><div class="battle-history">The opposing Servine used <strong>Leaf Storm</strong>!<br></div><div class="battle-history"><small>(Ursaring lost <abbr title="−280/383">73.1%</abbr> of its health!)</small><br></div><div class="battle-history"><small>The opposing Servine's Special Attack rose sharply!</small><br></div><div class="spacer battle-history"><br></div><div class="battle-history">Ursaring used <strong>Frustration</strong>!<br></div><div class="battle-history"><small>(The opposing Servine lost <abbr title="−136/323">42.1%</abbr> of its health!)</small><br></div><div class="spacer battle-history"><br></div><div class="battle-history"><small>Ursaring restored a little HP using its Leftovers!</small><br></div><div class="spacer battle-history"><br></div><h2 class="battle-history">Turn 11</h2><div class="spacer battle-history"><br></div><div class="battle-history">The opposing Servine used <strong>Leaf Storm</strong>!<br></div><div class="battle-history"><small>(Ursaring lost <abbr title="−126/383">32.9%</abbr> of its health!)</small><br></div><div class="spacer battle-history"><br></div><div class="battle-history">Ursaring fainted!<br></div><div class="spacer battle-history"><br></div><div class="battle-history">Go! <strong>Grumpig</strong>!<br></div><div class="battle-history"><small>Pointed stones dug into Grumpig!</small><br></div><div class="spacer battle-history"><br></div><h2 class="battle-history">Turn 12</h2><div class="spacer battle-history"><br></div><div class="battle-history">The opposing Servine used <strong>Leaf Storm</strong>!<br></div><div class="battle-history"><small>(Grumpig lost <abbr title="−281/321">87.5%</abbr> of its health!)</small><br></div><div class="spacer battle-history"><br></div><div class="battle-history">Grumpig fainted!<br></div><div class="spacer battle-history"><br></div><div class="battle-history">Go! Gourgeist (<strong>Gourgeist-Super</strong>)!<br></div><div class="battle-history"><small>Pointed stones dug into Gourgeist!</small><br></div><div class="battle-history"><small>[Gourgeist's Frisk]</small><br><small>Gourgeist frisked the opposing Servine and found its Eviolite!</small><br></div><div class="spacer battle-history"><br></div><h2 class="battle-history">Turn 13</h2><div class="chat chatmessage-teddeh"><strong style="color:hsl(158,62%,34%)"><small>☆</small><span class="username" data-name="Teddeh">Teddeh</span>:</strong> <em>gg</em></div><div class="spacer battle-history"><br></div><div class="battle-history">The opposing Servine used <strong>Hidden Power</strong>!<br></div><div class="battle-history"><small>It's super effective!</small><br></div><div class="battle-history"><small>(Gourgeist lost <abbr title="−286/369">77.5%</abbr> of its health!)</small><br></div><div class="spacer battle-history"><br></div><div class="battle-history">Gourgeist used <strong>Foul Play</strong>!<br></div><div class="battle-history"><small>(The opposing Servine lost <abbr title="−33/323">10.2%</abbr> of its health!)</small><br></div><div class="spacer battle-history"><br></div><div class="battle-history"><small>Gourgeist restored a little HP using its Leftovers!</small><br></div><div class="spacer battle-history"><br></div><h2 class="battle-history">Turn 14</h2><div class="chat chatmessage-lordst"><strong style="color:hsl(5,52%,47%)"><small>☆</small><span class="username" data-name="LordST">LordST</span>:</strong> <em>gg</em></div><div class="chat chatmessage-pokemonmastertj"><strong style="color:hsl(26,75%,48%)"><small>%</small><span class="username" data-name="PokemonMasterTJ">PokemonMasterTJ</span>:</strong> <em>loll.</em></div><div class="spacer battle-history"><br></div><div class="battle-history">The opposing Servine used <strong>Hidden Power</strong>!<br></div><div class="battle-history"><small>It's super effective!</small><br></div><div class="battle-history"><small>(Gourgeist lost <abbr title="−60/369">16.3%</abbr> of its health!)</small><br></div><div class="spacer battle-history"><br></div><div class="battle-history">Gourgeist fainted!<br></div><div class="spacer battle-history"><br></div><div class="battle-history">Go! <strong>Prinplup</strong>!<br></div><div class="battle-history"><small>Pointed stones dug into Prinplup!</small><br></div><div class="spacer battle-history"><br></div><h2 class="battle-history">Turn 15</h2><div class="chat"><small>SergioRules joined.</small></div><div class="spacer battle-history"><br></div><div class="battle-history">The opposing Servine used <strong>Leaf Storm</strong>!<br></div><div class="battle-history"><small>It's super effective!</small><br></div><div class="battle-history"><small>(Prinplup lost <abbr title="−290/331">87.6%</abbr> of its health!)</small><br></div><div class="spacer battle-history"><br></div><div class="battle-history">Prinplup fainted!<br></div><div class="spacer battle-history"><br></div><div class="battle-history"><strong>LordST</strong> won the battle!<br></div><div class="chat"><small>Teddeh left.</small></div><div class="chat"><small>LordST left.</small></div></div><div class="inner-preempt"></div></div></div>
</div>
<script>
let daily = Math.floor(Date.now()/1000/60/60/24);document.write('<script src="https://play.pokemonshowdown.com/js/replay-embed.js?version'+daily+'"></'+'script>');
</script>
