<!DOCTYPE html>
<meta charset="utf-8" />
<!-- version 1 -->
<title>PU replay: ShirubaRoketto vs. Thunderbolt98</title>
<style>
html,body {font-family:Verdana, sans-serif;font-size:10pt;margin:0;padding:0;}body{padding:12px 0;} .battle-log {font-family:Verdana, sans-serif;font-size:10pt;} .battle-log-inline {border:1px solid #AAAAAA;background:#EEF2F5;color:black;max-width:640px;margin:0 auto 80px;padding-bottom:5px;} .battle-log .inner {padding:4px 8px 0px 8px;} .battle-log .inner-preempt {padding:0 8px 4px 8px;} .battle-log .inner-after {margin-top:0.5em;} .battle-log h2 {margin:0.5em -8px;padding:4px 8px;border:1px solid #AAAAAA;background:#E0E7EA;border-left:0;border-right:0;font-family:Verdana, sans-serif;font-size:13pt;} .battle-log .chat {vertical-align:middle;padding:3px 0 3px 0;font-size:8pt;} .battle-log .chat strong {color:#40576A;} .battle-log .chat em {padding:1px 4px 1px 3px;color:#000000;font-style:normal;} .chat.mine {background:rgba(0,0,0,0.05);margin-left:-8px;margin-right:-8px;padding-left:8px;padding-right:8px;} .spoiler {color:#BBBBBB;background:#BBBBBB;padding:0px 3px;} .spoiler:hover, .spoiler:active, .spoiler-shown {color:#000000;background:#E2E2E2;padding:0px 3px;} .spoiler a {color:#BBBBBB;} .spoiler:hover a, .spoiler:active a, .spoiler-shown a {color:#2288CC;} .chat code, .chat .spoiler:hover code, .chat .spoiler:active code, .chat .spoiler-shown code {border:1px solid #C0C0C0;background:#EEEEEE;color:black;padding:0 2px;} .chat .spoiler code {border:1px solid #CCCCCC;background:#CCCCCC;color:#CCCCCC;} .battle-log .rated {padding:3px 4px;} .battle-log .rated strong {color:white;background:#89A;padding:1px 4px;border-radius:4px;} .spacer {margin-top:0.5em;} .message-announce {background:#6688AA;color:white;padding:1px 4px 2px;} .message-announce a, .broadcast-green a, .broadcast-blue a, .broadcast-red a {color:#DDEEFF;} .broadcast-green {background-color:#559955;color:white;padding:2px 4px;} .broadcast-blue {background-color:#6688AA;color:white;padding:2px 4px;} .infobox {border:1px solid #6688AA;padding:2px 4px;} .infobox-limited {max-height:200px;overflow:auto;overflow-x:hidden;} .broadcast-red {background-color:#AA5544;color:white;padding:2px 4px;} .message-learn-canlearn {font-weight:bold;color:#228822;text-decoration:underline;} .message-learn-cannotlearn {font-weight:bold;color:#CC2222;text-decoration:underline;} .message-effect-weak {font-weight:bold;color:#CC2222;} .message-effect-resist {font-weight:bold;color:#6688AA;} .message-effect-immune {font-weight:bold;color:#666666;} .message-learn-list {margin-top:0;margin-bottom:0;} .message-throttle-notice, .message-error {color:#992222;} .message-overflow, .chat small.message-overflow {font-size:0pt;} .message-overflow::before {font-size:9pt;content:'...';} .subtle {color:#3A4A66;}
</style>
<div class="wrapper replay-wrapper" style="max-width:1180px;margin:0 auto">
<input type="hidden" name="replayid" value="pu-562801861" />
<div class="battle"></div><div class="battle-log"></div><div class="replay-controls"></div><div class="replay-controls-2"></div>
<h1 style="font-weight:normal;text-align:center"><strong>PU</strong><br /><a href="http://pokemonshowdown.com/users/shirubaroketto" class="subtle" target="_blank">ShirubaRoketto</a> vs. <a href="http://pokemonshowdown.com/users/thunderbolt98" class="subtle" target="_blank">Thunderbolt98</a></h1>
<script type="text/plain" class="battle-log-data">|j|ShirubaRoketto
|j|Thunderbolt98
|player|p1|ShirubaRoketto|10
|player|p2|Thunderbolt98|70
|gametype|singles
|gen|6
|tier|PU
|rated
|seed|57727,50582,29678,6044
|rule|Sleep Clause Mod: Limit one foe put to sleep
|rule|Species Clause: Limit one of each Pokémon
|rule|OHKO Clause: OHKO moves are banned
|rule|Moody Clause: Moody is banned
|rule|Evasion Moves Clause: Evasion moves are banned
|rule|Endless Battle Clause: Forcing endless battles is banned
|rule|HP Percentage Mod: HP is shown in percentages
|clearpoke
|poke|p1|Loudred, F|item
|poke|p1|Persian, M|item
|poke|p1|Meowstic, M|item
|poke|p1|Girafarig, F|item
|poke|p1|Chatot, M|item
|poke|p1|Amaura, M|item
|poke|p2|Muk, M|item
|poke|p2|Tangela, F|item
|poke|p2|Monferno, F|item
|poke|p2|Carbink|item
|poke|p2|Electrode|item
|poke|p2|Fearow, M|item
|rule|Swagger Clause: Swagger is banned
|rule|Baton Pass Clause: Limit one Baton Passer, can't pass Spe and other stats simultaneously
|teampreview
|choice|team 1, team 2, team 3, team 4, team 5, team 6|team 4, team 2, team 3, team 1, team 5, team 6
|
|start
|switch|p1a: Loudred|Loudred, F|309\/309
|switch|p2a: Carbink|Carbink|303\/303
|turn|1
|choice|move echoedvoice|move stealthrock
|
|move|p1a: Loudred|Echoed Voice|p2a: Carbink
|-resisted|p2a: Carbink
|-damage|p2a: Carbink|285\/303
|move|p2a: Carbink|Stealth Rock|p1a: Loudred
|-sidestart|p1: ShirubaRoketto|move: Stealth Rock
|
|upkeep
|turn|2
|choice|move echoedvoice|move toxic
|
|move|p1a: Loudred|Echoed Voice|p2a: Carbink
|-resisted|p2a: Carbink
|-damage|p2a: Carbink|252\/303
|move|p2a: Carbink|Toxic|p1a: Loudred
|-status|p1a: Loudred|tox
|
|-damage|p1a: Loudred|290\/309 tox|[from] psn
|upkeep
|turn|3
|choice|move echoedvoice|move gyroball
|
|move|p1a: Loudred|Echoed Voice|p2a: Carbink
|-resisted|p2a: Carbink
|-damage|p2a: Carbink|203\/303
|move|p2a: Carbink|Gyro Ball|p1a: Loudred
|-damage|p1a: Loudred|218\/309 tox
|
|-damage|p1a: Loudred|180\/309 tox|[from] psn
|upkeep
|turn|4
|choice|move echoedvoice|move substitute
|
|move|p1a: Loudred|Echoed Voice|p2a: Carbink
|-resisted|p2a: Carbink
|-damage|p2a: Carbink|133\/303
|move|p2a: Carbink|Substitute|p2a: Carbink
|-start|p2a: Carbink|Substitute
|-damage|p2a: Carbink|58\/303
|
|-damage|p1a: Loudred|123\/309 tox|[from] psn
|upkeep
|turn|5
|choice|move echoedvoice|move gyroball
|
|move|p1a: Loudred|Echoed Voice|p2a: Carbink
|-resisted|p2a: Carbink
|-damage|p2a: Carbink|0 fnt
|faint|p2a: Carbink
|
|-damage|p1a: Loudred|47\/309 tox|[from] psn
|upkeep
|choice||switch 5
|
|switch|p2a: Electrode|Electrode|261\/261
|turn|6
|choice|move echoedvoice|move voltswitch
|
|move|p2a: Electrode|Volt Switch|p1a: Loudred
|-damage|p1a: Loudred|0 fnt
|faint|p1a: Loudred
|choice||switch 6
|
|switch|p2a: Fearow|Fearow, M|271\/271
|
|upkeep
|choice|switch 6|
|
|switch|p1a: Amaura|Amaura, M|295\/295
|-damage|p1a: Amaura|222\/295|[from] Stealth Rock
|turn|7
|choice|move echoedvoice|move drillrun
|
|move|p2a: Fearow|Drill Run|p1a: Amaura
|-supereffective|p1a: Amaura
|-damage|p1a: Amaura|0 fnt
|faint|p1a: Amaura
|
|upkeep
|choice|switch 2|
|
|switch|p1a: Persian|Persian, M|271\/271
|-damage|p1a: Persian|238\/271|[from] Stealth Rock
|turn|8
|choice|move echoedvoice|move drillrun
|
|move|p1a: Persian|Echoed Voice|p2a: Fearow
|-damage|p2a: Fearow|166\/271
|move|p2a: Fearow|Drill Run|p1a: Persian
|-damage|p1a: Persian|66\/271
|
|upkeep
|turn|9
|choice|move echoedvoice|move drillrun
|
|move|p1a: Persian|Echoed Voice|p2a: Fearow
|-damage|p2a: Fearow|42\/271
|move|p2a: Fearow|Drill Run|p1a: Persian
|-crit|p1a: Persian
|-damage|p1a: Persian|0 fnt
|faint|p1a: Persian
|
|upkeep
|choice|switch 4|
|
|switch|p1a: Girafarig|Girafarig, F|281\/281
|-damage|p1a: Girafarig|246\/281|[from] Stealth Rock
|turn|10
|choice|move echoedvoice|move drillrun
|
|move|p1a: Girafarig|Echoed Voice|p2a: Fearow
|-damage|p2a: Fearow|0 fnt
|faint|p2a: Fearow
|
|upkeep
|choice||switch 4
|
|switch|p2a: Muk|Muk, M|414\/414
|turn|11
|choice|move echoedvoice|move curse
|
|move|p1a: Girafarig|Echoed Voice|p2a: Muk
|-damage|p2a: Muk|266\/414
|move|p2a: Muk|Curse|p2a: Muk
|-unboost|p2a: Muk|spe|1
|-boost|p2a: Muk|atk|1
|-boost|p2a: Muk|def|1
|
|-heal|p2a: Muk|291\/414|[from] item: Black Sludge
|upkeep
|turn|12
|choice|move echoedvoice|move painsplit
|
|move|p1a: Girafarig|Echoed Voice|p2a: Muk
|-damage|p2a: Muk|104\/414
|move|p2a: Muk|Pain Split|p1a: Girafarig
|-sethp|p1a: Girafarig|175\/281|p2a: Muk|175\/414|[from] move: Pain Split
|
|-heal|p2a: Muk|200\/414|[from] item: Black Sludge
|upkeep
|turn|13
|choice|move echoedvoice|move poisonjab
|
|move|p1a: Girafarig|Echoed Voice|p2a: Muk
|-damage|p2a: Muk|7\/414
|move|p2a: Muk|Poison Jab|p1a: Girafarig
|-damage|p1a: Girafarig|0 fnt
|faint|p1a: Girafarig
|
|-heal|p2a: Muk|32\/414|[from] item: Black Sludge
|upkeep
|choice|switch 5|
|
|switch|p1a: Chatot|Chatot, M|293\/293
|-damage|p1a: Chatot|220\/293|[from] Stealth Rock
|turn|14
|choice|move echoedvoice|move painsplit
|
|move|p1a: Chatot|Echoed Voice|p2a: Muk
|-damage|p2a: Muk|0 fnt
|faint|p2a: Muk
|
|upkeep
|choice||switch 6
|
|switch|p2a: Electrode|Electrode|261\/261
|turn|15
|choice|move echoedvoice|move explosion
|
|move|p1a: Chatot|Echoed Voice|p2a: Electrode
|-damage|p2a: Electrode|0 fnt
|faint|p2a: Electrode
|
|upkeep
|choice||switch 3
|
|switch|p2a: Monferno|Monferno, F|269\/269
|turn|16
|choice|move echoedvoice|move firepunch
|
|move|p1a: Chatot|Echoed Voice|p2a: Monferno
|-damage|p2a: Monferno|0 fnt
|faint|p2a: Monferno
|
|upkeep
|choice||switch 2
|
|switch|p2a: Tangela|Tangela, F|334\/334
|turn|17
|choice|move echoedvoice|move toxic
|
|move|p1a: Chatot|Echoed Voice|p2a: Tangela
|-crit|p2a: Tangela
|-damage|p2a: Tangela|0 fnt
|faint|p2a: Tangela
|
|win|ShirubaRoketto
|raw|ShirubaRoketto's rating: 1444 &rarr; <strong>1450<\/strong><br \/>(+6 for winning)
|raw|Thunderbolt98's rating: 1159 &rarr; <strong>1151<\/strong><br \/>(-8 for losing)
|l|Thunderbolt98</script>
</div>
<div class="battle-log battle-log-inline"><div class="inner"><div class="battle-options"></div><div class="inner"><div class="chat"><small>ShirubaRoketto joined.</small></div><div class="chat"><small>Thunderbolt98 joined.</small></div><div class=""><small>Format:</small> <br><strong>PU</strong></div><div class="rated"><strong>Rated battle</strong></div><div class=""><small><em>Sleep Clause Mod:</em> Limit one foe put to sleep</small></div><div class=""><small><em>Species Clause:</em> Limit one of each Pokémon</small></div><div class=""><small><em>OHKO Clause:</em> OHKO moves are banned</small></div><div class=""><small><em>Moody Clause:</em> Moody is banned</small></div><div class=""><small><em>Evasion Moves Clause:</em> Evasion moves are banned</small></div><div class=""><small><em>Endless Battle Clause:</em> Forcing endless battles is banned</small></div><div class=""><small><em>HP Percentage Mod:</em> HP is shown in percentages</small></div><div class=""><small><em>Swagger Clause:</em> Swagger is banned</small></div><div class=""><small><em>Baton Pass Clause:</em> Limit one Baton Passer, can't pass Spe and other stats simultaneously</small></div><div class="chat battle-history"><strong>ShirubaRoketto's team:</strong> <em style="color:#445566;display:block;">Loudred / Persian / Meowstic / Girafarig / Chatot / Amaura</em></div><div class="chat battle-history"><strong>Thunderbolt98's team:</strong> <em style="color:#445566;display:block;">Muk / Tangela / Monferno / Carbink / Electrode / Fearow</em></div><div class="spacer battle-history"><br></div><div class="battle-history">Battle started between ShirubaRoketto and Thunderbolt98!<br></div><div class="spacer battle-history"><br></div><div class="battle-history">Go! <strong>Loudred</strong>!<br></div><div class="spacer battle-history"><br></div><div class="battle-history">Thunderbolt98 sent out <strong>Carbink</strong>!<br></div><div class="spacer battle-history"><br></div><h2 class="battle-history">Turn 1</h2><div class="spacer battle-history"><br></div><div class="battle-history">Loudred used <strong>Echoed Voice</strong>!<br></div><div class="battle-history"><small>It's not very effective...</small><br></div><div class="battle-history"><small>(The opposing Carbink lost <abbr title="−18/303">5.9%</abbr> of its health!)</small><br></div><div class="spacer battle-history"><br></div><div class="battle-history">The opposing Carbink used <strong>Stealth Rock</strong>!<br></div><div class="battle-history"><small>Pointed stones float in the air around your team!</small><br></div><div class="spacer battle-history"><br></div><h2 class="battle-history">Turn 2</h2><div class="spacer battle-history"><br></div><div class="battle-history">Loudred used <strong>Echoed Voice</strong>!<br></div><div class="battle-history"><small>It's not very effective...</small><br></div><div class="battle-history"><small>(The opposing Carbink lost <abbr title="−33/303">10.9%</abbr> of its health!)</small><br></div><div class="spacer battle-history"><br></div><div class="battle-history">The opposing Carbink used <strong>Toxic</strong>!<br></div><div class="battle-history"><small>Loudred was badly poisoned!</small><br></div><div class="spacer battle-history"><br></div><div class="battle-history"><small>Loudred was hurt by poison!</small><br></div><div class="spacer battle-history"><br></div><h2 class="battle-history">Turn 3</h2><div class="spacer battle-history"><br></div><div class="battle-history">Loudred used <strong>Echoed Voice</strong>!<br></div><div class="battle-history"><small>It's not very effective...</small><br></div><div class="battle-history"><small>(The opposing Carbink lost <abbr title="−49/303">16.2%</abbr> of its health!)</small><br></div><div class="spacer battle-history"><br></div><div class="battle-history">The opposing Carbink used <strong>Gyro Ball</strong>!<br></div><div class="battle-history"><small>(Loudred lost <abbr title="−72/309">23.3%</abbr> of its health!)</small><br></div><div class="spacer battle-history"><br></div><div class="battle-history"><small>Loudred was hurt by poison!</small><br></div><div class="spacer battle-history"><br></div><h2 class="battle-history">Turn 4</h2><div class="spacer battle-history"><br></div><div class="battle-history">Loudred used <strong>Echoed Voice</strong>!<br></div><div class="battle-history"><small>It's not very effective...</small><br></div><div class="battle-history"><small>(The opposing Carbink lost <abbr title="−70/303">23.1%</abbr> of its health!)</small><br></div><div class="spacer battle-history"><br></div><div class="battle-history">The opposing Carbink used <strong>Substitute</strong>!<br></div><div class="battle-history"><small>The opposing Carbink put in a substitute!</small><br></div><div class="battle-history"><small>(The opposing Carbink lost <abbr title="−75/303">24.8%</abbr> of its health!)</small><br></div><div class="spacer battle-history"><br></div><div class="battle-history"><small>Loudred was hurt by poison!</small><br></div><div class="spacer battle-history"><br></div><h2 class="battle-history">Turn 5</h2><div class="spacer battle-history"><br></div><div class="battle-history">Loudred used <strong>Echoed Voice</strong>!<br></div><div class="battle-history"><small>It's not very effective...</small><br></div><div class="battle-history"><small>(The opposing Carbink lost <abbr title="−58/303">19.1%</abbr> of its health!)</small><br></div><div class="spacer battle-history"><br></div><div class="battle-history">The opposing Carbink fainted!<br></div><div class="spacer battle-history"><br></div><div class="battle-history"><small>Loudred was hurt by poison!</small><br></div><div class="spacer battle-history"><br></div><div class="battle-history">Thunderbolt98 sent out <strong>Electrode</strong>!<br></div><div class="spacer battle-history"><br></div><h2 class="battle-history">Turn 6</h2><div class="spacer battle-history"><br></div><div class="battle-history">The opposing Electrode used <strong>Volt Switch</strong>!<br></div><div class="battle-history"><small>(Loudred lost <abbr title="−47/309">15.2%</abbr> of its health!)</small><br></div><div class="spacer battle-history"><br></div><div class="battle-history">Loudred fainted!<br></div><div class="spacer battle-history"><br></div><div class="battle-history">The opposing Electrode went back to Thunderbolt98!<br></div><div class="battle-history">Thunderbolt98 sent out <strong>Fearow</strong>!<br></div><div class="spacer battle-history"><br></div><div class="battle-history">Go! <strong>Amaura</strong>!<br></div><div class="battle-history"><small>Pointed stones dug into Amaura!</small><br></div><div class="spacer battle-history"><br></div><h2 class="battle-history">Turn 7</h2><div class="spacer battle-history"><br></div><div class="battle-history">The opposing Fearow used <strong>Drill Run</strong>!<br></div><div class="battle-history"><small>It's super effective!</small><br></div><div class="battle-history"><small>(Amaura lost <abbr title="−222/295">75.3%</abbr> of its health!)</small><br></div><div class="spacer battle-history"><br></div><div class="battle-history">Amaura fainted!<br></div><div class="spacer battle-history"><br></div><div class="battle-history">Go! <strong>Persian</strong>!<br></div><div class="battle-history"><small>Pointed stones dug into Persian!</small><br></div><div class="spacer battle-history"><br></div><h2 class="battle-history">Turn 8</h2><div class="spacer battle-history"><br></div><div class="battle-history">Persian used <strong>Echoed Voice</strong>!<br></div><div class="battle-history"><small>(The opposing Fearow lost <abbr title="−105/271">38.7%</abbr> of its health!)</small><br></div><div class="spacer battle-history"><br></div><div class="battle-history">The opposing Fearow used <strong>Drill Run</strong>!<br></div><div class="battle-history"><small>(Persian lost <abbr title="−172/271">63.5%</abbr> of its health!)</small><br></div><div class="spacer battle-history"><br></div><h2 class="battle-history">Turn 9</h2><div class="spacer battle-history"><br></div><div class="battle-history">Persian used <strong>Echoed Voice</strong>!<br></div><div class="battle-history"><small>(The opposing Fearow lost <abbr title="−124/271">45.8%</abbr> of its health!)</small><br></div><div class="spacer battle-history"><br></div><div class="battle-history">The opposing Fearow used <strong>Drill Run</strong>!<br></div><div class="battle-history"><small>A critical hit!</small><br></div><div class="battle-history"><small>(Persian lost <abbr title="−66/271">24.4%</abbr> of its health!)</small><br></div><div class="spacer battle-history"><br></div><div class="battle-history">Persian fainted!<br></div><div class="spacer battle-history"><br></div><div class="battle-history">Go! <strong>Girafarig</strong>!<br></div><div class="battle-history"><small>Pointed stones dug into Girafarig!</small><br></div><div class="spacer battle-history"><br></div><h2 class="battle-history">Turn 10</h2><div class="spacer battle-history"><br></div><div class="battle-history">Girafarig used <strong>Echoed Voice</strong>!<br></div><div class="battle-history"><small>(The opposing Fearow lost <abbr title="−42/271">15.5%</abbr> of its health!)</small><br></div><div class="spacer battle-history"><br></div><div class="battle-history">The opposing Fearow fainted!<br></div><div class="spacer battle-history"><br></div><div class="battle-history">Thunderbolt98 sent out <strong>Muk</strong>!<br></div><div class="spacer battle-history"><br></div><h2 class="battle-history">Turn 11</h2><div class="spacer battle-history"><br></div><div class="battle-history">Girafarig used <strong>Echoed Voice</strong>!<br></div><div class="battle-history"><small>(The opposing Muk lost <abbr title="−148/414">35.7%</abbr> of its health!)</small><br></div><div class="spacer battle-history"><br></div><div class="battle-history">The opposing Muk used <strong>Curse</strong>!<br></div><div class="battle-history"><small>The opposing Muk's Speed fell!</small><br></div><div class="battle-history"><small>The opposing Muk's Attack rose!</small><br></div><div class="battle-history"><small>The opposing Muk's Defense rose!</small><br></div><div class="spacer battle-history"><br></div><div class="battle-history"><small>The opposing Muk restored a little HP using its Black Sludge!</small><br></div><div class="spacer battle-history"><br></div><h2 class="battle-history">Turn 12</h2><div class="spacer battle-history"><br></div><div class="battle-history">Girafarig used <strong>Echoed Voice</strong>!<br></div><div class="battle-history"><small>(The opposing Muk lost <abbr title="−187/414">45.2%</abbr> of its health!)</small><br></div><div class="spacer battle-history"><br></div><div class="battle-history">The opposing Muk used <strong>Pain Split</strong>!<br></div><div class="battle-history"><small>The battlers shared their pain!</small><br></div><div class="spacer battle-history"><br></div><div class="battle-history"><small>The opposing Muk restored a little HP using its Black Sludge!</small><br></div><div class="spacer battle-history"><br></div><h2 class="battle-history">Turn 13</h2><div class="spacer battle-history"><br></div><div class="battle-history">Girafarig used <strong>Echoed Voice</strong>!<br></div><div class="battle-history"><small>(The opposing Muk lost <abbr title="−193/414">46.6%</abbr> of its health!)</small><br></div><div class="spacer battle-history"><br></div><div class="battle-history">The opposing Muk used <strong>Poison Jab</strong>!<br></div><div class="battle-history"><small>(Girafarig lost <abbr title="−175/281">62.3%</abbr> of its health!)</small><br></div><div class="spacer battle-history"><br></div><div class="battle-history">Girafarig fainted!<br></div><div class="spacer battle-history"><br></div><div class="battle-history"><small>The opposing Muk restored a little HP using its Black Sludge!</small><br></div><div class="spacer battle-history"><br></div><div class="battle-history">Go! <strong>Chatot</strong>!<br></div><div class="battle-history"><small>Pointed stones dug into Chatot!</small><br></div><div class="spacer battle-history"><br></div><h2 class="battle-history">Turn 14</h2><div class="spacer battle-history"><br></div><div class="battle-history">Chatot used <strong>Echoed Voice</strong>!<br></div><div class="battle-history"><small>(The opposing Muk lost <abbr title="−32/414">7.7%</abbr> of its health!)</small><br></div><div class="spacer battle-history"><br></div><div class="battle-history">The opposing Muk fainted!<br></div><div class="spacer battle-history"><br></div><div class="battle-history">Thunderbolt98 sent out <strong>Electrode</strong>!<br></div><div class="spacer battle-history"><br></div><h2 class="battle-history">Turn 15</h2><div class="spacer battle-history"><br></div><div class="battle-history">Chatot used <strong>Echoed Voice</strong>!<br></div><div class="battle-history"><small>(The opposing Electrode lost <abbr title="−261/261">100%</abbr> of its health!)</small><br></div><div class="spacer battle-history"><br></div><div class="battle-history">The opposing Electrode fainted!<br></div><div class="spacer battle-history"><br></div><div class="battle-history">Thunderbolt98 sent out <strong>Monferno</strong>!<br></div><div class="spacer battle-history"><br></div><h2 class="battle-history">Turn 16</h2><div class="spacer battle-history"><br></div><div class="battle-history">Chatot used <strong>Echoed Voice</strong>!<br></div><div class="battle-history"><small>(The opposing Monferno lost <abbr title="−269/269">100%</abbr> of its health!)</small><br></div><div class="spacer battle-history"><br></div><div class="battle-history">The opposing Monferno fainted!<br></div><div class="spacer battle-history"><br></div><div class="battle-history">Thunderbolt98 sent out <strong>Tangela</strong>!<br></div><div class="spacer battle-history"><br></div><h2 class="battle-history">Turn 17</h2><div class="spacer battle-history"><br></div><div class="battle-history">Chatot used <strong>Echoed Voice</strong>!<br></div><div class="battle-history"><small>A critical hit!</small><br></div><div class="battle-history"><small>(The opposing Tangela lost <abbr title="−334/334">100%</abbr> of its health!)</small><br></div><div class="spacer battle-history"><br></div><div class="battle-history">The opposing Tangela fainted!<br></div><div class="spacer battle-history"><br></div><div class="battle-history"><strong>ShirubaRoketto</strong> won the battle!<br></div><div class="chat">ShirubaRoketto's rating: 1444 → <strong>1450</strong><br>(+6 for winning)</div><div class="chat">Thunderbolt98's rating: 1159 → <strong>1151</strong><br>(-8 for losing)</div><div class="chat"><small>Thunderbolt98 left.</small></div></div><div class="inner-preempt"></div></div></div>
</div>
<script>
let daily = Math.floor(Date.now()/1000/60/60/24);document.write('<script src="https://play.pokemonshowdown.com/js/replay-embed.js?version'+daily+'"></'+'script>');
</script>
