<!DOCTYPE html>
<meta charset="utf-8" />
<!-- version 1 -->
<title>PU replay: god is on my side vs. Trainer Samwise</title>
<style>
html,body {font-family:Verdana, sans-serif;font-size:10pt;margin:0;padding:0;}body{padding:12px 0;} .battle-log {font-family:Verdana, sans-serif;font-size:10pt;} .battle-log-inline {border:1px solid #AAAAAA;background:#EEF2F5;color:black;max-width:640px;margin:0 auto 80px;padding-bottom:5px;} .battle-log .inner {padding:4px 8px 0px 8px;} .battle-log .inner-preempt {padding:0 8px 4px 8px;} .battle-log .inner-after {margin-top:0.5em;} .battle-log h2 {margin:0.5em -8px;padding:4px 8px;border:1px solid #AAAAAA;background:#E0E7EA;border-left:0;border-right:0;font-family:Verdana, sans-serif;font-size:13pt;} .battle-log .chat {vertical-align:middle;padding:3px 0 3px 0;font-size:8pt;} .battle-log .chat strong {color:#40576A;} .battle-log .chat em {padding:1px 4px 1px 3px;color:#000000;font-style:normal;} .chat.mine {background:rgba(0,0,0,0.05);margin-left:-8px;margin-right:-8px;padding-left:8px;padding-right:8px;} .spoiler {color:#BBBBBB;background:#BBBBBB;padding:0px 3px;} .spoiler:hover, .spoiler:active, .spoiler-shown {color:#000000;background:#E2E2E2;padding:0px 3px;} .spoiler a {color:#BBBBBB;} .spoiler:hover a, .spoiler:active a, .spoiler-shown a {color:#2288CC;} .chat code, .chat .spoiler:hover code, .chat .spoiler:active code, .chat .spoiler-shown code {border:1px solid #C0C0C0;background:#EEEEEE;color:black;padding:0 2px;} .chat .spoiler code {border:1px solid #CCCCCC;background:#CCCCCC;color:#CCCCCC;} .battle-log .rated {padding:3px 4px;} .battle-log .rated strong {color:white;background:#89A;padding:1px 4px;border-radius:4px;} .spacer {margin-top:0.5em;} .message-announce {background:#6688AA;color:white;padding:1px 4px 2px;} .message-announce a, .broadcast-green a, .broadcast-blue a, .broadcast-red a {color:#DDEEFF;} .broadcast-green {background-color:#559955;color:white;padding:2px 4px;} .broadcast-blue {background-color:#6688AA;color:white;padding:2px 4px;} .infobox {border:1px solid #6688AA;padding:2px 4px;} .infobox-limited {max-height:200px;overflow:auto;overflow-x:hidden;} .broadcast-red {background-color:#AA5544;color:white;padding:2px 4px;} .message-learn-canlearn {font-weight:bold;color:#228822;text-decoration:underline;} .message-learn-cannotlearn {font-weight:bold;color:#CC2222;text-decoration:underline;} .message-effect-weak {font-weight:bold;color:#CC2222;} .message-effect-resist {font-weight:bold;color:#6688AA;} .message-effect-immune {font-weight:bold;color:#666666;} .message-learn-list {margin-top:0;margin-bottom:0;} .message-throttle-notice, .message-error {color:#992222;} .message-overflow, .chat small.message-overflow {font-size:0pt;} .message-overflow::before {font-size:9pt;content:'...';} .subtle {color:#3A4A66;}
</style>
<div class="wrapper replay-wrapper" style="max-width:1180px;margin:0 auto">
<input type="hidden" name="replayid" value="pu-578834509" />
<div class="battle"></div><div class="battle-log"></div><div class="replay-controls"></div><div class="replay-controls-2"></div>
<h1 style="font-weight:normal;text-align:center"><strong>PU</strong><br /><a href="http://pokemonshowdown.com/users/godisonmyside" class="subtle" target="_blank">god is on my side</a> vs. <a href="http://pokemonshowdown.com/users/trainersamwise" class="subtle" target="_blank">Trainer Samwise</a></h1>
<script type="text/plain" class="battle-log-data">|j|god is on my side
|j|Trainer Samwise
|player|p1|god is on my side|23
|teamsize|p1|6
|player|p2|Trainer Samwise|140
|teamsize|p2|6
|gametype|singles
|gen|6
|tier|PU
|seed|44033,60531,11953,14488
|rule|Sleep Clause Mod: Limit one foe put to sleep
|rule|Species Clause: Limit one of each Pokémon
|rule|OHKO Clause: OHKO moves are banned
|rule|Moody Clause: Moody is banned
|rule|Evasion Moves Clause: Evasion moves are banned
|rule|Endless Battle Clause: Forcing endless battles is banned
|rule|HP Percentage Mod: HP is shown in percentages
|clearpoke
|poke|p1|Klang|item
|poke|p1|Altaria, F|item
|poke|p1|Lumineon, F|item
|poke|p1|Metang|item
|poke|p1|Misdreavus, F|item
|poke|p1|Monferno, M|item
|poke|p2|Muk, M|item
|poke|p2|Probopass, F|item
|poke|p2|Leafeon, F|item
|poke|p2|Vullaby, F|item
|poke|p2|Clefairy, M|item
|poke|p2|Mr. Mime, M|item
|rule|Swagger Clause: Swagger is banned
|rule|Baton Pass Clause: Limit one Baton Passer, can't pass Spe and other stats simultaneously
|teampreview
|c|☆god is on my side|hf
|c|☆Trainer Samwise|gl
|choice|team 5, team 2, team 3, team 4, team 1, team 6|team 1, team 2, team 3, team 4, team 5, team 6
|
|start
|switch|p1a: Misdreavus|Misdreavus, F|261\/261
|switch|p2a: Muk|Muk, M|414\/414
|turn|1
|choice|move taunt|move curse
|
|move|p1a: Misdreavus|Taunt|p2a: Muk
|-start|p2a: Muk|move: Taunt
|cant|p2a: Muk|move: Taunt|Curse
|
|upkeep
|turn|2
|choice|move nastyplot|move poisonjab
|
|move|p1a: Misdreavus|Nasty Plot|p1a: Misdreavus
|-boost|p1a: Misdreavus|spa|2
|move|p2a: Muk|Poison Jab|p1a: Misdreavus
|-resisted|p1a: Misdreavus
|-crit|p1a: Misdreavus
|-damage|p1a: Misdreavus|183\/261
|-status|p1a: Misdreavus|psn
|
|-damage|p1a: Misdreavus|151\/261 psn|[from] psn
|upkeep
|turn|3
|choice|move shadowball|move poisonjab
|
|move|p1a: Misdreavus|Shadow Ball|p2a: Muk
|-damage|p2a: Muk|233\/414
|move|p2a: Muk|Poison Jab|p1a: Misdreavus
|-resisted|p1a: Misdreavus
|-damage|p1a: Misdreavus|101\/261 psn
|
|-heal|p2a: Muk|258\/414|[from] item: Black Sludge
|-damage|p1a: Misdreavus|69\/261 psn|[from] psn
|-end|p2a: Muk|move: Taunt
|upkeep
|turn|4
|choice|move shadowball|move poisonjab
|
|move|p1a: Misdreavus|Shadow Ball|p2a: Muk
|-damage|p2a: Muk|89\/414
|move|p2a: Muk|Poison Jab|p1a: Misdreavus
|-resisted|p1a: Misdreavus
|-damage|p1a: Misdreavus|19\/261 psn
|
|-heal|p2a: Muk|114\/414|[from] item: Black Sludge
|-damage|p1a: Misdreavus|0 fnt|[from] psn
|upkeep
|faint|p1a: Misdreavus
|choice|switch 4|
|
|switch|p1a: Metang|Metang|271\/271
|turn|5
|choice|move earthquake|move rest
|
|move|p1a: Metang|Earthquake|p2a: Muk
|-supereffective|p2a: Muk
|-damage|p2a: Muk|0 fnt
|faint|p2a: Muk
|
|upkeep
|choice||switch 4
|
|switch|p2a: Vullaby|Vullaby, F|343\/343
|turn|6
|choice|switch 3|move foulplay
|
|switch|p1a: Lumineon|Lumineon, F|342\/342
|move|p2a: Vullaby|Foul Play|p1a: Lumineon
|-damage|p1a: Lumineon|282\/342
|
|-heal|p1a: Lumineon|303\/342|[from] item: Leftovers
|upkeep
|turn|7
|choice|move toxic|move uturn
|
|move|p1a: Lumineon|Toxic|p2a: Vullaby
|-status|p2a: Vullaby|tox
|move|p2a: Vullaby|U-turn|p1a: Lumineon
|-damage|p1a: Lumineon|273\/342
|choice||switch 5
|
|switch|p2a: Clefairy|Clefairy, M|344\/344
|
|-heal|p1a: Lumineon|294\/342|[from] item: Leftovers
|upkeep
|turn|8
|choice|move uturn|move stealthrock
|
|move|p1a: Lumineon|U-turn|p2a: Clefairy
|-resisted|p2a: Clefairy
|-damage|p2a: Clefairy|320\/344
|choice|switch 5|
|
|switch|p1a: Klang|Klang|324\/324
|move|p2a: Clefairy|Stealth Rock|p1a: Klang
|-sidestart|p1: god is on my side|move: Stealth Rock
|
|upkeep
|turn|9
|choice|switch 5|switch 3
|
|switch|p1a: Lumineon|Lumineon, F|294\/342
|-damage|p1a: Lumineon|252\/342|[from] stealthrock
|switch|p2a: Leafeon|Leafeon, F|271\/271
|
|-heal|p1a: Lumineon|273\/342|[from] item: Leftovers
|upkeep
|turn|10
|choice|switch 6|move knockoff
|
|switch|p1a: Monferno|Monferno, M|269\/269
|-damage|p1a: Monferno|236\/269|[from] stealthrock
|move|p2a: Leafeon|Knock Off|p1a: Monferno
|-resisted|p1a: Monferno
|-damage|p1a: Monferno|149\/269
|-enditem|p1a: Monferno|Choice Scarf|[from] move: Knock Off|[of] p2a: Leafeon
|
|upkeep
|turn|11
|choice|move uturn|switch 6
|
|switch|p2a: Mr. Mime|Mr. Mime, M|221\/221
|move|p1a: Monferno|U-turn|p2a: Mr. Mime
|-crit|p2a: Mr. Mime
|-damage|p2a: Mr. Mime|87\/221
|choice|switch 6|
|
|switch|p1a: Lumineon|Lumineon, F|273\/342
|-damage|p1a: Lumineon|231\/342|[from] stealthrock
|
|-heal|p1a: Lumineon|252\/342|[from] item: Leftovers
|upkeep
|turn|12
|choice|move defog|move psychic
|
|move|p2a: Mr. Mime|Psychic|p1a: Lumineon
|-damage|p1a: Lumineon|104\/342
|-unboost|p1a: Lumineon|spd|1
|move|p1a: Lumineon|Defog|p2a: Mr. Mime
|-unboost|p2a: Mr. Mime|evasion|1
|-sideend|p1: god is on my side|stealthrock|[from] move: Defog|[of] p1a: Lumineon
|
|-heal|p1a: Lumineon|125\/342|[from] item: Leftovers
|upkeep
|turn|13
|choice|switch 3|move psychic
|
|switch|p1a: Metang|Metang|271\/271
|move|p2a: Mr. Mime|Psychic|p1a: Metang
|-resisted|p1a: Metang
|-damage|p1a: Metang|246\/271
|
|upkeep
|turn|14
|choice|move stealthrock|switch 6
|
|switch|p2a: Leafeon|Leafeon, F|271\/271
|move|p1a: Metang|Stealth Rock|p2a: Leafeon
|-sidestart|p2: Trainer Samwise|move: Stealth Rock
|
|upkeep
|turn|15
|choice|switch 6|move knockoff
|
|switch|p1a: Monferno|Monferno, M|149\/269
|move|p2a: Leafeon|Knock Off|p1a: Monferno
|-resisted|p1a: Monferno
|-damage|p1a: Monferno|92\/269
|
|upkeep
|turn|16
|choice|move flareblitz|move swordsdance
|
|move|p2a: Leafeon|Swords Dance|p2a: Leafeon
|-boost|p2a: Leafeon|atk|2
|move|p1a: Monferno|Flare Blitz|p2a: Leafeon
|-supereffective|p2a: Leafeon
|-damage|p2a: Leafeon|0 fnt
|-damage|p1a: Monferno|3\/269|[from] Recoil|[of] p2a: Leafeon
|faint|p2a: Leafeon
|
|upkeep
|choice||switch 6
|
|switch|p2a: Mr. Mime|Mr. Mime, M|87\/221
|-damage|p2a: Mr. Mime|60\/221|[from] stealthrock
|turn|17
|choice|move machpunch|move healingwish
|
|move|p1a: Monferno|Mach Punch|p2a: Mr. Mime
|-resisted|p2a: Mr. Mime
|-crit|p2a: Mr. Mime
|-damage|p2a: Mr. Mime|23\/221
|move|p2a: Mr. Mime|Healing Wish|p2a: Mr. Mime
|faint|p2a: Mr. Mime
|
|upkeep
|choice||switch 3
|
|switch|p2a: Clefairy|Clefairy, M|320\/344
|-heal|p2a: Clefairy|344\/344|[from] move: Healing Wish
|turn|18
|choice|move uturn|move thunderwave
|
|move|p1a: Monferno|U-turn|p2a: Clefairy
|-resisted|p2a: Clefairy
|-damage|p2a: Clefairy|302\/344
|choice|switch 3|
|
|switch|p1a: Lumineon|Lumineon, F|125\/342
|move|p2a: Clefairy|Thunder Wave|p1a: Lumineon
|-status|p1a: Lumineon|par
|
|-heal|p1a: Lumineon|146\/342 par|[from] item: Leftovers
|upkeep
|turn|19
|choice|switch 6|move moonblast
|
|switch|p1a: Metang|Metang|246\/271
|move|p2a: Clefairy|Moonblast|p1a: Metang
|-resisted|p1a: Metang
|-damage|p1a: Metang|214\/271
|
|upkeep
|turn|20
|choice|move meteormash|move thunderwave
|
|move|p1a: Metang|Meteor Mash|p2a: Clefairy
|-supereffective|p2a: Clefairy
|-damage|p2a: Clefairy|20\/344
|move|p2a: Clefairy|Thunder Wave|p1a: Metang
|-status|p1a: Metang|par
|
|upkeep
|turn|21
|choice|move bulletpunch|move stealthrock
|
|cant|p1a: Metang|par
|move|p2a: Clefairy|Stealth Rock|p1a: Metang
|-sidestart|p1: god is on my side|move: Stealth Rock
|
|upkeep
|turn|22
|choice|move bulletpunch|move softboiled
|
|cant|p1a: Metang|par
|move|p2a: Clefairy|Soft-Boiled|p2a: Clefairy
|-heal|p2a: Clefairy|192\/344
|
|upkeep
|turn|23
|choice|move meteormash|move softboiled
|
|move|p2a: Clefairy|Soft-Boiled|p2a: Clefairy
|-heal|p2a: Clefairy|344\/344
|move|p1a: Metang|Meteor Mash|p2a: Clefairy
|-supereffective|p2a: Clefairy
|-damage|p2a: Clefairy|72\/344
|
|upkeep
|turn|24
|choice|move bulletpunch|move softboiled
|
|move|p1a: Metang|Bullet Punch|p2a: Clefairy
|-supereffective|p2a: Clefairy
|-damage|p2a: Clefairy|0 fnt
|faint|p2a: Clefairy
|
|upkeep
|choice||switch 5
|
|switch|p2a: Vullaby|Vullaby, F|343\/343 tox
|-damage|p2a: Vullaby|258\/343 tox|[from] stealthrock
|turn|25
|choice|switch 6|move foulplay
|
|switch|p1a: Lumineon|Lumineon, F|146\/342 par
|-damage|p1a: Lumineon|104\/342 par|[from] stealthrock
|move|p2a: Vullaby|Foul Play|p1a: Lumineon
|-damage|p1a: Lumineon|41\/342 par
|
|-heal|p1a: Lumineon|62\/342 par|[from] item: Leftovers
|-damage|p2a: Vullaby|237\/343 tox|[from] psn
|upkeep
|turn|26
|choice|move defog|move foulplay
|
|move|p2a: Vullaby|Foul Play|p1a: Lumineon
|-damage|p1a: Lumineon|0 fnt
|faint|p1a: Lumineon
|
|-damage|p2a: Vullaby|195\/343 tox|[from] psn
|upkeep
|choice|switch 2|
|
|switch|p1a: Altaria|Altaria, F|353\/353
|-damage|p1a: Altaria|265\/353|[from] stealthrock
|turn|27
|-message|Trainer Samwise forfeited.
|
|win|god is on my side
|l|Trainer Samwise</script>
</div>
<div class="battle-log battle-log-inline"><div class="inner"><div class="battle-options"></div><div class="inner"><div class="chat"><small>god is on my side joined.</small></div><div class="chat"><small>Trainer Samwise joined.</small></div><div class=""><small>Format:</small> <br><strong>PU</strong></div><div class=""><small><em>Sleep Clause Mod:</em> Limit one foe put to sleep</small></div><div class=""><small><em>Species Clause:</em> Limit one of each Pokémon</small></div><div class=""><small><em>OHKO Clause:</em> OHKO moves are banned</small></div><div class=""><small><em>Moody Clause:</em> Moody is banned</small></div><div class=""><small><em>Evasion Moves Clause:</em> Evasion moves are banned</small></div><div class=""><small><em>Endless Battle Clause:</em> Forcing endless battles is banned</small></div><div class=""><small><em>HP Percentage Mod:</em> HP is shown in percentages</small></div><div class=""><small><em>Swagger Clause:</em> Swagger is banned</small></div><div class=""><small><em>Baton Pass Clause:</em> Limit one Baton Passer, can't pass Spe and other stats simultaneously</small></div><div class="chat battle-history"><strong>god is on my side's team:</strong> <em style="color:#445566;display:block;">Klang / Altaria / Lumineon / Metang / Misdreavus / Monferno</em></div><div class="chat battle-history"><strong>Trainer Samwise's team:</strong> <em style="color:#445566;display:block;">Muk / Probopass / Leafeon / Vullaby / Clefairy / Mr. Mime</em></div><div class="chat chatmessage-godisonmyside"><strong style="color:hsl(27,53%,46%)"><small>☆</small><span class="username" data-name="god is on my side">god is on my side</span>:</strong> <em>hf</em></div><div class="chat chatmessage-trainersamwise"><strong style="color:hsl(117,76%,37.360085996819784%)"><small>☆</small><span class="username" data-name="Trainer Samwise">Trainer Samwise</span>:</strong> <em>gl</em></div><div class="spacer battle-history"><br></div><div class="battle-history">Battle started between god is on my side and Trainer Samwise!<br></div><div class="spacer battle-history"><br></div><div class="battle-history">Go! <strong>Misdreavus</strong>!<br></div><div class="spacer battle-history"><br></div><div class="battle-history">Trainer Samwise sent out <strong>Muk</strong>!<br></div><div class="spacer battle-history"><br></div><h2 class="battle-history">Turn 1</h2><div class="spacer battle-history"><br></div><div class="battle-history">Misdreavus used <strong>Taunt</strong>!<br></div><div class="battle-history"><small>The opposing Muk fell for the taunt!</small><br></div><div class="spacer battle-history"><br></div><div class="battle-history">The opposing Muk can't use Curse after the taunt!<br></div><div class="spacer battle-history"><br></div><h2 class="battle-history">Turn 2</h2><div class="spacer battle-history"><br></div><div class="battle-history">Misdreavus used <strong>Nasty Plot</strong>!<br></div><div class="battle-history"><small>Misdreavus's Special Attack rose sharply!</small><br></div><div class="spacer battle-history"><br></div><div class="battle-history">The opposing Muk used <strong>Poison Jab</strong>!<br></div><div class="battle-history"><small>It's not very effective...</small><br></div><div class="battle-history"><small>A critical hit!</small><br></div><div class="battle-history"><small>(Misdreavus lost <abbr title="−78/261">29.9%</abbr> of its health!)</small><br></div><div class="battle-history"><small>Misdreavus was poisoned!</small><br></div><div class="spacer battle-history"><br></div><div class="battle-history"><small>Misdreavus was hurt by poison!</small><br></div><div class="spacer battle-history"><br></div><h2 class="battle-history">Turn 3</h2><div class="spacer battle-history"><br></div><div class="battle-history">Misdreavus used <strong>Shadow Ball</strong>!<br></div><div class="battle-history"><small>(The opposing Muk lost <abbr title="−181/414">43.7%</abbr> of its health!)</small><br></div><div class="spacer battle-history"><br></div><div class="battle-history">The opposing Muk used <strong>Poison Jab</strong>!<br></div><div class="battle-history"><small>It's not very effective...</small><br></div><div class="battle-history"><small>(Misdreavus lost <abbr title="−50/261">19.2%</abbr> of its health!)</small><br></div><div class="spacer battle-history"><br></div><div class="battle-history"><small>The opposing Muk restored a little HP using its Black Sludge!</small><br></div><div class="battle-history"><small>Misdreavus was hurt by poison!</small><br></div><div class="battle-history"><small>The opposing Muk's taunt wore off!</small><br></div><div class="spacer battle-history"><br></div><h2 class="battle-history">Turn 4</h2><div class="spacer battle-history"><br></div><div class="battle-history">Misdreavus used <strong>Shadow Ball</strong>!<br></div><div class="battle-history"><small>(The opposing Muk lost <abbr title="−169/414">40.8%</abbr> of its health!)</small><br></div><div class="spacer battle-history"><br></div><div class="battle-history">The opposing Muk used <strong>Poison Jab</strong>!<br></div><div class="battle-history"><small>It's not very effective...</small><br></div><div class="battle-history"><small>(Misdreavus lost <abbr title="−50/261">19.2%</abbr> of its health!)</small><br></div><div class="spacer battle-history"><br></div><div class="battle-history"><small>The opposing Muk restored a little HP using its Black Sludge!</small><br></div><div class="battle-history"><small>Misdreavus was hurt by poison!</small><br></div><div class="spacer battle-history"><br></div><div class="battle-history">Misdreavus fainted!<br></div><div class="spacer battle-history"><br></div><div class="battle-history">Go! <strong>Metang</strong>!<br></div><div class="spacer battle-history"><br></div><h2 class="battle-history">Turn 5</h2><div class="spacer battle-history"><br></div><div class="battle-history">Metang used <strong>Earthquake</strong>!<br></div><div class="battle-history"><small>It's super effective!</small><br></div><div class="battle-history"><small>(The opposing Muk lost <abbr title="−114/414">27.5%</abbr> of its health!)</small><br></div><div class="spacer battle-history"><br></div><div class="battle-history">The opposing Muk fainted!<br></div><div class="spacer battle-history"><br></div><div class="battle-history">Trainer Samwise sent out <strong>Vullaby</strong>!<br></div><div class="spacer battle-history"><br></div><h2 class="battle-history">Turn 6</h2><div class="spacer battle-history"><br></div><div class="battle-history">Metang, come back!<br></div><div class="battle-history">Go! <strong>Lumineon</strong>!<br></div><div class="spacer battle-history"><br></div><div class="battle-history">The opposing Vullaby used <strong>Foul Play</strong>!<br></div><div class="battle-history"><small>(Lumineon lost <abbr title="−60/342">17.5%</abbr> of its health!)</small><br></div><div class="spacer battle-history"><br></div><div class="battle-history"><small>Lumineon restored a little HP using its Leftovers!</small><br></div><div class="spacer battle-history"><br></div><h2 class="battle-history">Turn 7</h2><div class="spacer battle-history"><br></div><div class="battle-history">Lumineon used <strong>Toxic</strong>!<br></div><div class="battle-history"><small>The opposing Vullaby was badly poisoned!</small><br></div><div class="spacer battle-history"><br></div><div class="battle-history">The opposing Vullaby used <strong>U-turn</strong>!<br></div><div class="battle-history"><small>(Lumineon lost <abbr title="−30/342">8.8%</abbr> of its health!)</small><br></div><div class="spacer battle-history"><br></div><div class="battle-history">The opposing Vullaby went back to Trainer Samwise!<br></div><div class="battle-history">Trainer Samwise sent out <strong>Clefairy</strong>!<br></div><div class="spacer battle-history"><br></div><div class="battle-history"><small>Lumineon restored a little HP using its Leftovers!</small><br></div><div class="spacer battle-history"><br></div><h2 class="battle-history">Turn 8</h2><div class="spacer battle-history"><br></div><div class="battle-history">Lumineon used <strong>U-turn</strong>!<br></div><div class="battle-history"><small>It's not very effective...</small><br></div><div class="battle-history"><small>(The opposing Clefairy lost <abbr title="−24/344">7.0%</abbr> of its health!)</small><br></div><div class="spacer battle-history"><br></div><div class="battle-history">Lumineon went back to god is on my side!<br></div><div class="battle-history">Go! <strong>Klang</strong>!<br></div><div class="spacer battle-history"><br></div><div class="battle-history">The opposing Clefairy used <strong>Stealth Rock</strong>!<br></div><div class="battle-history"><small>Pointed stones float in the air around your team!</small><br></div><div class="spacer battle-history"><br></div><h2 class="battle-history">Turn 9</h2><div class="spacer battle-history"><br></div><div class="battle-history">Klang, come back!<br></div><div class="battle-history">Go! <strong>Lumineon</strong>!<br></div><div class="battle-history"><small>Pointed stones dug into Lumineon!</small><br></div><div class="spacer battle-history"><br></div><div class="battle-history">Trainer Samwise withdrew Clefairy!<br></div><div class="battle-history">Trainer Samwise sent out <strong>Leafeon</strong>!<br></div><div class="spacer battle-history"><br></div><div class="battle-history"><small>Lumineon restored a little HP using its Leftovers!</small><br></div><div class="spacer battle-history"><br></div><h2 class="battle-history">Turn 10</h2><div class="spacer battle-history"><br></div><div class="battle-history">Lumineon, come back!<br></div><div class="battle-history">Go! <strong>Monferno</strong>!<br></div><div class="battle-history"><small>Pointed stones dug into Monferno!</small><br></div><div class="spacer battle-history"><br></div><div class="battle-history">The opposing Leafeon used <strong>Knock Off</strong>!<br></div><div class="battle-history"><small>It's not very effective...</small><br></div><div class="battle-history"><small>(Monferno lost <abbr title="−87/269">32.3%</abbr> of its health!)</small><br></div><div class="battle-history"><small>The opposing Leafeon knocked off Monferno's Choice Scarf!</small><br></div><div class="spacer battle-history"><br></div><h2 class="battle-history">Turn 11</h2><div class="spacer battle-history"><br></div><div class="battle-history">Trainer Samwise withdrew Leafeon!<br></div><div class="battle-history">Trainer Samwise sent out <strong>Mr. Mime</strong>!<br></div><div class="spacer battle-history"><br></div><div class="battle-history">Monferno used <strong>U-turn</strong>!<br></div><div class="battle-history"><small>A critical hit!</small><br></div><div class="battle-history"><small>(The opposing Mr. Mime lost <abbr title="−134/221">60.6%</abbr> of its health!)</small><br></div><div class="spacer battle-history"><br></div><div class="battle-history">Monferno went back to god is on my side!<br></div><div class="battle-history">Go! <strong>Lumineon</strong>!<br></div><div class="battle-history"><small>Pointed stones dug into Lumineon!</small><br></div><div class="spacer battle-history"><br></div><div class="battle-history"><small>Lumineon restored a little HP using its Leftovers!</small><br></div><div class="spacer battle-history"><br></div><h2 class="battle-history">Turn 12</h2><div class="spacer battle-history"><br></div><div class="battle-history">The opposing Mr. Mime used <strong>Psychic</strong>!<br></div><div class="battle-history"><small>(Lumineon lost <abbr title="−148/342">43.3%</abbr> of its health!)</small><br></div><div class="battle-history"><small>Lumineon's Special Defense fell!</small><br></div><div class="spacer battle-history"><br></div><div class="battle-history">Lumineon used <strong>Defog</strong>!<br></div><div class="battle-history"><small>The opposing Mr. Mime's evasiveness fell!</small><br></div><div class="battle-history"><small>The pointed stones disappeared from around your team!</small><br></div><div class="spacer battle-history"><br></div><div class="battle-history"><small>Lumineon restored a little HP using its Leftovers!</small><br></div><div class="spacer battle-history"><br></div><h2 class="battle-history">Turn 13</h2><div class="spacer battle-history"><br></div><div class="battle-history">Lumineon, come back!<br></div><div class="battle-history">Go! <strong>Metang</strong>!<br></div><div class="spacer battle-history"><br></div><div class="battle-history">The opposing Mr. Mime used <strong>Psychic</strong>!<br></div><div class="battle-history"><small>It's not very effective...</small><br></div><div class="battle-history"><small>(Metang lost <abbr title="−25/271">9.2%</abbr> of its health!)</small><br></div><div class="spacer battle-history"><br></div><h2 class="battle-history">Turn 14</h2><div class="spacer battle-history"><br></div><div class="battle-history">Trainer Samwise withdrew Mr. Mime!<br></div><div class="battle-history">Trainer Samwise sent out <strong>Leafeon</strong>!<br></div><div class="spacer battle-history"><br></div><div class="battle-history">Metang used <strong>Stealth Rock</strong>!<br></div><div class="battle-history"><small>Pointed stones float in the air around the opposing team!</small><br></div><div class="spacer battle-history"><br></div><h2 class="battle-history">Turn 15</h2><div class="spacer battle-history"><br></div><div class="battle-history">Metang, come back!<br></div><div class="battle-history">Go! <strong>Monferno</strong>!<br></div><div class="spacer battle-history"><br></div><div class="battle-history">The opposing Leafeon used <strong>Knock Off</strong>!<br></div><div class="battle-history"><small>It's not very effective...</small><br></div><div class="battle-history"><small>(Monferno lost <abbr title="−57/269">21.2%</abbr> of its health!)</small><br></div><div class="spacer battle-history"><br></div><h2 class="battle-history">Turn 16</h2><div class="spacer battle-history"><br></div><div class="battle-history">The opposing Leafeon used <strong>Swords Dance</strong>!<br></div><div class="battle-history"><small>The opposing Leafeon's Attack rose sharply!</small><br></div><div class="spacer battle-history"><br></div><div class="battle-history">Monferno used <strong>Flare Blitz</strong>!<br></div><div class="battle-history"><small>It's super effective!</small><br></div><div class="battle-history"><small>(The opposing Leafeon lost <abbr title="−271/271">100%</abbr> of its health!)</small><br></div><div class="battle-history"><small>Monferno is damaged by the recoil!</small><br></div><div class="spacer battle-history"><br></div><div class="battle-history">The opposing Leafeon fainted!<br></div><div class="spacer battle-history"><br></div><div class="battle-history">Trainer Samwise sent out <strong>Mr. Mime</strong>!<br></div><div class="battle-history"><small>Pointed stones dug into the opposing Mr. Mime!</small><br></div><div class="spacer battle-history"><br></div><h2 class="battle-history">Turn 17</h2><div class="spacer battle-history"><br></div><div class="battle-history">Monferno used <strong>Mach Punch</strong>!<br></div><div class="battle-history"><small>It's not very effective...</small><br></div><div class="battle-history"><small>A critical hit!</small><br></div><div class="battle-history"><small>(The opposing Mr. Mime lost <abbr title="−37/221">16.7%</abbr> of its health!)</small><br></div><div class="spacer battle-history"><br></div><div class="battle-history">The opposing Mr. Mime used <strong>Healing Wish</strong>!<br></div><div class="spacer battle-history"><br></div><div class="battle-history">The opposing Mr. Mime fainted!<br></div><div class="spacer battle-history"><br></div><div class="battle-history">Trainer Samwise sent out <strong>Clefairy</strong>!<br></div><div class="battle-history"><small>The healing wish came true for the opposing Clefairy!</small><br></div><div class="spacer battle-history"><br></div><h2 class="battle-history">Turn 18</h2><div class="spacer battle-history"><br></div><div class="battle-history">Monferno used <strong>U-turn</strong>!<br></div><div class="battle-history"><small>It's not very effective...</small><br></div><div class="battle-history"><small>(The opposing Clefairy lost <abbr title="−42/344">12.2%</abbr> of its health!)</small><br></div><div class="spacer battle-history"><br></div><div class="battle-history">Monferno went back to god is on my side!<br></div><div class="battle-history">Go! <strong>Lumineon</strong>!<br></div><div class="spacer battle-history"><br></div><div class="battle-history">The opposing Clefairy used <strong>Thunder Wave</strong>!<br></div><div class="battle-history"><small>Lumineon is paralyzed! It may be unable to move!</small><br></div><div class="spacer battle-history"><br></div><div class="battle-history"><small>Lumineon restored a little HP using its Leftovers!</small><br></div><div class="spacer battle-history"><br></div><h2 class="battle-history">Turn 19</h2><div class="spacer battle-history"><br></div><div class="battle-history">Lumineon, come back!<br></div><div class="battle-history">Go! <strong>Metang</strong>!<br></div><div class="spacer battle-history"><br></div><div class="battle-history">The opposing Clefairy used <strong>Moonblast</strong>!<br></div><div class="battle-history"><small>It's not very effective...</small><br></div><div class="battle-history"><small>(Metang lost <abbr title="−32/271">11.8%</abbr> of its health!)</small><br></div><div class="spacer battle-history"><br></div><h2 class="battle-history">Turn 20</h2><div class="spacer battle-history"><br></div><div class="battle-history">Metang used <strong>Meteor Mash</strong>!<br></div><div class="battle-history"><small>It's super effective!</small><br></div><div class="battle-history"><small>(The opposing Clefairy lost <abbr title="−282/344">82.0%</abbr> of its health!)</small><br></div><div class="spacer battle-history"><br></div><div class="battle-history">The opposing Clefairy used <strong>Thunder Wave</strong>!<br></div><div class="battle-history"><small>Metang is paralyzed! It may be unable to move!</small><br></div><div class="spacer battle-history"><br></div><h2 class="battle-history">Turn 21</h2><div class="spacer battle-history"><br></div><div class="battle-history">Metang is paralyzed! It can't move!<br></div><div class="spacer battle-history"><br></div><div class="battle-history">The opposing Clefairy used <strong>Stealth Rock</strong>!<br></div><div class="battle-history"><small>Pointed stones float in the air around your team!</small><br></div><div class="spacer battle-history"><br></div><h2 class="battle-history">Turn 22</h2><div class="spacer battle-history"><br></div><div class="battle-history">Metang is paralyzed! It can't move!<br></div><div class="spacer battle-history"><br></div><div class="battle-history">The opposing Clefairy used <strong>Soft-Boiled</strong>!<br></div><div class="battle-history"><small>The opposing Clefairy restored its HP.</small><br></div><div class="spacer battle-history"><br></div><h2 class="battle-history">Turn 23</h2><div class="spacer battle-history"><br></div><div class="battle-history">The opposing Clefairy used <strong>Soft-Boiled</strong>!<br></div><div class="battle-history"><small>The opposing Clefairy restored its HP.</small><br></div><div class="spacer battle-history"><br></div><div class="battle-history">Metang used <strong>Meteor Mash</strong>!<br></div><div class="battle-history"><small>It's super effective!</small><br></div><div class="battle-history"><small>(The opposing Clefairy lost <abbr title="−272/344">79.1%</abbr> of its health!)</small><br></div><div class="spacer battle-history"><br></div><h2 class="battle-history">Turn 24</h2><div class="spacer battle-history"><br></div><div class="battle-history">Metang used <strong>Bullet Punch</strong>!<br></div><div class="battle-history"><small>It's super effective!</small><br></div><div class="battle-history"><small>(The opposing Clefairy lost <abbr title="−72/344">20.9%</abbr> of its health!)</small><br></div><div class="spacer battle-history"><br></div><div class="battle-history">The opposing Clefairy fainted!<br></div><div class="spacer battle-history"><br></div><div class="battle-history">Trainer Samwise sent out <strong>Vullaby</strong>!<br></div><div class="battle-history"><small>Pointed stones dug into the opposing Vullaby!</small><br></div><div class="spacer battle-history"><br></div><h2 class="battle-history">Turn 25</h2><div class="spacer battle-history"><br></div><div class="battle-history">Metang, come back!<br></div><div class="battle-history">Go! <strong>Lumineon</strong>!<br></div><div class="battle-history"><small>Pointed stones dug into Lumineon!</small><br></div><div class="spacer battle-history"><br></div><div class="battle-history">The opposing Vullaby used <strong>Foul Play</strong>!<br></div><div class="battle-history"><small>(Lumineon lost <abbr title="−63/342">18.4%</abbr> of its health!)</small><br></div><div class="spacer battle-history"><br></div><div class="battle-history"><small>Lumineon restored a little HP using its Leftovers!</small><br></div><div class="battle-history"><small>The opposing Vullaby was hurt by poison!</small><br></div><div class="spacer battle-history"><br></div><h2 class="battle-history">Turn 26</h2><div class="spacer battle-history"><br></div><div class="battle-history">The opposing Vullaby used <strong>Foul Play</strong>!<br></div><div class="battle-history"><small>(Lumineon lost <abbr title="−62/342">18.1%</abbr> of its health!)</small><br></div><div class="spacer battle-history"><br></div><div class="battle-history">Lumineon fainted!<br></div><div class="spacer battle-history"><br></div><div class="battle-history"><small>The opposing Vullaby was hurt by poison!</small><br></div><div class="spacer battle-history"><br></div><div class="battle-history">Go! <strong>Altaria</strong>!<br></div><div class="battle-history"><small>Pointed stones dug into Altaria!</small><br></div><div class="spacer battle-history"><br></div><h2 class="battle-history">Turn 27</h2><div class="spacer battle-history"><br></div><div class="battle-history"><small>Trainer Samwise forfeited.</small><br></div><div class="spacer battle-history"><br></div><div class="battle-history"><strong>god is on my side</strong> won the battle!<br></div><div class="chat"><small>Trainer Samwise left.</small></div></div><div class="inner-preempt"></div></div></div>
</div>
<script>
let daily = Math.floor(Date.now()/1000/60/60/24);document.write('<script src="https://play.pokemonshowdown.com/js/replay-embed.js?version'+daily+'"></'+'script>');
</script>
