<!DOCTYPE html>
<meta charset="utf-8" />
<!-- version 1 -->
<title>PU replay: thekangaroorider vs. dr cafeine</title>
<style>
html,body {font-family:Verdana, sans-serif;font-size:10pt;margin:0;padding:0;}body{padding:12px 0;} .battle-log {font-family:Verdana, sans-serif;font-size:10pt;} .battle-log-inline {border:1px solid #AAAAAA;background:#EEF2F5;color:black;max-width:640px;margin:0 auto 80px;padding-bottom:5px;} .battle-log .inner {padding:4px 8px 0px 8px;} .battle-log .inner-preempt {padding:0 8px 4px 8px;} .battle-log .inner-after {margin-top:0.5em;} .battle-log h2 {margin:0.5em -8px;padding:4px 8px;border:1px solid #AAAAAA;background:#E0E7EA;border-left:0;border-right:0;font-family:Verdana, sans-serif;font-size:13pt;} .battle-log .chat {vertical-align:middle;padding:3px 0 3px 0;font-size:8pt;} .battle-log .chat strong {color:#40576A;} .battle-log .chat em {padding:1px 4px 1px 3px;color:#000000;font-style:normal;} .chat.mine {background:rgba(0,0,0,0.05);margin-left:-8px;margin-right:-8px;padding-left:8px;padding-right:8px;} .spoiler {color:#BBBBBB;background:#BBBBBB;padding:0px 3px;} .spoiler:hover, .spoiler:active, .spoiler-shown {color:#000000;background:#E2E2E2;padding:0px 3px;} .spoiler a {color:#BBBBBB;} .spoiler:hover a, .spoiler:active a, .spoiler-shown a {color:#2288CC;} .chat code, .chat .spoiler:hover code, .chat .spoiler:active code, .chat .spoiler-shown code {border:1px solid #C0C0C0;background:#EEEEEE;color:black;padding:0 2px;} .chat .spoiler code {border:1px solid #CCCCCC;background:#CCCCCC;color:#CCCCCC;} .battle-log .rated {padding:3px 4px;} .battle-log .rated strong {color:white;background:#89A;padding:1px 4px;border-radius:4px;} .spacer {margin-top:0.5em;} .message-announce {background:#6688AA;color:white;padding:1px 4px 2px;} .message-announce a, .broadcast-green a, .broadcast-blue a, .broadcast-red a {color:#DDEEFF;} .broadcast-green {background-color:#559955;color:white;padding:2px 4px;} .broadcast-blue {background-color:#6688AA;color:white;padding:2px 4px;} .infobox {border:1px solid #6688AA;padding:2px 4px;} .infobox-limited {max-height:200px;overflow:auto;overflow-x:hidden;} .broadcast-red {background-color:#AA5544;color:white;padding:2px 4px;} .message-learn-canlearn {font-weight:bold;color:#228822;text-decoration:underline;} .message-learn-cannotlearn {font-weight:bold;color:#CC2222;text-decoration:underline;} .message-effect-weak {font-weight:bold;color:#CC2222;} .message-effect-resist {font-weight:bold;color:#6688AA;} .message-effect-immune {font-weight:bold;color:#666666;} .message-learn-list {margin-top:0;margin-bottom:0;} .message-throttle-notice, .message-error {color:#992222;} .message-overflow, .chat small.message-overflow {font-size:0pt;} .message-overflow::before {font-size:9pt;content:'...';} .subtle {color:#3A4A66;}
</style>
<div class="wrapper replay-wrapper" style="max-width:1180px;margin:0 auto">
<input type="hidden" name="replayid" value="pu-587113466" />
<div class="battle"></div><div class="battle-log"></div><div class="replay-controls"></div><div class="replay-controls-2"></div>
<h1 style="font-weight:normal;text-align:center"><strong>PU</strong><br /><a href="http://pokemonshowdown.com/users/thekangaroorider" class="subtle" target="_blank">thekangaroorider</a> vs. <a href="http://pokemonshowdown.com/users/drcafeine" class="subtle" target="_blank">dr cafeine</a></h1>
<script type="text/plain" class="battle-log-data">|j|thekangaroorider
|j|dr cafeine
|player|p1|thekangaroorider|43
|teamsize|p1|6
|player|p2|dr cafeine|220
|teamsize|p2|6
|gametype|singles
|gen|6
|tier|PU
|rated
|seed|32830,42650,30260,29787
|rule|Sleep Clause Mod: Limit one foe put to sleep
|rule|Species Clause: Limit one of each Pokémon
|rule|OHKO Clause: OHKO moves are banned
|rule|Moody Clause: Moody is banned
|rule|Evasion Moves Clause: Evasion moves are banned
|rule|Endless Battle Clause: Forcing endless battles is banned
|rule|HP Percentage Mod: HP is shown in percentages
|clearpoke
|poke|p1|Eelektrik, F|item
|poke|p1|Lumineon, M|item
|poke|p1|Monferno, F|item
|poke|p1|Misdreavus, F|item
|poke|p1|Simipour, M|item
|poke|p1|Probopass, F|item
|poke|p2|Lapras, F|item
|poke|p2|Ampharos, F|item
|poke|p2|Jumpluff, M|
|poke|p2|Leavanny, M|item
|poke|p2|Gabite, M|item
|poke|p2|Magcargo, M|item
|rule|Swagger Clause: Swagger is banned
|rule|Baton Pass Clause: Limit one Baton Passer, can't pass Spe and other stats simultaneously
|teampreview
|c|☆dr cafeine|hi :)
|choice|team 6, team 2, team 3, team 4, team 5, team 1|team 5, team 2, team 3, team 4, team 1, team 6
|
|start
|switch|p1a: Probopass|Probopass, F|261\/261
|switch|p2a: jean kevin|Gabite, M|278\/278
|-item|p1a: Probopass|Air Balloon
|turn|1
|choice|move stealthrock|move stealthrock
|
|move|p2a: jean kevin|Stealth Rock|p1a: Probopass
|-sidestart|p1: thekangaroorider|move: Stealth Rock
|move|p1a: Probopass|Stealth Rock|p2a: jean kevin
|-sidestart|p2: dr cafeine|move: Stealth Rock
|
|upkeep
|turn|2
|choice|switch 2|move stoneedge
|
|switch|p1a: Lumineon|Lumineon, M|330\/330
|-damage|p1a: Lumineon|289\/330|[from] Stealth Rock
|move|p2a: jean kevin|Stone Edge|p1a: Lumineon
|-damage|p1a: Lumineon|207\/330
|
|-heal|p1a: Lumineon|227\/330|[from] item: Leftovers
|upkeep
|turn|3
|choice|move toxic|switch 5
|
|switch|p2a: percute me|Lapras, F|401\/401
|-damage|p2a: percute me|301\/401|[from] Stealth Rock
|move|p1a: Lumineon|Toxic|p2a: percute me
|-status|p2a: percute me|tox
|
|-heal|p1a: Lumineon|247\/330|[from] item: Leftovers
|-damage|p2a: percute me|276\/401 tox|[from] psn
|upkeep
|turn|4
|choice|move uturn|move thunderbolt
|
|move|p1a: Lumineon|U-turn|p2a: percute me
|-crit|p2a: percute me
|-damage|p2a: percute me|213\/401 tox
|choice|switch 4|
|
|switch|p1a: Misdreavus|Misdreavus, F|324\/324
|-damage|p1a: Misdreavus|284\/324|[from] Stealth Rock
|move|p2a: percute me|Thunderbolt|p1a: Misdreavus
|-damage|p1a: Misdreavus|225\/324
|
|-damage|p2a: percute me|163\/401 tox|[from] psn
|upkeep
|turn|5
|choice|move hex|switch 2
|
|switch|p2a: Georges Smiles|Ampharos, F|384\/384
|-damage|p2a: Georges Smiles|336\/384|[from] Stealth Rock
|move|p1a: Misdreavus|Hex|p2a: Georges Smiles
|-damage|p2a: Georges Smiles|254\/384
|
|-heal|p2a: Georges Smiles|278\/384|[from] item: Leftovers
|upkeep
|turn|6
|choice|switch 6|move lightscreen
|
|switch|p1a: Eelektrik|Eelektrik, F|334\/334
|-damage|p1a: Eelektrik|293\/334|[from] Stealth Rock
|move|p2a: Georges Smiles|Light Screen|p2a: Georges Smiles
|-sidestart|p2: dr cafeine|move: Light Screen
|
|-heal|p2a: Georges Smiles|302\/384|[from] item: Leftovers
|upkeep
|turn|7
|choice|move knockoff|move thunderbolt
|
|move|p2a: Georges Smiles|Thunderbolt|p1a: Eelektrik
|-resisted|p1a: Eelektrik
|-damage|p1a: Eelektrik|246\/334
|move|p1a: Eelektrik|Knock Off|p2a: Georges Smiles
|-damage|p2a: Georges Smiles|229\/384
|-enditem|p2a: Georges Smiles|Leftovers|[from] move: Knock Off|[of] p1a: Eelektrik
|
|upkeep
|turn|8
|choice|move coil|move hiddenpower
|
|move|p2a: Georges Smiles|Hidden Power|p1a: Eelektrik
|-damage|p1a: Eelektrik|205\/334
|move|p1a: Eelektrik|Coil|p1a: Eelektrik
|-boost|p1a: Eelektrik|atk|1
|-boost|p1a: Eelektrik|def|1
|-boost|p1a: Eelektrik|accuracy|1
|
|upkeep
|turn|9
|choice|move superfang|move voltswitch
|
|move|p2a: Georges Smiles|Volt Switch|p1a: Eelektrik
|-resisted|p1a: Eelektrik
|-damage|p1a: Eelektrik|169\/334
|choice||switch 3
|
|switch|p2a: trois plocs|Jumpluff, M|292\/292
|-damage|p2a: trois plocs|219\/292|[from] Stealth Rock
|move|p1a: Eelektrik|Super Fang|p2a: trois plocs
|-damage|p2a: trois plocs|110\/292
|
|upkeep
|turn|10
|choice|switch 6|move sleeppowder
|
|switch|p1a: Misdreavus|Misdreavus, F|225\/324
|-damage|p1a: Misdreavus|185\/324|[from] Stealth Rock
|move|p2a: trois plocs|Sleep Powder|p1a: Misdreavus
|-status|p1a: Misdreavus|slp
|
|-sideend|p2: dr cafeine|move: Light Screen
|upkeep
|turn|11
|choice|switch 5|move swordsdance
|
|switch|p1a: Simipour|Simipour, M|291\/291
|-damage|p1a: Simipour|255\/291|[from] Stealth Rock
|move|p2a: trois plocs|Swords Dance|p2a: trois plocs
|-boost|p2a: trois plocs|atk|2
|
|upkeep
|turn|12
|choice|move icebeam|move seedbomb
|
|move|p1a: Simipour|Ice Beam|p2a: trois plocs
|-supereffective|p2a: trois plocs
|-damage|p2a: trois plocs|0 fnt
|faint|p2a: trois plocs
|
|upkeep
|choice||switch 2
|
|switch|p2a: percute me|Lapras, F|163\/401 tox
|-damage|p2a: percute me|63\/401 tox|[from] Stealth Rock
|turn|13
|choice|switch 5|move thunderbolt
|
|switch|p1a: Misdreavus|Misdreavus, F|185\/324 slp
|-damage|p1a: Misdreavus|145\/324 slp|[from] Stealth Rock
|move|p2a: percute me|Thunderbolt|p1a: Misdreavus
|-damage|p1a: Misdreavus|78\/324 slp
|
|-damage|p2a: percute me|38\/401 tox|[from] psn
|upkeep
|turn|14
|choice|move hex|move blizzard
|
|cant|p1a: Misdreavus|slp
|move|p2a: percute me|Blizzard|p1a: Misdreavus
|-damage|p1a: Misdreavus|0 fnt
|faint|p1a: Misdreavus
|
|-damage|p2a: percute me|0 fnt|[from] psn
|upkeep
|faint|p2a: percute me
|choice|switch 5|switch 4
|
|switch|p1a: Simipour|Simipour, M|255\/291
|switch|p2a: i'm a cat|Leavanny, M|292\/292
|-damage|p1a: Simipour|219\/291|[from] Stealth Rock
|-damage|p2a: i'm a cat|219\/292|[from] Stealth Rock
|turn|15
|choice|move icebeam|move stickyweb
|
|move|p1a: Simipour|Ice Beam|p2a: i'm a cat
|-supereffective|p2a: i'm a cat
|-damage|p2a: i'm a cat|0 fnt
|faint|p2a: i'm a cat
|
|upkeep
|-message|dr cafeine forfeited.
|
|win|thekangaroorider
|l|dr cafeine
|c|☆thekangaroorider|gg
|raw|thekangaroorider's rating: 1066 &rarr; <strong>1105<\/strong><br \/>(+39 for winning)
|raw|dr cafeine's rating: 1175 &rarr; <strong>1142<\/strong><br \/>(-33 for losing)</script>
</div>
<div class="battle-log battle-log-inline"><div class="inner"><div class="battle-options"></div><div class="inner"><div class="chat"><small>thekangaroorider joined.</small></div><div class="chat"><small>dr cafeine joined.</small></div><div class=""><small>Format:</small> <br><strong>PU</strong></div><div class="rated"><strong>Rated battle</strong></div><div class=""><small><em>Sleep Clause Mod:</em> Limit one foe put to sleep</small></div><div class=""><small><em>Species Clause:</em> Limit one of each Pokémon</small></div><div class=""><small><em>OHKO Clause:</em> OHKO moves are banned</small></div><div class=""><small><em>Moody Clause:</em> Moody is banned</small></div><div class=""><small><em>Evasion Moves Clause:</em> Evasion moves are banned</small></div><div class=""><small><em>Endless Battle Clause:</em> Forcing endless battles is banned</small></div><div class=""><small><em>HP Percentage Mod:</em> HP is shown in percentages</small></div><div class=""><small><em>Swagger Clause:</em> Swagger is banned</small></div><div class=""><small><em>Baton Pass Clause:</em> Limit one Baton Passer, can't pass Spe and other stats simultaneously</small></div><div class="chat battle-history"><strong>thekangaroorider's team:</strong> <em style="color:#445566;display:block;">Eelektrik / Lumineon / Monferno / Misdreavus / Simipour / Probopass</em></div><div class="chat battle-history"><strong>dr cafeine's team:</strong> <em style="color:#445566;display:block;">Lapras / Ampharos / Jumpluff / Leavanny / Gabite / Magcargo</em></div><div class="chat chatmessage-drcafeine"><strong style="color:hsl(80,69%,35%)"><small>☆</small><span class="username" data-name="dr cafeine">dr cafeine</span>:</strong> <em>hi :)</em></div><div class="spacer battle-history"><br></div><div class="battle-history">Battle started between thekangaroorider and dr cafeine!<br></div><div class="spacer battle-history"><br></div><div class="battle-history">Go! <strong>Probopass</strong>!<br></div><div class="spacer battle-history"><br></div><div class="battle-history">dr cafeine sent out jean kevin (<strong>Gabite</strong>)!<br></div><div class="battle-history"><small>Probopass floats in the air with its Air Balloon!</small><br></div><div class="spacer battle-history"><br></div><h2 class="battle-history">Turn 1</h2><div class="spacer battle-history"><br></div><div class="battle-history">The opposing jean kevin used <strong>Stealth Rock</strong>!<br></div><div class="battle-history"><small>Pointed stones float in the air around your team!</small><br></div><div class="spacer battle-history"><br></div><div class="battle-history">Probopass used <strong>Stealth Rock</strong>!<br></div><div class="battle-history"><small>Pointed stones float in the air around the opposing team!</small><br></div><div class="spacer battle-history"><br></div><h2 class="battle-history">Turn 2</h2><div class="spacer battle-history"><br></div><div class="battle-history">Probopass, come back!<br></div><div class="battle-history">Go! <strong>Lumineon</strong>!<br></div><div class="battle-history"><small>Pointed stones dug into Lumineon!</small><br></div><div class="spacer battle-history"><br></div><div class="battle-history">The opposing jean kevin used <strong>Stone Edge</strong>!<br></div><div class="battle-history"><small>(Lumineon lost <abbr title="−82/330">24.8%</abbr> of its health!)</small><br></div><div class="spacer battle-history"><br></div><div class="battle-history"><small>Lumineon restored a little HP using its Leftovers!</small><br></div><div class="spacer battle-history"><br></div><h2 class="battle-history">Turn 3</h2><div class="spacer battle-history"><br></div><div class="battle-history">dr cafeine withdrew jean kevin!<br></div><div class="battle-history">dr cafeine sent out percute me (<strong>Lapras</strong>)!<br></div><div class="battle-history"><small>Pointed stones dug into the opposing percute me!</small><br></div><div class="spacer battle-history"><br></div><div class="battle-history">Lumineon used <strong>Toxic</strong>!<br></div><div class="battle-history"><small>The opposing percute me was badly poisoned!</small><br></div><div class="spacer battle-history"><br></div><div class="battle-history"><small>Lumineon restored a little HP using its Leftovers!</small><br></div><div class="battle-history"><small>The opposing percute me was hurt by poison!</small><br></div><div class="spacer battle-history"><br></div><h2 class="battle-history">Turn 4</h2><div class="spacer battle-history"><br></div><div class="battle-history">Lumineon used <strong>U-turn</strong>!<br></div><div class="battle-history"><small>A critical hit!</small><br></div><div class="battle-history"><small>(The opposing percute me lost <abbr title="−63/401">15.7%</abbr> of its health!)</small><br></div><div class="spacer battle-history"><br></div><div class="battle-history">Lumineon went back to thekangaroorider!<br></div><div class="battle-history">Go! <strong>Misdreavus</strong>!<br></div><div class="battle-history"><small>Pointed stones dug into Misdreavus!</small><br></div><div class="spacer battle-history"><br></div><div class="battle-history">The opposing percute me used <strong>Thunderbolt</strong>!<br></div><div class="battle-history"><small>(Misdreavus lost <abbr title="−59/324">18.2%</abbr> of its health!)</small><br></div><div class="spacer battle-history"><br></div><div class="battle-history"><small>The opposing percute me was hurt by poison!</small><br></div><div class="spacer battle-history"><br></div><h2 class="battle-history">Turn 5</h2><div class="spacer battle-history"><br></div><div class="battle-history">dr cafeine withdrew percute me!<br></div><div class="battle-history">dr cafeine sent out Georges Smiles (<strong>Ampharos</strong>)!<br></div><div class="battle-history"><small>Pointed stones dug into the opposing Georges Smiles!</small><br></div><div class="spacer battle-history"><br></div><div class="battle-history">Misdreavus used <strong>Hex</strong>!<br></div><div class="battle-history"><small>(The opposing Georges Smiles lost <abbr title="−82/384">21.4%</abbr> of its health!)</small><br></div><div class="spacer battle-history"><br></div><div class="battle-history"><small>The opposing Georges Smiles restored a little HP using its Leftovers!</small><br></div><div class="spacer battle-history"><br></div><h2 class="battle-history">Turn 6</h2><div class="spacer battle-history"><br></div><div class="battle-history">Misdreavus, come back!<br></div><div class="battle-history">Go! <strong>Eelektrik</strong>!<br></div><div class="battle-history"><small>Pointed stones dug into Eelektrik!</small><br></div><div class="spacer battle-history"><br></div><div class="battle-history">The opposing Georges Smiles used <strong>Light Screen</strong>!<br></div><div class="battle-history"><small>Light Screen made the opposing team stronger against special moves!</small><br></div><div class="spacer battle-history"><br></div><div class="battle-history"><small>The opposing Georges Smiles restored a little HP using its Leftovers!</small><br></div><div class="spacer battle-history"><br></div><h2 class="battle-history">Turn 7</h2><div class="spacer battle-history"><br></div><div class="battle-history">The opposing Georges Smiles used <strong>Thunderbolt</strong>!<br></div><div class="battle-history"><small>It's not very effective...</small><br></div><div class="battle-history"><small>(Eelektrik lost <abbr title="−47/334">14.1%</abbr> of its health!)</small><br></div><div class="spacer battle-history"><br></div><div class="battle-history">Eelektrik used <strong>Knock Off</strong>!<br></div><div class="battle-history"><small>(The opposing Georges Smiles lost <abbr title="−73/384">19.0%</abbr> of its health!)</small><br></div><div class="battle-history"><small>Eelektrik knocked off the opposing Georges Smiles's Leftovers!</small><br></div><div class="spacer battle-history"><br></div><h2 class="battle-history">Turn 8</h2><div class="spacer battle-history"><br></div><div class="battle-history">The opposing Georges Smiles used <strong>Hidden Power</strong>!<br></div><div class="battle-history"><small>(Eelektrik lost <abbr title="−41/334">12.3%</abbr> of its health!)</small><br></div><div class="spacer battle-history"><br></div><div class="battle-history">Eelektrik used <strong>Coil</strong>!<br></div><div class="battle-history"><small>Eelektrik's Attack rose!</small><br></div><div class="battle-history"><small>Eelektrik's Defense rose!</small><br></div><div class="battle-history"><small>Eelektrik's accuracy rose!</small><br></div><div class="spacer battle-history"><br></div><h2 class="battle-history">Turn 9</h2><div class="spacer battle-history"><br></div><div class="battle-history">The opposing Georges Smiles used <strong>Volt Switch</strong>!<br></div><div class="battle-history"><small>It's not very effective...</small><br></div><div class="battle-history"><small>(Eelektrik lost <abbr title="−36/334">10.8%</abbr> of its health!)</small><br></div><div class="spacer battle-history"><br></div><div class="battle-history">The opposing Georges Smiles went back to dr cafeine!<br></div><div class="battle-history">dr cafeine sent out trois plocs (<strong>Jumpluff</strong>)!<br></div><div class="battle-history"><small>Pointed stones dug into the opposing trois plocs!</small><br></div><div class="spacer battle-history"><br></div><div class="battle-history">Eelektrik used <strong>Super Fang</strong>!<br></div><div class="battle-history"><small>(The opposing trois plocs lost <abbr title="−109/292">37.3%</abbr> of its health!)</small><br></div><div class="spacer battle-history"><br></div><h2 class="battle-history">Turn 10</h2><div class="spacer battle-history"><br></div><div class="battle-history">Eelektrik, come back!<br></div><div class="battle-history">Go! <strong>Misdreavus</strong>!<br></div><div class="battle-history"><small>Pointed stones dug into Misdreavus!</small><br></div><div class="spacer battle-history"><br></div><div class="battle-history">The opposing trois plocs used <strong>Sleep Powder</strong>!<br></div><div class="battle-history"><small>Misdreavus fell asleep!</small><br></div><div class="spacer battle-history"><br></div><div class="battle-history"><small>The opposing team's Light Screen wore off!</small><br></div><div class="spacer battle-history"><br></div><h2 class="battle-history">Turn 11</h2><div class="spacer battle-history"><br></div><div class="battle-history">Misdreavus, come back!<br></div><div class="battle-history">Go! <strong>Simipour</strong>!<br></div><div class="battle-history"><small>Pointed stones dug into Simipour!</small><br></div><div class="spacer battle-history"><br></div><div class="battle-history">The opposing trois plocs used <strong>Swords Dance</strong>!<br></div><div class="battle-history"><small>The opposing trois plocs's Attack rose sharply!</small><br></div><div class="spacer battle-history"><br></div><h2 class="battle-history">Turn 12</h2><div class="spacer battle-history"><br></div><div class="battle-history">Simipour used <strong>Ice Beam</strong>!<br></div><div class="battle-history"><small>It's super effective!</small><br></div><div class="battle-history"><small>(The opposing trois plocs lost <abbr title="−110/292">37.7%</abbr> of its health!)</small><br></div><div class="spacer battle-history"><br></div><div class="battle-history">The opposing trois plocs fainted!<br></div><div class="spacer battle-history"><br></div><div class="battle-history">dr cafeine sent out percute me (<strong>Lapras</strong>)!<br></div><div class="battle-history"><small>Pointed stones dug into the opposing percute me!</small><br></div><div class="spacer battle-history"><br></div><h2 class="battle-history">Turn 13</h2><div class="spacer battle-history"><br></div><div class="battle-history">Simipour, come back!<br></div><div class="battle-history">Go! <strong>Misdreavus</strong>!<br></div><div class="battle-history"><small>Pointed stones dug into Misdreavus!</small><br></div><div class="spacer battle-history"><br></div><div class="battle-history">The opposing percute me used <strong>Thunderbolt</strong>!<br></div><div class="battle-history"><small>(Misdreavus lost <abbr title="−67/324">20.7%</abbr> of its health!)</small><br></div><div class="spacer battle-history"><br></div><div class="battle-history"><small>The opposing percute me was hurt by poison!</small><br></div><div class="spacer battle-history"><br></div><h2 class="battle-history">Turn 14</h2><div class="spacer battle-history"><br></div><div class="battle-history">Misdreavus is fast asleep.<br></div><div class="spacer battle-history"><br></div><div class="battle-history">The opposing percute me used <strong>Blizzard</strong>!<br></div><div class="battle-history"><small>(Misdreavus lost <abbr title="−78/324">24.1%</abbr> of its health!)</small><br></div><div class="spacer battle-history"><br></div><div class="battle-history">Misdreavus fainted!<br></div><div class="spacer battle-history"><br></div><div class="battle-history"><small>The opposing percute me was hurt by poison!</small><br></div><div class="spacer battle-history"><br></div><div class="battle-history">The opposing percute me fainted!<br></div><div class="spacer battle-history"><br></div><div class="battle-history">Go! <strong>Simipour</strong>!<br></div><div class="spacer battle-history"><br></div><div class="battle-history">dr cafeine sent out i'm a cat (<strong>Leavanny</strong>)!<br></div><div class="battle-history"><small>Pointed stones dug into Simipour!</small><br></div><div class="battle-history"><small>Pointed stones dug into the opposing i'm a cat!</small><br></div><div class="spacer battle-history"><br></div><h2 class="battle-history">Turn 15</h2><div class="spacer battle-history"><br></div><div class="battle-history">Simipour used <strong>Ice Beam</strong>!<br></div><div class="battle-history"><small>It's super effective!</small><br></div><div class="battle-history"><small>(The opposing i'm a cat lost <abbr title="−219/292">75%</abbr> of its health!)</small><br></div><div class="spacer battle-history"><br></div><div class="battle-history">The opposing i'm a cat fainted!<br></div><div class="spacer battle-history"><br></div><div class="battle-history"><small>dr cafeine forfeited.</small><br></div><div class="spacer battle-history"><br></div><div class="battle-history"><strong>thekangaroorider</strong> won the battle!<br></div><div class="chat"><small>dr cafeine left.</small></div><div class="chat chatmessage-thekangaroorider"><strong style="color:hsl(156,59%,37%)"><small>☆</small><span class="username" data-name="thekangaroorider">thekangaroorider</span>:</strong> <em>gg</em></div><div class="chat">thekangaroorider's rating: 1066 → <strong>1105</strong><br>(+39 for winning)</div><div class="chat">dr cafeine's rating: 1175 → <strong>1142</strong><br>(-33 for losing)</div></div><div class="inner-preempt"></div></div></div>
</div>
<script>
let daily = Math.floor(Date.now()/1000/60/60/24);document.write('<script src="https://play.pokemonshowdown.com/js/replay-embed.js?version'+daily+'"></'+'script>');
</script>
