<!DOCTYPE html>
<meta charset="utf-8" />
<!-- version 1 -->
<title>PU replay: hoblaph vs. RivalET</title>
<style>
html,body {font-family:Verdana, sans-serif;font-size:10pt;margin:0;padding:0;}body{padding:12px 0;} .battle-log {font-family:Verdana, sans-serif;font-size:10pt;} .battle-log-inline {border:1px solid #AAAAAA;background:#EEF2F5;color:black;max-width:640px;margin:0 auto 80px;padding-bottom:5px;} .battle-log .inner {padding:4px 8px 0px 8px;} .battle-log .inner-preempt {padding:0 8px 4px 8px;} .battle-log .inner-after {margin-top:0.5em;} .battle-log h2 {margin:0.5em -8px;padding:4px 8px;border:1px solid #AAAAAA;background:#E0E7EA;border-left:0;border-right:0;font-family:Verdana, sans-serif;font-size:13pt;} .battle-log .chat {vertical-align:middle;padding:3px 0 3px 0;font-size:8pt;} .battle-log .chat strong {color:#40576A;} .battle-log .chat em {padding:1px 4px 1px 3px;color:#000000;font-style:normal;} .chat.mine {background:rgba(0,0,0,0.05);margin-left:-8px;margin-right:-8px;padding-left:8px;padding-right:8px;} .spoiler {color:#BBBBBB;background:#BBBBBB;padding:0px 3px;} .spoiler:hover, .spoiler:active, .spoiler-shown {color:#000000;background:#E2E2E2;padding:0px 3px;} .spoiler a {color:#BBBBBB;} .spoiler:hover a, .spoiler:active a, .spoiler-shown a {color:#2288CC;} .chat code, .chat .spoiler:hover code, .chat .spoiler:active code, .chat .spoiler-shown code {border:1px solid #C0C0C0;background:#EEEEEE;color:black;padding:0 2px;} .chat .spoiler code {border:1px solid #CCCCCC;background:#CCCCCC;color:#CCCCCC;} .battle-log .rated {padding:3px 4px;} .battle-log .rated strong {color:white;background:#89A;padding:1px 4px;border-radius:4px;} .spacer {margin-top:0.5em;} .message-announce {background:#6688AA;color:white;padding:1px 4px 2px;} .message-announce a, .broadcast-green a, .broadcast-blue a, .broadcast-red a {color:#DDEEFF;} .broadcast-green {background-color:#559955;color:white;padding:2px 4px;} .broadcast-blue {background-color:#6688AA;color:white;padding:2px 4px;} .infobox {border:1px solid #6688AA;padding:2px 4px;} .infobox-limited {max-height:200px;overflow:auto;overflow-x:hidden;} .broadcast-red {background-color:#AA5544;color:white;padding:2px 4px;} .message-learn-canlearn {font-weight:bold;color:#228822;text-decoration:underline;} .message-learn-cannotlearn {font-weight:bold;color:#CC2222;text-decoration:underline;} .message-effect-weak {font-weight:bold;color:#CC2222;} .message-effect-resist {font-weight:bold;color:#6688AA;} .message-effect-immune {font-weight:bold;color:#666666;} .message-learn-list {margin-top:0;margin-bottom:0;} .message-throttle-notice, .message-error {color:#992222;} .message-overflow, .chat small.message-overflow {font-size:0pt;} .message-overflow::before {font-size:9pt;content:'...';} .subtle {color:#3A4A66;}
</style>
<div class="wrapper replay-wrapper" style="max-width:1180px;margin:0 auto">
<input type="hidden" name="replayid" value="pu-571680048" />
<div class="battle"></div><div class="battle-log"></div><div class="replay-controls"></div><div class="replay-controls-2"></div>
<h1 style="font-weight:normal;text-align:center"><strong>PU</strong><br /><a href="http://pokemonshowdown.com/users/hoblaph" class="subtle" target="_blank">hoblaph</a> vs. <a href="http://pokemonshowdown.com/users/rivalet" class="subtle" target="_blank">RivalET</a></h1>
<script type="text/plain" class="battle-log-data">|j|hoblaph
|j|RivalET
|player|p1|hoblaph|40
|player|p2|RivalET|126
|gametype|singles
|gen|6
|tier|PU
|seed|20969,53699,5544,4126
|rule|Sleep Clause Mod: Limit one foe put to sleep
|rule|Species Clause: Limit one of each Pokémon
|rule|OHKO Clause: OHKO moves are banned
|rule|Moody Clause: Moody is banned
|rule|Evasion Moves Clause: Evasion moves are banned
|rule|Endless Battle Clause: Forcing endless battles is banned
|rule|HP Percentage Mod: HP is shown in percentages
|clearpoke
|poke|p1|Chatot, F|item
|poke|p1|Zebstrika, F|item
|poke|p1|Swanna, M|item
|poke|p1|Golem, F|item
|poke|p1|Monferno, F|item
|poke|p1|Roselia, M|item
|poke|p2|Smeargle, M, shiny|item
|poke|p2|Cacturne, M|item
|poke|p2|Misdreavus, F|item
|poke|p2|Muk, M|item
|poke|p2|Golem, M|item
|poke|p2|Chatot, M|item
|rule|Swagger Clause: Swagger is banned
|rule|Baton Pass Clause: Limit one Baton Passer, can't pass Spe and other stats simultaneously
|teampreview
|j|quagsgone
|choice|team 1, team 2, team 3, team 4, team 5, team 6|team 1, team 2, team 3, team 4, team 5, team 6
|
|start
|switch|p1a: Chatot|Chatot, F|292\/292
|switch|p2a: The Donald|Smeargle, M, shiny|314\/314
|turn|1
|choice|move uturn|move darkvoid
|
|move|p1a: Chatot|U-turn|p2a: The Donald
|-damage|p2a: The Donald|248\/314
|j|ToasterCoaster
|choice|switch 2|
|
|switch|p1a: Zebstrika|Zebstrika, F|290\/290
|move|p2a: The Donald|Dark Void|p1a: Zebstrika
|-status|p1a: Zebstrika|slp
|
|upkeep
|turn|2
|choice|move hiddenpower|move spikes
|
|cant|p1a: Zebstrika|slp
|move|p2a: The Donald|Spikes|p1a: Zebstrika
|-sidestart|p1: hoblaph|Spikes
|
|upkeep
|turn|3
|choice|move thunderbolt|move spikes
|
|cant|p1a: Zebstrika|slp
|move|p2a: The Donald|Spikes|p1a: Zebstrika
|-sidestart|p1: hoblaph|Spikes
|
|upkeep
|turn|4
|choice|switch 3|move stickyweb
|
|switch|p1a: Swanna|Swanna, M|291\/291
|move|p2a: The Donald|Sticky Web|p1a: Swanna
|-sidestart|p1: hoblaph|move: Sticky Web
|
|upkeep
|turn|5
|choice|move defog|switch 6
|
|switch|p2a: Fiorina|Chatot, M|293\/293
|move|p1a: Swanna|Defog|p2a: Fiorina
|-unboost|p2a: Fiorina|evasion|1
|-sideend|p1: hoblaph|Spikes|[from] move: Defog|[of] p1a: Swanna
|-sideend|p1: hoblaph|Sticky Web|[from] move: Defog|[of] p1a: Swanna
|
|upkeep
|turn|6
|choice|move hurricane|move uturn
|
|move|p2a: Fiorina|U-turn|p1a: Swanna
|-resisted|p1a: Swanna
|-damage|p1a: Swanna|266\/291
|choice||switch 4
|
|switch|p2a: Jeb!|Muk, M|413\/413
|move|p1a: Swanna|Hurricane|p2a: Jeb!
|-damage|p2a: Jeb!|275\/413
|-start|p2a: Jeb!|confusion
|-damage|p1a: Swanna|237\/291|[from] item: Life Orb
|
|upkeep
|turn|7
|choice|switch 4|move icepunch
|
|switch|p1a: Golem|Golem, F|301\/301
|-activate|p2a: Jeb!|confusion
|-damage|p2a: Jeb!|213\/413|[from] confusion
|
|upkeep
|turn|8
|choice|move stealthrock|switch 3
|
|switch|p2a: Melania|Misdreavus, F|261\/261
|move|p1a: Golem|Stealth Rock|p2a: Melania
|-sidestart|p2: RivalET|move: Stealth Rock
|
|upkeep
|turn|9
|choice|switch 3|move shadowball
|
|switch|p1a: Zebstrika|Zebstrika, F|290\/290 slp
|move|p2a: Melania|Shadow Ball|p1a: Zebstrika
|-damage|p1a: Zebstrika|125\/290 slp
|
|upkeep
|turn|10
|choice|move thunderbolt|move shadowball
|
|cant|p1a: Zebstrika|slp
|move|p2a: Melania|Shadow Ball|p1a: Zebstrika
|-damage|p1a: Zebstrika|0 fnt
|faint|p1a: Zebstrika
|
|upkeep
|choice|switch 4|
|
|switch|p1a: Swanna|Swanna, M|237\/291
|turn|11
|choice|move hurricane|move shadowball
|
|move|p1a: Swanna|Hurricane|p2a: Melania
|-damage|p2a: Melania|109\/261
|-damage|p1a: Swanna|208\/291|[from] item: Life Orb
|move|p2a: Melania|Shadow Ball|p1a: Swanna
|-damage|p1a: Swanna|45\/291
|-unboost|p1a: Swanna|spd|1
|
|upkeep
|turn|12
|choice|move hurricane|switch 3
|
|switch|p2a: Jeb!|Muk, M|213\/413
|-damage|p2a: Jeb!|162\/413|[from] Stealth Rock
|move|p1a: Swanna|Hurricane|p2a: Jeb!
|-damage|p2a: Jeb!|37\/413
|-damage|p1a: Swanna|16\/291|[from] item: Life Orb
|
|upkeep
|turn|13
|choice|move scald|move shadowsneak
|
|move|p2a: Jeb!|Shadow Sneak|p1a: Swanna
|-damage|p1a: Swanna|0 fnt
|faint|p1a: Swanna
|
|upkeep
|choice|switch 2|
|
|switch|p1a: Chatot|Chatot, F|292\/292
|turn|14
|choice|move uturn|move icepunch
|
|move|p1a: Chatot|U-turn|p2a: Jeb!
|-resisted|p2a: Jeb!
|-damage|p2a: Jeb!|20\/413
|choice|switch 6|
|
|switch|p1a: Roselia|Roselia, M|303\/303
|move|p2a: Jeb!|Ice Punch|p1a: Roselia
|-supereffective|p1a: Roselia
|-damage|p1a: Roselia|77\/303
|
|upkeep
|turn|15
|choice|move sludgebomb|move icepunch
|
|move|p1a: Roselia|Sludge Bomb|p2a: Jeb!
|-resisted|p2a: Jeb!
|-damage|p2a: Jeb!|0 fnt
|faint|p2a: Jeb!
|
|upkeep
|choice||switch 3
|
|switch|p2a: Melania|Misdreavus, F|109\/261
|-damage|p2a: Melania|77\/261|[from] Stealth Rock
|turn|16
|choice|switch 6|move shadowball
|
|switch|p1a: Chatot|Chatot, F|292\/292
|move|p2a: Melania|Shadow Ball|p1a: Chatot
|-immune|p1a: Chatot|[msg]
|
|upkeep
|turn|17
|choice|move heatwave|move hiddenpower
|
|move|p1a: Chatot|Heat Wave|p2a: Melania
|-crit|p2a: Melania
|-damage|p2a: Melania|0 fnt
|faint|p2a: Melania
|
|upkeep
|choice||switch 6
|
|switch|p2a: The Donald|Smeargle, M, shiny|248\/314
|-damage|p2a: The Donald|209\/314|[from] Stealth Rock
|turn|18
|choice|switch 6|move darkvoid
|
|switch|p1a: Roselia|Roselia, M|77\/303
|move|p2a: The Donald|Dark Void|p1a: Roselia
|-status|p1a: Roselia|slp
|
|upkeep
|turn|19
|choice|switch 6|move spikes
|
|-curestatus|p1a: Roselia|slp|[from] ability: Natural Cure
|switch|p1a: Chatot|Chatot, F|292\/292
|move|p2a: The Donald|Spikes|p1a: Chatot
|-sidestart|p1: hoblaph|Spikes
|
|upkeep
|turn|20
|choice|move boomburst|move spikes
|
|move|p1a: Chatot|Boomburst|p2a: The Donald
|-damage|p2a: The Donald|0 fnt
|faint|p2a: The Donald
|
|upkeep
|choice||switch 5
|
|switch|p2a: Ben Carson|Golem, M|301\/301
|-damage|p2a: Ben Carson|283\/301|[from] Stealth Rock
|turn|21
|choice|switch 6|move stealthrock
|
|switch|p1a: Roselia|Roselia, M|77\/303
|-damage|p1a: Roselia|40\/303|[from] Spikes
|move|p2a: Ben Carson|Stealth Rock|p1a: Roselia
|-sidestart|p1: hoblaph|move: Stealth Rock
|
|upkeep
|turn|22
|choice|move sleeppowder|switch 2
|
|switch|p2a: Ted Cruz|Cacturne, M|281\/281
|-damage|p2a: Ted Cruz|246\/281|[from] Stealth Rock
|move|p1a: Roselia|Sleep Powder|p2a: Ted Cruz
|-immune|p2a: Ted Cruz|[msg]
|
|upkeep
|turn|23
|choice|move synthesis|move darkpulse
|
|move|p2a: Ted Cruz|Dark Pulse|p1a: Roselia
|-damage|p1a: Roselia|0 fnt
|-damage|p2a: Ted Cruz|218\/281|[from] item: Life Orb
|faint|p1a: Roselia
|
|upkeep
|choice|switch 5|
|
|switch|p1a: Monferno|Monferno, F|293\/293
|-damage|p1a: Monferno|257\/293|[from] Stealth Rock
|-damage|p1a: Monferno|221\/293|[from] Spikes
|turn|24
|choice|move closecombat|move focusblast
|
|move|p1a: Monferno|Close Combat|p2a: Ted Cruz
|-supereffective|p2a: Ted Cruz
|-damage|p2a: Ted Cruz|0 fnt
|-unboost|p1a: Monferno|def|1
|-unboost|p1a: Monferno|spd|1
|faint|p2a: Ted Cruz
|
|upkeep
|choice||switch 4
|
|switch|p2a: Fiorina|Chatot, M|293\/293
|-damage|p2a: Fiorina|220\/293|[from] Stealth Rock
|turn|25
|inactive|Battle timer is ON: inactive players will automatically lose when time's up. (requested by RivalET)
|choice|switch 3|move boomburst
|
|switch|p1a: Golem|Golem, F|301\/301
|-damage|p1a: Golem|264\/301|[from] Spikes
|-damage|p1a: Golem|246\/301|[from] Stealth Rock
|move|p2a: Fiorina|Boomburst|p1a: Golem
|-resisted|p1a: Golem
|-damage|p1a: Golem|114\/301
|
|upkeep
|turn|26
|choice|move suckerpunch|move boomburst
|
|move|p1a: Golem|Sucker Punch|p2a: Fiorina
|-damage|p2a: Fiorina|34\/293
|move|p2a: Fiorina|Boomburst|p1a: Golem
|-resisted|p1a: Golem
|-damage|p1a: Golem|0 fnt
|faint|p1a: Golem
|
|upkeep
|c|☆RivalET|ggs
|choice|switch 3|
|
|switch|p1a: Monferno|Monferno, F|221\/293
|-damage|p1a: Monferno|185\/293|[from] Spikes
|-damage|p1a: Monferno|149\/293|[from] Stealth Rock
|turn|27
|choice|move machpunch|move boomburst
|
|move|p1a: Monferno|Mach Punch|p2a: Fiorina
|-damage|p2a: Fiorina|0 fnt
|faint|p2a: Fiorina
|
|upkeep
|c|☆hoblaph|gg
|choice||switch 2
|
|switch|p2a: Ben Carson|Golem, M|283\/301
|-damage|p2a: Ben Carson|265\/301|[from] Stealth Rock
|turn|28
|choice|move closecombat|move earthquake
|
|move|p1a: Monferno|Close Combat|p2a: Ben Carson
|-supereffective|p2a: Ben Carson
|-damage|p2a: Ben Carson|1\/301
|-unboost|p1a: Monferno|def|1
|-unboost|p1a: Monferno|spd|1
|move|p2a: Ben Carson|Earthquake|p1a: Monferno
|-supereffective|p1a: Monferno
|-crit|p1a: Monferno
|-damage|p1a: Monferno|0 fnt
|faint|p1a: Monferno
|
|upkeep
|choice|switch 6|
|
|switch|p1a: Chatot|Chatot, F|292\/292
|-damage|p1a: Chatot|219\/292|[from] Stealth Rock
|turn|29
|c|☆RivalET|i'm custap so i win
|c|☆RivalET|but i gotto go to sleep anyways
|c|☆RivalET|and ur team is better than mine
|-message|RivalET forfeited.
|
|win|hoblaph
|l|RivalET
|c|☆hoblaph|have a good sleep then</script>
</div>
<div class="battle-log battle-log-inline"><div class="inner"><div class="battle-options"></div><div class="inner"><div class="chat"><small>hoblaph joined.</small></div><div class="chat"><small>RivalET joined.</small></div><div class=""><small>Format:</small> <br><strong>PU</strong></div><div class=""><small><em>Sleep Clause Mod:</em> Limit one foe put to sleep</small></div><div class=""><small><em>Species Clause:</em> Limit one of each Pokémon</small></div><div class=""><small><em>OHKO Clause:</em> OHKO moves are banned</small></div><div class=""><small><em>Moody Clause:</em> Moody is banned</small></div><div class=""><small><em>Evasion Moves Clause:</em> Evasion moves are banned</small></div><div class=""><small><em>Endless Battle Clause:</em> Forcing endless battles is banned</small></div><div class=""><small><em>HP Percentage Mod:</em> HP is shown in percentages</small></div><div class=""><small><em>Swagger Clause:</em> Swagger is banned</small></div><div class=""><small><em>Baton Pass Clause:</em> Limit one Baton Passer, can't pass Spe and other stats simultaneously</small></div><div class="chat battle-history"><strong>hoblaph's team:</strong> <em style="color:#445566;display:block;">Chatot / Zebstrika / Swanna / Golem / Monferno / Roselia</em></div><div class="chat battle-history"><strong>RivalET's team:</strong> <em style="color:#445566;display:block;">Smeargle / Cacturne / Misdreavus / Muk / Golem / Chatot</em></div><div class="chat"><small>quagsgone joined.</small></div><div class="spacer battle-history"><br></div><div class="battle-history">Battle started between hoblaph and RivalET!<br></div><div class="spacer battle-history"><br></div><div class="battle-history">Go! <strong>Chatot</strong>!<br></div><div class="spacer battle-history"><br></div><div class="battle-history">RivalET sent out The Donald (<strong>Smeargle</strong>)!<br></div><div class="spacer battle-history"><br></div><h2 class="battle-history">Turn 1</h2><div class="spacer battle-history"><br></div><div class="battle-history">Chatot used <strong>U-turn</strong>!<br></div><div class="battle-history"><small>(The opposing The Donald lost <abbr title="−66/314">21.0%</abbr> of its health!)</small><br></div><div class="chat"><small>ToasterCoaster joined.</small></div><div class="spacer battle-history"><br></div><div class="battle-history">Chatot went back to hoblaph!<br></div><div class="battle-history">Go! <strong>Zebstrika</strong>!<br></div><div class="spacer battle-history"><br></div><div class="battle-history">The opposing The Donald used <strong>Dark Void</strong>!<br></div><div class="battle-history"><small>Zebstrika fell asleep!</small><br></div><div class="spacer battle-history"><br></div><h2 class="battle-history">Turn 2</h2><div class="spacer battle-history"><br></div><div class="battle-history">Zebstrika is fast asleep.<br></div><div class="spacer battle-history"><br></div><div class="battle-history">The opposing The Donald used <strong>Spikes</strong>!<br></div><div class="battle-history"><small>Spikes were scattered on the ground all around your team!</small><br></div><div class="spacer battle-history"><br></div><h2 class="battle-history">Turn 3</h2><div class="spacer battle-history"><br></div><div class="battle-history">Zebstrika is fast asleep.<br></div><div class="spacer battle-history"><br></div><div class="battle-history">The opposing The Donald used <strong>Spikes</strong>!<br></div><div class="battle-history"><small>Spikes were scattered on the ground all around your team!</small><br></div><div class="spacer battle-history"><br></div><h2 class="battle-history">Turn 4</h2><div class="spacer battle-history"><br></div><div class="battle-history">Zebstrika, come back!<br></div><div class="battle-history">Go! <strong>Swanna</strong>!<br></div><div class="spacer battle-history"><br></div><div class="battle-history">The opposing The Donald used <strong>Sticky Web</strong>!<br></div><div class="battle-history"><small>A sticky web spreads out on the ground around your team!</small><br></div><div class="spacer battle-history"><br></div><h2 class="battle-history">Turn 5</h2><div class="spacer battle-history"><br></div><div class="battle-history">RivalET withdrew The Donald!<br></div><div class="battle-history">RivalET sent out Fiorina (<strong>Chatot</strong>)!<br></div><div class="spacer battle-history"><br></div><div class="battle-history">Swanna used <strong>Defog</strong>!<br></div><div class="battle-history"><small>The opposing Fiorina's evasiveness fell!</small><br></div><div class="battle-history"><small>The spikes disappeared from the ground around your team!</small><br></div><div class="battle-history"><small>The sticky web has disappeared from the ground around your team!</small><br></div><div class="spacer battle-history"><br></div><h2 class="battle-history">Turn 6</h2><div class="spacer battle-history"><br></div><div class="battle-history">The opposing Fiorina used <strong>U-turn</strong>!<br></div><div class="battle-history"><small>It's not very effective...</small><br></div><div class="battle-history"><small>(Swanna lost <abbr title="−25/291">8.6%</abbr> of its health!)</small><br></div><div class="spacer battle-history"><br></div><div class="battle-history">The opposing Fiorina went back to RivalET!<br></div><div class="battle-history">RivalET sent out Jeb! (<strong>Muk</strong>)!<br></div><div class="spacer battle-history"><br></div><div class="battle-history">Swanna used <strong>Hurricane</strong>!<br></div><div class="battle-history"><small>(The opposing Jeb! lost <abbr title="−138/413">33.4%</abbr> of its health!)</small><br></div><div class="battle-history"><small>The opposing Jeb! became confused!</small><br></div><div class="battle-history"><small>Swanna lost some of its HP!</small><br></div><div class="spacer battle-history"><br></div><h2 class="battle-history">Turn 7</h2><div class="spacer battle-history"><br></div><div class="battle-history">Swanna, come back!<br></div><div class="battle-history">Go! <strong>Golem</strong>!<br></div><div class="spacer battle-history"><br></div><div class="battle-history"><small>The opposing Jeb! is confused!</small><br></div><div class="battle-history">It hurt itself in its confusion!<br></div><div class="spacer battle-history"><br></div><h2 class="battle-history">Turn 8</h2><div class="spacer battle-history"><br></div><div class="battle-history">RivalET withdrew Jeb!!<br></div><div class="battle-history">RivalET sent out Melania (<strong>Misdreavus</strong>)!<br></div><div class="spacer battle-history"><br></div><div class="battle-history">Golem used <strong>Stealth Rock</strong>!<br></div><div class="battle-history"><small>Pointed stones float in the air around the opposing team!</small><br></div><div class="spacer battle-history"><br></div><h2 class="battle-history">Turn 9</h2><div class="spacer battle-history"><br></div><div class="battle-history">Golem, come back!<br></div><div class="battle-history">Go! <strong>Zebstrika</strong>!<br></div><div class="spacer battle-history"><br></div><div class="battle-history">The opposing Melania used <strong>Shadow Ball</strong>!<br></div><div class="battle-history"><small>(Zebstrika lost <abbr title="−165/290">56.9%</abbr> of its health!)</small><br></div><div class="spacer battle-history"><br></div><h2 class="battle-history">Turn 10</h2><div class="spacer battle-history"><br></div><div class="battle-history">Zebstrika is fast asleep.<br></div><div class="spacer battle-history"><br></div><div class="battle-history">The opposing Melania used <strong>Shadow Ball</strong>!<br></div><div class="battle-history"><small>(Zebstrika lost <abbr title="−125/290">43.1%</abbr> of its health!)</small><br></div><div class="spacer battle-history"><br></div><div class="battle-history">Zebstrika fainted!<br></div><div class="spacer battle-history"><br></div><div class="battle-history">Go! <strong>Swanna</strong>!<br></div><div class="spacer battle-history"><br></div><h2 class="battle-history">Turn 11</h2><div class="spacer battle-history"><br></div><div class="battle-history">Swanna used <strong>Hurricane</strong>!<br></div><div class="battle-history"><small>(The opposing Melania lost <abbr title="−152/261">58.2%</abbr> of its health!)</small><br></div><div class="battle-history"><small>Swanna lost some of its HP!</small><br></div><div class="spacer battle-history"><br></div><div class="battle-history">The opposing Melania used <strong>Shadow Ball</strong>!<br></div><div class="battle-history"><small>(Swanna lost <abbr title="−163/291">56.0%</abbr> of its health!)</small><br></div><div class="battle-history"><small>Swanna's Special Defense fell!</small><br></div><div class="spacer battle-history"><br></div><h2 class="battle-history">Turn 12</h2><div class="spacer battle-history"><br></div><div class="battle-history">RivalET withdrew Melania!<br></div><div class="battle-history">RivalET sent out Jeb! (<strong>Muk</strong>)!<br></div><div class="battle-history"><small>Pointed stones dug into the opposing Jeb!!</small><br></div><div class="spacer battle-history"><br></div><div class="battle-history">Swanna used <strong>Hurricane</strong>!<br></div><div class="battle-history"><small>(The opposing Jeb! lost <abbr title="−125/413">30.3%</abbr> of its health!)</small><br></div><div class="battle-history"><small>Swanna lost some of its HP!</small><br></div><div class="spacer battle-history"><br></div><h2 class="battle-history">Turn 13</h2><div class="spacer battle-history"><br></div><div class="battle-history">The opposing Jeb! used <strong>Shadow Sneak</strong>!<br></div><div class="battle-history"><small>(Swanna lost <abbr title="−16/291">5.5%</abbr> of its health!)</small><br></div><div class="spacer battle-history"><br></div><div class="battle-history">Swanna fainted!<br></div><div class="spacer battle-history"><br></div><div class="battle-history">Go! <strong>Chatot</strong>!<br></div><div class="spacer battle-history"><br></div><h2 class="battle-history">Turn 14</h2><div class="spacer battle-history"><br></div><div class="battle-history">Chatot used <strong>U-turn</strong>!<br></div><div class="battle-history"><small>It's not very effective...</small><br></div><div class="battle-history"><small>(The opposing Jeb! lost <abbr title="−17/413">4.1%</abbr> of its health!)</small><br></div><div class="spacer battle-history"><br></div><div class="battle-history">Chatot went back to hoblaph!<br></div><div class="battle-history">Go! <strong>Roselia</strong>!<br></div><div class="spacer battle-history"><br></div><div class="battle-history">The opposing Jeb! used <strong>Ice Punch</strong>!<br></div><div class="battle-history"><small>It's super effective!</small><br></div><div class="battle-history"><small>(Roselia lost <abbr title="−226/303">74.6%</abbr> of its health!)</small><br></div><div class="spacer battle-history"><br></div><h2 class="battle-history">Turn 15</h2><div class="spacer battle-history"><br></div><div class="battle-history">Roselia used <strong>Sludge Bomb</strong>!<br></div><div class="battle-history"><small>It's not very effective...</small><br></div><div class="battle-history"><small>(The opposing Jeb! lost <abbr title="−20/413">4.8%</abbr> of its health!)</small><br></div><div class="spacer battle-history"><br></div><div class="battle-history">The opposing Jeb! fainted!<br></div><div class="spacer battle-history"><br></div><div class="battle-history">RivalET sent out Melania (<strong>Misdreavus</strong>)!<br></div><div class="battle-history"><small>Pointed stones dug into the opposing Melania!</small><br></div><div class="spacer battle-history"><br></div><h2 class="battle-history">Turn 16</h2><div class="spacer battle-history"><br></div><div class="battle-history">Roselia, come back!<br></div><div class="battle-history">Go! <strong>Chatot</strong>!<br></div><div class="spacer battle-history"><br></div><div class="battle-history">The opposing Melania used <strong>Shadow Ball</strong>!<br></div><div class="battle-history"><small>It doesn't affect Chatot...</small><br></div><div class="spacer battle-history"><br></div><h2 class="battle-history">Turn 17</h2><div class="spacer battle-history"><br></div><div class="battle-history">Chatot used <strong>Heat Wave</strong>!<br></div><div class="battle-history"><small>A critical hit!</small><br></div><div class="battle-history"><small>(The opposing Melania lost <abbr title="−77/261">29.5%</abbr> of its health!)</small><br></div><div class="spacer battle-history"><br></div><div class="battle-history">The opposing Melania fainted!<br></div><div class="spacer battle-history"><br></div><div class="battle-history">RivalET sent out The Donald (<strong>Smeargle</strong>)!<br></div><div class="battle-history"><small>Pointed stones dug into the opposing The Donald!</small><br></div><div class="spacer battle-history"><br></div><h2 class="battle-history">Turn 18</h2><div class="spacer battle-history"><br></div><div class="battle-history">Chatot, come back!<br></div><div class="battle-history">Go! <strong>Roselia</strong>!<br></div><div class="spacer battle-history"><br></div><div class="battle-history">The opposing The Donald used <strong>Dark Void</strong>!<br></div><div class="battle-history"><small>Roselia fell asleep!</small><br></div><div class="spacer battle-history"><br></div><h2 class="battle-history">Turn 19</h2><div class="spacer battle-history"><br></div><div class="battle-history"><small>(Roselia is cured by its Natural Cure!)</small><br></div><div class="battle-history">Roselia, come back!<br></div><div class="battle-history">Go! <strong>Chatot</strong>!<br></div><div class="spacer battle-history"><br></div><div class="battle-history">The opposing The Donald used <strong>Spikes</strong>!<br></div><div class="battle-history"><small>Spikes were scattered on the ground all around your team!</small><br></div><div class="spacer battle-history"><br></div><h2 class="battle-history">Turn 20</h2><div class="spacer battle-history"><br></div><div class="battle-history">Chatot used <strong>Boomburst</strong>!<br></div><div class="battle-history"><small>(The opposing The Donald lost <abbr title="−209/314">66.6%</abbr> of its health!)</small><br></div><div class="spacer battle-history"><br></div><div class="battle-history">The opposing The Donald fainted!<br></div><div class="spacer battle-history"><br></div><div class="battle-history">RivalET sent out Ben Carson (<strong>Golem</strong>)!<br></div><div class="battle-history"><small>Pointed stones dug into the opposing Ben Carson!</small><br></div><div class="spacer battle-history"><br></div><h2 class="battle-history">Turn 21</h2><div class="spacer battle-history"><br></div><div class="battle-history">Chatot, come back!<br></div><div class="battle-history">Go! <strong>Roselia</strong>!<br></div><div class="battle-history"><small>Roselia is hurt by the spikes!</small><br></div><div class="spacer battle-history"><br></div><div class="battle-history">The opposing Ben Carson used <strong>Stealth Rock</strong>!<br></div><div class="battle-history"><small>Pointed stones float in the air around your team!</small><br></div><div class="spacer battle-history"><br></div><h2 class="battle-history">Turn 22</h2><div class="spacer battle-history"><br></div><div class="battle-history">RivalET withdrew Ben Carson!<br></div><div class="battle-history">RivalET sent out Ted Cruz (<strong>Cacturne</strong>)!<br></div><div class="battle-history"><small>Pointed stones dug into the opposing Ted Cruz!</small><br></div><div class="spacer battle-history"><br></div><div class="battle-history">Roselia used <strong>Sleep Powder</strong>!<br></div><div class="battle-history"><small>It doesn't affect the opposing Ted Cruz...</small><br></div><div class="spacer battle-history"><br></div><h2 class="battle-history">Turn 23</h2><div class="spacer battle-history"><br></div><div class="battle-history">The opposing Ted Cruz used <strong>Dark Pulse</strong>!<br></div><div class="battle-history"><small>(Roselia lost <abbr title="−40/303">13.2%</abbr> of its health!)</small><br></div><div class="battle-history"><small>The opposing Ted Cruz lost some of its HP!</small><br></div><div class="spacer battle-history"><br></div><div class="battle-history">Roselia fainted!<br></div><div class="spacer battle-history"><br></div><div class="battle-history">Go! <strong>Monferno</strong>!<br></div><div class="battle-history"><small>Pointed stones dug into Monferno!</small><br></div><div class="battle-history"><small>Monferno is hurt by the spikes!</small><br></div><div class="spacer battle-history"><br></div><h2 class="battle-history">Turn 24</h2><div class="spacer battle-history"><br></div><div class="battle-history">Monferno used <strong>Close Combat</strong>!<br></div><div class="battle-history"><small>It's super effective!</small><br></div><div class="battle-history"><small>(The opposing Ted Cruz lost <abbr title="−218/281">77.6%</abbr> of its health!)</small><br></div><div class="battle-history"><small>Monferno's Defense fell!</small><br></div><div class="battle-history"><small>Monferno's Special Defense fell!</small><br></div><div class="spacer battle-history"><br></div><div class="battle-history">The opposing Ted Cruz fainted!<br></div><div class="spacer battle-history"><br></div><div class="battle-history">RivalET sent out Fiorina (<strong>Chatot</strong>)!<br></div><div class="battle-history"><small>Pointed stones dug into the opposing Fiorina!</small><br></div><div class="spacer battle-history"><br></div><h2 class="battle-history">Turn 25</h2><div class="chat message-error">Battle timer is ON: inactive players will automatically lose when time's up. (requested by RivalET)</div><div class="spacer battle-history"><br></div><div class="battle-history">Monferno, come back!<br></div><div class="battle-history">Go! <strong>Golem</strong>!<br></div><div class="battle-history"><small>Golem is hurt by the spikes!</small><br></div><div class="battle-history"><small>Pointed stones dug into Golem!</small><br></div><div class="spacer battle-history"><br></div><div class="battle-history">The opposing Fiorina used <strong>Boomburst</strong>!<br></div><div class="battle-history"><small>It's not very effective...</small><br></div><div class="battle-history"><small>(Golem lost <abbr title="−132/301">43.9%</abbr> of its health!)</small><br></div><div class="spacer battle-history"><br></div><h2 class="battle-history">Turn 26</h2><div class="spacer battle-history"><br></div><div class="battle-history">Golem used <strong>Sucker Punch</strong>!<br></div><div class="battle-history"><small>(The opposing Fiorina lost <abbr title="−186/293">63.5%</abbr> of its health!)</small><br></div><div class="spacer battle-history"><br></div><div class="battle-history">The opposing Fiorina used <strong>Boomburst</strong>!<br></div><div class="battle-history"><small>It's not very effective...</small><br></div><div class="battle-history"><small>(Golem lost <abbr title="−114/301">37.9%</abbr> of its health!)</small><br></div><div class="spacer battle-history"><br></div><div class="battle-history">Golem fainted!<br></div><div class="chat chatmessage-rivalet"><strong style="color:hsl(1,69%,49.320757446718204%)"><small>☆</small><span class="username" data-name="RivalET">RivalET</span>:</strong> <em>ggs</em></div><div class="spacer battle-history"><br></div><div class="battle-history">Go! <strong>Monferno</strong>!<br></div><div class="battle-history"><small>Monferno is hurt by the spikes!</small><br></div><div class="battle-history"><small>Pointed stones dug into Monferno!</small><br></div><div class="spacer battle-history"><br></div><h2 class="battle-history">Turn 27</h2><div class="spacer battle-history"><br></div><div class="battle-history">Monferno used <strong>Mach Punch</strong>!<br></div><div class="battle-history"><small>(The opposing Fiorina lost <abbr title="−34/293">11.6%</abbr> of its health!)</small><br></div><div class="spacer battle-history"><br></div><div class="battle-history">The opposing Fiorina fainted!<br></div><div class="chat chatmessage-hoblaph"><strong style="color:hsl(304,55%,44%)"><small>☆</small><span class="username" data-name="hoblaph">hoblaph</span>:</strong> <em>gg</em></div><div class="spacer battle-history"><br></div><div class="battle-history">RivalET sent out Ben Carson (<strong>Golem</strong>)!<br></div><div class="battle-history"><small>Pointed stones dug into the opposing Ben Carson!</small><br></div><div class="spacer battle-history"><br></div><h2 class="battle-history">Turn 28</h2><div class="spacer battle-history"><br></div><div class="battle-history">Monferno used <strong>Close Combat</strong>!<br></div><div class="battle-history"><small>It's super effective!</small><br></div><div class="battle-history"><small>(The opposing Ben Carson lost <abbr title="−264/301">87.7%</abbr> of its health!)</small><br></div><div class="battle-history"><small>Monferno's Defense fell!</small><br></div><div class="battle-history"><small>Monferno's Special Defense fell!</small><br></div><div class="spacer battle-history"><br></div><div class="battle-history">The opposing Ben Carson used <strong>Earthquake</strong>!<br></div><div class="battle-history"><small>It's super effective!</small><br></div><div class="battle-history"><small>A critical hit!</small><br></div><div class="battle-history"><small>(Monferno lost <abbr title="−149/293">50.9%</abbr> of its health!)</small><br></div><div class="spacer battle-history"><br></div><div class="battle-history">Monferno fainted!<br></div><div class="spacer battle-history"><br></div><div class="battle-history">Go! <strong>Chatot</strong>!<br></div><div class="battle-history"><small>Pointed stones dug into Chatot!</small><br></div><div class="spacer battle-history"><br></div><h2 class="battle-history">Turn 29</h2><div class="chat chatmessage-rivalet"><strong style="color:hsl(1,69%,49.320757446718204%)"><small>☆</small><span class="username" data-name="RivalET">RivalET</span>:</strong> <em>i'm custap so i win</em></div><div class="chat chatmessage-rivalet"><strong style="color:hsl(1,69%,49.320757446718204%)"><small>☆</small><span class="username" data-name="RivalET">RivalET</span>:</strong> <em>but i gotto go to sleep anyways</em></div><div class="chat chatmessage-rivalet"><strong style="color:hsl(1,69%,49.320757446718204%)"><small>☆</small><span class="username" data-name="RivalET">RivalET</span>:</strong> <em>and ur team is better than mine</em></div><div class="spacer battle-history"><br></div><div class="battle-history"><small>RivalET forfeited.</small><br></div><div class="spacer battle-history"><br></div><div class="battle-history"><strong>hoblaph</strong> won the battle!<br></div><div class="chat"><small>RivalET left.</small></div><div class="chat chatmessage-hoblaph"><strong style="color:hsl(304,55%,44%)"><small>☆</small><span class="username" data-name="hoblaph">hoblaph</span>:</strong> <em>have a good sleep then</em></div></div><div class="inner-preempt"></div></div></div>
</div>
<script>
let daily = Math.floor(Date.now()/1000/60/60/24);document.write('<script src="https://play.pokemonshowdown.com/js/replay-embed.js?version'+daily+'"></'+'script>');
</script>
