<!DOCTYPE html>
<meta charset="utf-8" />
<!-- version 1 -->
<title>PU replay: xose12 vs. Pepa120︻デ┳═ー</title>
<style>
html,body {font-family:Verdana, sans-serif;font-size:10pt;margin:0;padding:0;}body{padding:12px 0;} .battle-log {font-family:Verdana, sans-serif;font-size:10pt;} .battle-log-inline {border:1px solid #AAAAAA;background:#EEF2F5;color:black;max-width:640px;margin:0 auto 80px;padding-bottom:5px;} .battle-log .inner {padding:4px 8px 0px 8px;} .battle-log .inner-preempt {padding:0 8px 4px 8px;} .battle-log .inner-after {margin-top:0.5em;} .battle-log h2 {margin:0.5em -8px;padding:4px 8px;border:1px solid #AAAAAA;background:#E0E7EA;border-left:0;border-right:0;font-family:Verdana, sans-serif;font-size:13pt;} .battle-log .chat {vertical-align:middle;padding:3px 0 3px 0;font-size:8pt;} .battle-log .chat strong {color:#40576A;} .battle-log .chat em {padding:1px 4px 1px 3px;color:#000000;font-style:normal;} .chat.mine {background:rgba(0,0,0,0.05);margin-left:-8px;margin-right:-8px;padding-left:8px;padding-right:8px;} .spoiler {color:#BBBBBB;background:#BBBBBB;padding:0px 3px;} .spoiler:hover, .spoiler:active, .spoiler-shown {color:#000000;background:#E2E2E2;padding:0px 3px;} .spoiler a {color:#BBBBBB;} .spoiler:hover a, .spoiler:active a, .spoiler-shown a {color:#2288CC;} .chat code, .chat .spoiler:hover code, .chat .spoiler:active code, .chat .spoiler-shown code {border:1px solid #C0C0C0;background:#EEEEEE;color:black;padding:0 2px;} .chat .spoiler code {border:1px solid #CCCCCC;background:#CCCCCC;color:#CCCCCC;} .battle-log .rated {padding:3px 4px;} .battle-log .rated strong {color:white;background:#89A;padding:1px 4px;border-radius:4px;} .spacer {margin-top:0.5em;} .message-announce {background:#6688AA;color:white;padding:1px 4px 2px;} .message-announce a, .broadcast-green a, .broadcast-blue a, .broadcast-red a {color:#DDEEFF;} .broadcast-green {background-color:#559955;color:white;padding:2px 4px;} .broadcast-blue {background-color:#6688AA;color:white;padding:2px 4px;} .infobox {border:1px solid #6688AA;padding:2px 4px;} .infobox-limited {max-height:200px;overflow:auto;overflow-x:hidden;} .broadcast-red {background-color:#AA5544;color:white;padding:2px 4px;} .message-learn-canlearn {font-weight:bold;color:#228822;text-decoration:underline;} .message-learn-cannotlearn {font-weight:bold;color:#CC2222;text-decoration:underline;} .message-effect-weak {font-weight:bold;color:#CC2222;} .message-effect-resist {font-weight:bold;color:#6688AA;} .message-effect-immune {font-weight:bold;color:#666666;} .message-learn-list {margin-top:0;margin-bottom:0;} .message-throttle-notice, .message-error {color:#992222;} .message-overflow, .chat small.message-overflow {font-size:0pt;} .message-overflow::before {font-size:9pt;content:'...';} .subtle {color:#3A4A66;}
</style>
<div class="wrapper replay-wrapper" style="max-width:1180px;margin:0 auto">
<input type="hidden" name="replayid" value="pu-571498169" />
<div class="battle"></div><div class="battle-log"></div><div class="replay-controls"></div><div class="replay-controls-2"></div>
<h1 style="font-weight:normal;text-align:center"><strong>PU</strong><br /><a href="http://pokemonshowdown.com/users/xose12" class="subtle" target="_blank">xose12</a> vs. <a href="http://pokemonshowdown.com/users/pepa120" class="subtle" target="_blank">Pepa120︻デ┳═ー</a></h1>
<script type="text/plain" class="battle-log-data">|j|xose12
|j|Pepa120︻デ┳═ー
|player|p1|xose12|265
|player|p2|Pepa120︻デ┳═ー|163
|gametype|singles
|gen|6
|tier|PU
|seed|23607,37130,58026,59907
|rule|Sleep Clause Mod: Limit one foe put to sleep
|rule|Species Clause: Limit one of each Pokémon
|rule|OHKO Clause: OHKO moves are banned
|rule|Moody Clause: Moody is banned
|rule|Evasion Moves Clause: Evasion moves are banned
|rule|Endless Battle Clause: Forcing endless battles is banned
|rule|HP Percentage Mod: HP is shown in percentages
|clearpoke
|poke|p1|Kricketune, F|item
|poke|p1|Marowak, M|item
|poke|p1|Camerupt, F|item
|poke|p1|Ursaring, M|item
|poke|p1|Misdreavus, M|item
|poke|p1|Luxray, M|item
|poke|p2|Stoutland, F|item
|poke|p2|Kadabra, F|item
|poke|p2|Mightyena, M|item
|poke|p2|Dusknoir, M|item
|poke|p2|Jumpluff, F|
|poke|p2|Golem, F|item
|rule|Swagger Clause: Swagger is banned
|rule|Baton Pass Clause: Limit one Baton Passer, can't pass Spe and other stats simultaneously
|teampreview
|c|☆Pepa120︻デ┳═ー|GLHF
|choice|team 1, team 2, team 3, team 4, team 5, team 6|team 6, team 2, team 3, team 4, team 5, team 1
|
|start
|switch|p1a: Kricketune|Kricketune, F|295\/295
|switch|p2a: GOLEMO|Golem, F|301\/301
|turn|1
|choice|move stickyweb|move earthquake
|
|move|p1a: Kricketune|Sticky Web|p2a: GOLEMO
|-sidestart|p2: Pepa120︻デ┳═ー|move: Sticky Web
|move|p2a: GOLEMO|Earthquake|p1a: Kricketune
|-resisted|p1a: Kricketune
|-damage|p1a: Kricketune|157\/295
|
|upkeep
|turn|2
|choice|move taunt|move stoneedge
|
|move|p1a: Kricketune|Taunt|p2a: GOLEMO
|-start|p2a: GOLEMO|move: Taunt
|move|p2a: GOLEMO|Stone Edge|p1a: Kricketune
|-supereffective|p1a: Kricketune
|-damage|p1a: Kricketune|0 fnt
|faint|p1a: Kricketune
|
|upkeep
|c|☆Pepa120︻デ┳═ー|!weak kricketune
|html|<div class="infobox">Kricketune (ignoring abilities):<br \/><span class="message-effect-weak">Weaknesses<\/span>: Fire, Flying, Rock<br \/><span class="message-effect-resist">Resistances<\/span>: Fighting, Grass, Ground<br \/><span class="message-effect-immune">Immunities<\/span>: <font color=#999999>None<\/font><\/div>
|choice|switch 4|
|
|switch|p1a: Ursaring|Ursaring, M|321\/321
|turn|3
|choice|move closecombat|move stoneedge
|
|move|p1a: Ursaring|Close Combat|p2a: GOLEMO
|-supereffective|p2a: GOLEMO
|-damage|p2a: GOLEMO|79\/301
|-unboost|p1a: Ursaring|def|1
|-unboost|p1a: Ursaring|spd|1
|move|p2a: GOLEMO|Stone Edge|p1a: Ursaring
|-damage|p1a: Ursaring|0 fnt
|faint|p1a: Ursaring
|
|upkeep
|choice|switch 6|
|
|switch|p1a: Luxray|Luxray, M|301\/301
|-ability|p1a: Luxray|Intimidate|boost
|-unboost|p2a: GOLEMO|atk|1
|turn|4
|choice|move superpower|move explosion
|
|move|p1a: Luxray|Superpower|p2a: GOLEMO
|-supereffective|p2a: GOLEMO
|-damage|p2a: GOLEMO|0 fnt
|-unboost|p1a: Luxray|atk|1
|-unboost|p1a: Luxray|def|1
|faint|p2a: GOLEMO
|
|upkeep
|choice||switch 4
|
|switch|p2a: SFONDARE|Dusknoir, M|275\/275
|-activate|p2a: SFONDARE|move: Sticky Web
|-unboost|p2a: SFONDARE|spe|1
|-item|p1a: Luxray|Choice Band|[from] ability: Frisk|[of] p2a: SFONDARE|[identify]
|turn|5
|choice|switch 5|move earthquake
|
|switch|p1a: Misdreavus|Misdreavus, M|261\/261
|move|p2a: SFONDARE|Earthquake|p1a: Misdreavus
|-immune|p1a: Misdreavus|[msg]|[from] ability: Levitate
|
|upkeep
|turn|6
|choice|move nastyplot|switch 2
|
|switch|p2a: MAZZATE|Kadabra, F|221\/221
|-activate|p2a: MAZZATE|move: Sticky Web
|-unboost|p2a: MAZZATE|spe|1
|move|p1a: Misdreavus|Nasty Plot|p1a: Misdreavus
|-boost|p1a: Misdreavus|spa|2
|
|upkeep
|turn|7
|choice|move shadowball|move shadowball
|
|move|p1a: Misdreavus|Shadow Ball|p2a: MAZZATE
|-supereffective|p2a: MAZZATE
|-enditem|p2a: MAZZATE|Focus Sash
|-damage|p2a: MAZZATE|1\/221
|move|p2a: MAZZATE|Shadow Ball|p1a: Misdreavus
|-supereffective|p1a: Misdreavus
|-damage|p1a: Misdreavus|111\/261
|
|upkeep
|turn|8
|choice|move shadowball|move shadowball
|
|move|p1a: Misdreavus|Shadow Ball|p2a: MAZZATE
|-supereffective|p2a: MAZZATE
|-damage|p2a: MAZZATE|0 fnt
|faint|p2a: MAZZATE
|
|upkeep
|c|☆Pepa120︻デ┳═ー|misdreavus very strong rare and very hard to get in gen3
|choice||switch 3
|
|switch|p2a: PICCHIARE|Mightyena, M|281\/281
|-activate|p2a: PICCHIARE|move: Sticky Web
|-unboost|p2a: PICCHIARE|spe|1
|turn|9
|choice|move hiddenpower|move suckerpunch
|
|move|p2a: PICCHIARE|Sucker Punch|p1a: Misdreavus
|-supereffective|p1a: Misdreavus
|-crit|p1a: Misdreavus
|-damage|p1a: Misdreavus|0 fnt
|-damage|p2a: PICCHIARE|253\/281|[from] item: Life Orb
|faint|p1a: Misdreavus
|-ability|p2a: PICCHIARE|Moxie|boost
|-boost|p2a: PICCHIARE|atk|1
|
|upkeep
|choice|switch 5|
|
|switch|p1a: Luxray|Luxray, M|301\/301
|-ability|p1a: Luxray|Intimidate|boost
|-unboost|p2a: PICCHIARE|atk|1
|turn|10
|choice|move crunch|move playrough
|
|move|p1a: Luxray|Crunch|p2a: PICCHIARE
|-resisted|p2a: PICCHIARE
|-damage|p2a: PICCHIARE|154\/281
|move|p2a: PICCHIARE|Play Rough|p1a: Luxray
|-damage|p1a: Luxray|165\/301
|-unboost|p1a: Luxray|atk|1
|-damage|p2a: PICCHIARE|126\/281|[from] item: Life Orb
|
|upkeep
|turn|11
|choice|switch 2|move playrough
|
|switch|p1a: Marowak|Marowak, M|261\/261
|move|p2a: PICCHIARE|Play Rough|p1a: Marowak
|-damage|p1a: Marowak|152\/261
|-damage|p2a: PICCHIARE|98\/281|[from] item: Life Orb
|
|upkeep
|turn|12
|choice|move bonemerang|move suckerpunch
|
|move|p2a: PICCHIARE|Sucker Punch|p1a: Marowak
|-damage|p1a: Marowak|12\/261
|-damage|p2a: PICCHIARE|70\/281|[from] item: Life Orb
|move|p1a: Marowak|Bonemerang|p2a: PICCHIARE
|-damage|p2a: PICCHIARE|0 fnt
|-hitcount|p2a: PICCHIARE|1
|faint|p2a: PICCHIARE
|
|upkeep
|choice||switch 2
|
|switch|p2a: SFONDARE|Dusknoir, M|275\/275
|-activate|p2a: SFONDARE|move: Sticky Web
|-unboost|p2a: SFONDARE|spe|1
|-item|p1a: Marowak|Thick Club|[from] ability: Frisk|[of] p2a: SFONDARE|[identify]
|turn|13
|choice|move knockoff|move earthquake
|
|move|p1a: Marowak|Knock Off|p2a: SFONDARE
|-supereffective|p2a: SFONDARE
|-damage|p2a: SFONDARE|9\/275
|-enditem|p2a: SFONDARE|Choice Band|[from] move: Knock Off|[of] p1a: Marowak
|move|p2a: SFONDARE|Earthquake|p1a: Marowak
|-crit|p1a: Marowak
|-damage|p1a: Marowak|0 fnt
|faint|p1a: Marowak
|
|upkeep
|choice|switch 2|
|
|switch|p1a: Luxray|Luxray, M|165\/301
|-ability|p1a: Luxray|Intimidate|boost
|-unboost|p2a: SFONDARE|atk|1
|turn|14
|choice|move voltswitch|move earthquake
|
|move|p1a: Luxray|Volt Switch|p2a: SFONDARE
|-damage|p2a: SFONDARE|0 fnt
|faint|p2a: SFONDARE
|choice|switch 3|
|
|switch|p1a: Camerupt|Camerupt, F|281\/281
|
|upkeep
|choice||switch 6
|
|switch|p2a: LEGNATE|Stoutland, F|311\/311
|-activate|p2a: LEGNATE|move: Sticky Web
|-unboost|p2a: LEGNATE|spe|1
|turn|15
|choice|move eruption|move superpower
|
|move|p1a: Camerupt|Eruption|p2a: LEGNATE
|-crit|p2a: LEGNATE
|-damage|p2a: LEGNATE|0 fnt
|faint|p2a: LEGNATE
|
|upkeep
|choice||switch 5
|
|switch|p2a: MADOO|Jumpluff, F|291\/291
|turn|16
|choice|move eruption|move sleeppowder
|
|move|p2a: MADOO|Sleep Powder|p1a: Camerupt
|-status|p1a: Camerupt|slp
|cant|p1a: Camerupt|slp
|
|upkeep
|turn|17
|choice|move eruption|move acrobatics
|
|move|p2a: MADOO|Acrobatics|p1a: Camerupt
|-damage|p1a: Camerupt|130\/281 slp
|cant|p1a: Camerupt|slp
|
|upkeep
|turn|18
|choice|switch 3|move acrobatics
|
|switch|p1a: Luxray|Luxray, M|165\/301
|-ability|p1a: Luxray|Intimidate|boost
|-unboost|p2a: MADOO|atk|1
|move|p2a: MADOO|Acrobatics|p1a: Luxray
|-resisted|p1a: Luxray
|-damage|p1a: Luxray|123\/301
|
|upkeep
|turn|19
|choice|move superpower|move sleeppowder
|
|move|p2a: MADOO|Sleep Powder|p1a: Luxray
|-message|Sleep Clause Mod activated.
|move|p1a: Luxray|Superpower|p2a: MADOO
|-resisted|p2a: MADOO
|-damage|p2a: MADOO|139\/291
|-unboost|p1a: Luxray|atk|1
|-unboost|p1a: Luxray|def|1
|
|upkeep
|turn|20
|choice|move superpower|move uturn
|
|move|p2a: MADOO|U-turn|p1a: Luxray
|-damage|p1a: Luxray|68\/301
|move|p1a: Luxray|Superpower|p2a: MADOO
|-resisted|p2a: MADOO
|-damage|p2a: MADOO|41\/291
|-unboost|p1a: Luxray|atk|1
|-unboost|p1a: Luxray|def|1
|
|upkeep
|turn|21
|choice|move superpower|move uturn
|
|move|p2a: MADOO|U-turn|p1a: Luxray
|-damage|p1a: Luxray|0 fnt
|faint|p1a: Luxray
|
|upkeep
|choice|switch 3|
|
|switch|p1a: Camerupt|Camerupt, F|130\/281 slp
|turn|22
|inactive|Battle timer is ON: inactive players will automatically lose when time's up. (requested by Pepa120︻デ┳═ー)
|choice|move fireblast|move acrobatics
|
|move|p2a: MADOO|Acrobatics|p1a: Camerupt
|-damage|p1a: Camerupt|34\/281 slp
|cant|p1a: Camerupt|slp
|
|upkeep
|turn|23
|c|☆Pepa120︻デ┳═ー|GG
|choice|move fireblast|move acrobatics
|
|move|p2a: MADOO|Acrobatics|p1a: Camerupt
|-damage|p1a: Camerupt|0 fnt
|faint|p1a: Camerupt
|
|win|Pepa120︻デ┳═ー
|c|☆xose12|gg</script>
</div>
<div class="battle-log battle-log-inline"><div class="inner"><div class="battle-options"></div><div class="inner"><div class="chat"><small>xose12 joined.</small></div><div class="chat"><small>Pepa120︻デ┳═ー joined.</small></div><div class=""><small>Format:</small> <br><strong>PU</strong></div><div class=""><small><em>Sleep Clause Mod:</em> Limit one foe put to sleep</small></div><div class=""><small><em>Species Clause:</em> Limit one of each Pokémon</small></div><div class=""><small><em>OHKO Clause:</em> OHKO moves are banned</small></div><div class=""><small><em>Moody Clause:</em> Moody is banned</small></div><div class=""><small><em>Evasion Moves Clause:</em> Evasion moves are banned</small></div><div class=""><small><em>Endless Battle Clause:</em> Forcing endless battles is banned</small></div><div class=""><small><em>HP Percentage Mod:</em> HP is shown in percentages</small></div><div class=""><small><em>Swagger Clause:</em> Swagger is banned</small></div><div class=""><small><em>Baton Pass Clause:</em> Limit one Baton Passer, can't pass Spe and other stats simultaneously</small></div><div class="chat battle-history"><strong>xose12's team:</strong> <em style="color:#445566;display:block;">Kricketune / Marowak / Camerupt / Ursaring / Misdreavus / Luxray</em></div><div class="chat battle-history"><strong>Pepa120︻デ┳═ー's team:</strong> <em style="color:#445566;display:block;">Stoutland / Kadabra / Mightyena / Dusknoir / Jumpluff / Golem</em></div><div class="chat chatmessage-pepa120"><strong style="color:hsl(176,62%,41.666666666666664%)"><small>☆</small><span class="username" data-name="Pepa120︻デ┳═ー">Pepa120︻デ┳═ー</span>:</strong> <em>GLHF</em></div><div class="spacer battle-history"><br></div><div class="battle-history">Battle started between xose12 and Pepa120︻デ┳═ー!<br></div><div class="spacer battle-history"><br></div><div class="battle-history">Go! <strong>Kricketune</strong>!<br></div><div class="spacer battle-history"><br></div><div class="battle-history">Pepa120︻デ┳═ー sent out GOLEMO (<strong>Golem</strong>)!<br></div><div class="spacer battle-history"><br></div><h2 class="battle-history">Turn 1</h2><div class="spacer battle-history"><br></div><div class="battle-history">Kricketune used <strong>Sticky Web</strong>!<br></div><div class="battle-history"><small>A sticky web spreads out on the ground around the opposing team!</small><br></div><div class="spacer battle-history"><br></div><div class="battle-history">The opposing GOLEMO used <strong>Earthquake</strong>!<br></div><div class="battle-history"><small>It's not very effective...</small><br></div><div class="battle-history"><small>(Kricketune lost <abbr title="−138/295">46.8%</abbr> of its health!)</small><br></div><div class="spacer battle-history"><br></div><h2 class="battle-history">Turn 2</h2><div class="spacer battle-history"><br></div><div class="battle-history">Kricketune used <strong>Taunt</strong>!<br></div><div class="battle-history"><small>The opposing GOLEMO fell for the taunt!</small><br></div><div class="spacer battle-history"><br></div><div class="battle-history">The opposing GOLEMO used <strong>Stone Edge</strong>!<br></div><div class="battle-history"><small>It's super effective!</small><br></div><div class="battle-history"><small>(Kricketune lost <abbr title="−157/295">53.2%</abbr> of its health!)</small><br></div><div class="spacer battle-history"><br></div><div class="battle-history">Kricketune fainted!<br></div><div class="chat chatmessage-pepa120"><strong style="color:hsl(176,62%,41.666666666666664%)"><small>☆</small><span class="username" data-name="Pepa120︻デ┳═ー">Pepa120︻デ┳═ー</span>:</strong> <em>!weak kricketune</em></div><div class="chat"><div class="infobox">Kricketune (ignoring abilities):<br><span class="message-effect-weak">Weaknesses</span>: Fire, Flying, Rock<br><span class="message-effect-resist">Resistances</span>: Fighting, Grass, Ground<br><span class="message-effect-immune">Immunities</span>: <font color="#999999">None</font></div></div><div class="spacer battle-history"><br></div><div class="battle-history">Go! <strong>Ursaring</strong>!<br></div><div class="spacer battle-history"><br></div><h2 class="battle-history">Turn 3</h2><div class="spacer battle-history"><br></div><div class="battle-history">Ursaring used <strong>Close Combat</strong>!<br></div><div class="battle-history"><small>It's super effective!</small><br></div><div class="battle-history"><small>(The opposing GOLEMO lost <abbr title="−222/301">73.8%</abbr> of its health!)</small><br></div><div class="battle-history"><small>Ursaring's Defense fell!</small><br></div><div class="battle-history"><small>Ursaring's Special Defense fell!</small><br></div><div class="spacer battle-history"><br></div><div class="battle-history">The opposing GOLEMO used <strong>Stone Edge</strong>!<br></div><div class="battle-history"><small>(Ursaring lost <abbr title="−321/321">100%</abbr> of its health!)</small><br></div><div class="spacer battle-history"><br></div><div class="battle-history">Ursaring fainted!<br></div><div class="spacer battle-history"><br></div><div class="battle-history">Go! <strong>Luxray</strong>!<br></div><div class="battle-history"><small>[Luxray's Intimidate]</small><br></div><div class="battle-history"><small>The opposing GOLEMO's Attack fell!</small><br></div><div class="spacer battle-history"><br></div><h2 class="battle-history">Turn 4</h2><div class="spacer battle-history"><br></div><div class="battle-history">Luxray used <strong>Superpower</strong>!<br></div><div class="battle-history"><small>It's super effective!</small><br></div><div class="battle-history"><small>(The opposing GOLEMO lost <abbr title="−79/301">26.2%</abbr> of its health!)</small><br></div><div class="battle-history"><small>Luxray's Attack fell!</small><br></div><div class="battle-history"><small>Luxray's Defense fell!</small><br></div><div class="spacer battle-history"><br></div><div class="battle-history">The opposing GOLEMO fainted!<br></div><div class="spacer battle-history"><br></div><div class="battle-history">Pepa120︻デ┳═ー sent out SFONDARE (<strong>Dusknoir</strong>)!<br></div><div class="battle-history"><small>The opposing SFONDARE was caught in a sticky web!</small><br></div><div class="battle-history"><small>The opposing SFONDARE's Speed fell!</small><br></div><div class="battle-history"><small>[The opposing SFONDARE's Frisk]</small><br><small>The opposing SFONDARE frisked Luxray and found its Choice Band!</small><br></div><div class="spacer battle-history"><br></div><h2 class="battle-history">Turn 5</h2><div class="spacer battle-history"><br></div><div class="battle-history">Luxray, come back!<br></div><div class="battle-history">Go! <strong>Misdreavus</strong>!<br></div><div class="spacer battle-history"><br></div><div class="battle-history">The opposing SFONDARE used <strong>Earthquake</strong>!<br></div><div class="battle-history"><small>[Misdreavus's Levitate]</small><br><small>It doesn't affect Misdreavus...</small><br></div><div class="spacer battle-history"><br></div><h2 class="battle-history">Turn 6</h2><div class="spacer battle-history"><br></div><div class="battle-history">Pepa120︻デ┳═ー withdrew SFONDARE!<br></div><div class="battle-history">Pepa120︻デ┳═ー sent out MAZZATE (<strong>Kadabra</strong>)!<br></div><div class="battle-history"><small>The opposing MAZZATE was caught in a sticky web!</small><br></div><div class="battle-history"><small>The opposing MAZZATE's Speed fell!</small><br></div><div class="spacer battle-history"><br></div><div class="battle-history">Misdreavus used <strong>Nasty Plot</strong>!<br></div><div class="battle-history"><small>Misdreavus's Special Attack rose sharply!</small><br></div><div class="spacer battle-history"><br></div><h2 class="battle-history">Turn 7</h2><div class="spacer battle-history"><br></div><div class="battle-history">Misdreavus used <strong>Shadow Ball</strong>!<br></div><div class="battle-history"><small>It's super effective!</small><br></div><div class="battle-history"><small>The opposing MAZZATE hung on using its Focus Sash!</small><br></div><div class="battle-history"><small>(The opposing MAZZATE lost <abbr title="−220/221">99.5%</abbr> of its health!)</small><br></div><div class="spacer battle-history"><br></div><div class="battle-history">The opposing MAZZATE used <strong>Shadow Ball</strong>!<br></div><div class="battle-history"><small>It's super effective!</small><br></div><div class="battle-history"><small>(Misdreavus lost <abbr title="−150/261">57.5%</abbr> of its health!)</small><br></div><div class="spacer battle-history"><br></div><h2 class="battle-history">Turn 8</h2><div class="spacer battle-history"><br></div><div class="battle-history">Misdreavus used <strong>Shadow Ball</strong>!<br></div><div class="battle-history"><small>It's super effective!</small><br></div><div class="battle-history"><small>(The opposing MAZZATE lost <abbr title="−1/221">0.5%</abbr> of its health!)</small><br></div><div class="spacer battle-history"><br></div><div class="battle-history">The opposing MAZZATE fainted!<br></div><div class="chat chatmessage-pepa120"><strong style="color:hsl(176,62%,41.666666666666664%)"><small>☆</small><span class="username" data-name="Pepa120︻デ┳═ー">Pepa120︻デ┳═ー</span>:</strong> <em>misdreavus very strong rare and very hard to get in gen3</em></div><div class="spacer battle-history"><br></div><div class="battle-history">Pepa120︻デ┳═ー sent out PICCHIARE (<strong>Mightyena</strong>)!<br></div><div class="battle-history"><small>The opposing PICCHIARE was caught in a sticky web!</small><br></div><div class="battle-history"><small>The opposing PICCHIARE's Speed fell!</small><br></div><div class="spacer battle-history"><br></div><h2 class="battle-history">Turn 9</h2><div class="spacer battle-history"><br></div><div class="battle-history">The opposing PICCHIARE used <strong>Sucker Punch</strong>!<br></div><div class="battle-history"><small>It's super effective!</small><br></div><div class="battle-history"><small>A critical hit!</small><br></div><div class="battle-history"><small>(Misdreavus lost <abbr title="−111/261">42.5%</abbr> of its health!)</small><br></div><div class="battle-history"><small>The opposing PICCHIARE lost some of its HP!</small><br></div><div class="spacer battle-history"><br></div><div class="battle-history">Misdreavus fainted!<br></div><div class="battle-history"><small>[The opposing PICCHIARE's Moxie]</small><br></div><div class="battle-history"><small>The opposing PICCHIARE's Attack rose!</small><br></div><div class="spacer battle-history"><br></div><div class="battle-history">Go! <strong>Luxray</strong>!<br></div><div class="battle-history"><small>[Luxray's Intimidate]</small><br></div><div class="battle-history"><small>The opposing PICCHIARE's Attack fell!</small><br></div><div class="spacer battle-history"><br></div><h2 class="battle-history">Turn 10</h2><div class="spacer battle-history"><br></div><div class="battle-history">Luxray used <strong>Crunch</strong>!<br></div><div class="battle-history"><small>It's not very effective...</small><br></div><div class="battle-history"><small>(The opposing PICCHIARE lost <abbr title="−99/281">35.2%</abbr> of its health!)</small><br></div><div class="spacer battle-history"><br></div><div class="battle-history">The opposing PICCHIARE used <strong>Play Rough</strong>!<br></div><div class="battle-history"><small>(Luxray lost <abbr title="−136/301">45.2%</abbr> of its health!)</small><br></div><div class="battle-history"><small>Luxray's Attack fell!</small><br></div><div class="battle-history"><small>The opposing PICCHIARE lost some of its HP!</small><br></div><div class="spacer battle-history"><br></div><h2 class="battle-history">Turn 11</h2><div class="spacer battle-history"><br></div><div class="battle-history">Luxray, come back!<br></div><div class="battle-history">Go! <strong>Marowak</strong>!<br></div><div class="spacer battle-history"><br></div><div class="battle-history">The opposing PICCHIARE used <strong>Play Rough</strong>!<br></div><div class="battle-history"><small>(Marowak lost <abbr title="−109/261">41.8%</abbr> of its health!)</small><br></div><div class="battle-history"><small>The opposing PICCHIARE lost some of its HP!</small><br></div><div class="spacer battle-history"><br></div><h2 class="battle-history">Turn 12</h2><div class="spacer battle-history"><br></div><div class="battle-history">The opposing PICCHIARE used <strong>Sucker Punch</strong>!<br></div><div class="battle-history"><small>(Marowak lost <abbr title="−140/261">53.6%</abbr> of its health!)</small><br></div><div class="battle-history"><small>The opposing PICCHIARE lost some of its HP!</small><br></div><div class="spacer battle-history"><br></div><div class="battle-history">Marowak used <strong>Bonemerang</strong>!<br></div><div class="battle-history"><small>(The opposing PICCHIARE lost <abbr title="−70/281">24.9%</abbr> of its health!)</small><br></div><div class="battle-history"><small>Hit 1 time!</small><br></div><div class="spacer battle-history"><br></div><div class="battle-history">The opposing PICCHIARE fainted!<br></div><div class="spacer battle-history"><br></div><div class="battle-history">Pepa120︻デ┳═ー sent out SFONDARE (<strong>Dusknoir</strong>)!<br></div><div class="battle-history"><small>The opposing SFONDARE was caught in a sticky web!</small><br></div><div class="battle-history"><small>The opposing SFONDARE's Speed fell!</small><br></div><div class="battle-history"><small>[The opposing SFONDARE's Frisk]</small><br><small>The opposing SFONDARE frisked Marowak and found its Thick Club!</small><br></div><div class="spacer battle-history"><br></div><h2 class="battle-history">Turn 13</h2><div class="spacer battle-history"><br></div><div class="battle-history">Marowak used <strong>Knock Off</strong>!<br></div><div class="battle-history"><small>It's super effective!</small><br></div><div class="battle-history"><small>(The opposing SFONDARE lost <abbr title="−266/275">96.7%</abbr> of its health!)</small><br></div><div class="battle-history"><small>Marowak knocked off the opposing SFONDARE's Choice Band!</small><br></div><div class="spacer battle-history"><br></div><div class="battle-history">The opposing SFONDARE used <strong>Earthquake</strong>!<br></div><div class="battle-history"><small>A critical hit!</small><br></div><div class="battle-history"><small>(Marowak lost <abbr title="−12/261">4.6%</abbr> of its health!)</small><br></div><div class="spacer battle-history"><br></div><div class="battle-history">Marowak fainted!<br></div><div class="spacer battle-history"><br></div><div class="battle-history">Go! <strong>Luxray</strong>!<br></div><div class="battle-history"><small>[Luxray's Intimidate]</small><br></div><div class="battle-history"><small>The opposing SFONDARE's Attack fell!</small><br></div><div class="spacer battle-history"><br></div><h2 class="battle-history">Turn 14</h2><div class="spacer battle-history"><br></div><div class="battle-history">Luxray used <strong>Volt Switch</strong>!<br></div><div class="battle-history"><small>(The opposing SFONDARE lost <abbr title="−9/275">3.3%</abbr> of its health!)</small><br></div><div class="spacer battle-history"><br></div><div class="battle-history">The opposing SFONDARE fainted!<br></div><div class="spacer battle-history"><br></div><div class="battle-history">Luxray went back to xose12!<br></div><div class="battle-history">Go! <strong>Camerupt</strong>!<br></div><div class="spacer battle-history"><br></div><div class="battle-history">Pepa120︻デ┳═ー sent out LEGNATE (<strong>Stoutland</strong>)!<br></div><div class="battle-history"><small>The opposing LEGNATE was caught in a sticky web!</small><br></div><div class="battle-history"><small>The opposing LEGNATE's Speed fell!</small><br></div><div class="spacer battle-history"><br></div><h2 class="battle-history">Turn 15</h2><div class="spacer battle-history"><br></div><div class="battle-history">Camerupt used <strong>Eruption</strong>!<br></div><div class="battle-history"><small>A critical hit!</small><br></div><div class="battle-history"><small>(The opposing LEGNATE lost <abbr title="−311/311">100%</abbr> of its health!)</small><br></div><div class="spacer battle-history"><br></div><div class="battle-history">The opposing LEGNATE fainted!<br></div><div class="spacer battle-history"><br></div><div class="battle-history">Pepa120︻デ┳═ー sent out MADOO (<strong>Jumpluff</strong>)!<br></div><div class="spacer battle-history"><br></div><h2 class="battle-history">Turn 16</h2><div class="spacer battle-history"><br></div><div class="battle-history">The opposing MADOO used <strong>Sleep Powder</strong>!<br></div><div class="battle-history"><small>Camerupt fell asleep!</small><br></div><div class="spacer battle-history"><br></div><div class="battle-history">Camerupt is fast asleep.<br></div><div class="spacer battle-history"><br></div><h2 class="battle-history">Turn 17</h2><div class="spacer battle-history"><br></div><div class="battle-history">The opposing MADOO used <strong>Acrobatics</strong>!<br></div><div class="battle-history"><small>(Camerupt lost <abbr title="−151/281">53.7%</abbr> of its health!)</small><br></div><div class="spacer battle-history"><br></div><div class="battle-history">Camerupt is fast asleep.<br></div><div class="spacer battle-history"><br></div><h2 class="battle-history">Turn 18</h2><div class="spacer battle-history"><br></div><div class="battle-history">Camerupt, come back!<br></div><div class="battle-history">Go! <strong>Luxray</strong>!<br></div><div class="battle-history"><small>[Luxray's Intimidate]</small><br></div><div class="battle-history"><small>The opposing MADOO's Attack fell!</small><br></div><div class="spacer battle-history"><br></div><div class="battle-history">The opposing MADOO used <strong>Acrobatics</strong>!<br></div><div class="battle-history"><small>It's not very effective...</small><br></div><div class="battle-history"><small>(Luxray lost <abbr title="−42/301">14.0%</abbr> of its health!)</small><br></div><div class="spacer battle-history"><br></div><h2 class="battle-history">Turn 19</h2><div class="spacer battle-history"><br></div><div class="battle-history">The opposing MADOO used <strong>Sleep Powder</strong>!<br></div><div class="battle-history"><small>Sleep Clause Mod activated.</small><br></div><div class="spacer battle-history"><br></div><div class="battle-history">Luxray used <strong>Superpower</strong>!<br></div><div class="battle-history"><small>It's not very effective...</small><br></div><div class="battle-history"><small>(The opposing MADOO lost <abbr title="−152/291">52.2%</abbr> of its health!)</small><br></div><div class="battle-history"><small>Luxray's Attack fell!</small><br></div><div class="battle-history"><small>Luxray's Defense fell!</small><br></div><div class="spacer battle-history"><br></div><h2 class="battle-history">Turn 20</h2><div class="spacer battle-history"><br></div><div class="battle-history">The opposing MADOO used <strong>U-turn</strong>!<br></div><div class="battle-history"><small>(Luxray lost <abbr title="−55/301">18.3%</abbr> of its health!)</small><br></div><div class="spacer battle-history"><br></div><div class="battle-history">Luxray used <strong>Superpower</strong>!<br></div><div class="battle-history"><small>It's not very effective...</small><br></div><div class="battle-history"><small>(The opposing MADOO lost <abbr title="−98/291">33.7%</abbr> of its health!)</small><br></div><div class="battle-history"><small>Luxray's Attack fell!</small><br></div><div class="battle-history"><small>Luxray's Defense fell!</small><br></div><div class="spacer battle-history"><br></div><h2 class="battle-history">Turn 21</h2><div class="spacer battle-history"><br></div><div class="battle-history">The opposing MADOO used <strong>U-turn</strong>!<br></div><div class="battle-history"><small>(Luxray lost <abbr title="−68/301">22.6%</abbr> of its health!)</small><br></div><div class="spacer battle-history"><br></div><div class="battle-history">Luxray fainted!<br></div><div class="spacer battle-history"><br></div><div class="battle-history">Go! <strong>Camerupt</strong>!<br></div><div class="spacer battle-history"><br></div><h2 class="battle-history">Turn 22</h2><div class="chat message-error">Battle timer is ON: inactive players will automatically lose when time's up. (requested by Pepa120︻デ┳═ー)</div><div class="spacer battle-history"><br></div><div class="battle-history">The opposing MADOO used <strong>Acrobatics</strong>!<br></div><div class="battle-history"><small>(Camerupt lost <abbr title="−96/281">34.2%</abbr> of its health!)</small><br></div><div class="spacer battle-history"><br></div><div class="battle-history">Camerupt is fast asleep.<br></div><div class="spacer battle-history"><br></div><h2 class="battle-history">Turn 23</h2><div class="chat chatmessage-pepa120"><strong style="color:hsl(176,62%,41.666666666666664%)"><small>☆</small><span class="username" data-name="Pepa120︻デ┳═ー">Pepa120︻デ┳═ー</span>:</strong> <em>GG</em></div><div class="spacer battle-history"><br></div><div class="battle-history">The opposing MADOO used <strong>Acrobatics</strong>!<br></div><div class="battle-history"><small>(Camerupt lost <abbr title="−34/281">12.1%</abbr> of its health!)</small><br></div><div class="spacer battle-history"><br></div><div class="battle-history">Camerupt fainted!<br></div><div class="spacer battle-history"><br></div><div class="battle-history"><strong>Pepa120︻デ┳═ー</strong> won the battle!<br></div><div class="chat chatmessage-xose12"><strong style="color:hsl(83,69%,36%)"><small>☆</small><span class="username" data-name="xose12">xose12</span>:</strong> <em>gg</em></div></div><div class="inner-preempt"></div></div></div>
</div>
<script>
let daily = Math.floor(Date.now()/1000/60/60/24);document.write('<script src="https://play.pokemonshowdown.com/js/replay-embed.js?version'+daily+'"></'+'script>');
</script>
