<!DOCTYPE html>
<meta charset="utf-8" />
<!-- version 1 -->
<title>PU replay: Beksel ✘ vs. Tuthur1</title>
<style>
html,body {font-family:Verdana, sans-serif;font-size:10pt;margin:0;padding:0;}body{padding:12px 0;} .battle-log {font-family:Verdana, sans-serif;font-size:10pt;} .battle-log-inline {border:1px solid #AAAAAA;background:#EEF2F5;color:black;max-width:640px;margin:0 auto 80px;padding-bottom:5px;} .battle-log .inner {padding:4px 8px 0px 8px;} .battle-log .inner-preempt {padding:0 8px 4px 8px;} .battle-log .inner-after {margin-top:0.5em;} .battle-log h2 {margin:0.5em -8px;padding:4px 8px;border:1px solid #AAAAAA;background:#E0E7EA;border-left:0;border-right:0;font-family:Verdana, sans-serif;font-size:13pt;} .battle-log .chat {vertical-align:middle;padding:3px 0 3px 0;font-size:8pt;} .battle-log .chat strong {color:#40576A;} .battle-log .chat em {padding:1px 4px 1px 3px;color:#000000;font-style:normal;} .chat.mine {background:rgba(0,0,0,0.05);margin-left:-8px;margin-right:-8px;padding-left:8px;padding-right:8px;} .spoiler {color:#BBBBBB;background:#BBBBBB;padding:0px 3px;} .spoiler:hover, .spoiler:active, .spoiler-shown {color:#000000;background:#E2E2E2;padding:0px 3px;} .spoiler a {color:#BBBBBB;} .spoiler:hover a, .spoiler:active a, .spoiler-shown a {color:#2288CC;} .chat code, .chat .spoiler:hover code, .chat .spoiler:active code, .chat .spoiler-shown code {border:1px solid #C0C0C0;background:#EEEEEE;color:black;padding:0 2px;} .chat .spoiler code {border:1px solid #CCCCCC;background:#CCCCCC;color:#CCCCCC;} .battle-log .rated {padding:3px 4px;} .battle-log .rated strong {color:white;background:#89A;padding:1px 4px;border-radius:4px;} .spacer {margin-top:0.5em;} .message-announce {background:#6688AA;color:white;padding:1px 4px 2px;} .message-announce a, .broadcast-green a, .broadcast-blue a, .broadcast-red a {color:#DDEEFF;} .broadcast-green {background-color:#559955;color:white;padding:2px 4px;} .broadcast-blue {background-color:#6688AA;color:white;padding:2px 4px;} .infobox {border:1px solid #6688AA;padding:2px 4px;} .infobox-limited {max-height:200px;overflow:auto;overflow-x:hidden;} .broadcast-red {background-color:#AA5544;color:white;padding:2px 4px;} .message-learn-canlearn {font-weight:bold;color:#228822;text-decoration:underline;} .message-learn-cannotlearn {font-weight:bold;color:#CC2222;text-decoration:underline;} .message-effect-weak {font-weight:bold;color:#CC2222;} .message-effect-resist {font-weight:bold;color:#6688AA;} .message-effect-immune {font-weight:bold;color:#666666;} .message-learn-list {margin-top:0;margin-bottom:0;} .message-throttle-notice, .message-error {color:#992222;} .message-overflow, .chat small.message-overflow {font-size:0pt;} .message-overflow::before {font-size:9pt;content:'...';} .subtle {color:#3A4A66;}
</style>
<div class="wrapper replay-wrapper" style="max-width:1180px;margin:0 auto">
<input type="hidden" name="replayid" value="pu-598431798" />
<div class="battle"></div><div class="battle-log"></div><div class="replay-controls"></div><div class="replay-controls-2"></div>
<h1 style="font-weight:normal;text-align:center"><strong>PU</strong><br /><a href="http://pokemonshowdown.com/users/beksel" class="subtle" target="_blank">Beksel ✘</a> vs. <a href="http://pokemonshowdown.com/users/tuthur1" class="subtle" target="_blank">Tuthur1</a></h1>
<script type="text/plain" class="battle-log-data">|j|Beksel ✘
|j|Tuthur1
|player|p1|Beksel ✘|88
|teamsize|p1|6
|player|p2|Tuthur1|267
|teamsize|p2|6
|gametype|singles
|gen|6
|tier|PU
|seed|53270,9582,1873,27391
|rule|Sleep Clause Mod: Limit one foe put to sleep
|rule|Species Clause: Limit one of each Pokémon
|rule|OHKO Clause: OHKO moves are banned
|rule|Moody Clause: Moody is banned
|rule|Evasion Moves Clause: Evasion moves are banned
|rule|Endless Battle Clause: Forcing endless battles is banned
|rule|HP Percentage Mod: HP is shown in percentages
|clearpoke
|poke|p1|Articuno|item
|poke|p1|Trapinch, M|item
|poke|p1|Pelipper, F|item
|poke|p1|Mawile, M|item
|poke|p1|Leafeon, F|item
|poke|p1|Clefairy, M|item
|poke|p2|Mawile, F|item
|poke|p2|Leavanny, F|item
|poke|p2|Electrode|item
|poke|p2|Stoutland, M|item
|poke|p2|Golem, F|item
|poke|p2|Swanna, F|item
|rule|Swagger Clause: Swagger is banned
|rule|Baton Pass Clause: Limit one Baton Passer, can't pass Spe and other stats simultaneously
|teampreview
|j|TIBot
|j|Imparfait
|c|☆Tuthur1|glhf
|j|pink tape
|c|☆Beksel ✘|Have Fun!
|j|Hugobou
|choice|team 3, team 2, team 1, team 4, team 5, team 6|team 2, team 1, team 3, team 4, team 5, team 6
|
|start
|switch|p1a: Recklessness|Pelipper, F|323\/323
|switch|p2a: Manternel|Leavanny, F|291\/291
|turn|1
|j|S poire loose
|choice|move scald|move electroweb
|
|move|p2a: Manternel|Electroweb|p1a: Recklessness
|-supereffective|p1a: Recklessness
|-damage|p1a: Recklessness|155\/323
|-unboost|p1a: Recklessness|spe|1
|move|p1a: Recklessness|Scald|p2a: Manternel
|-resisted|p2a: Manternel
|-damage|p2a: Manternel|237\/291
|-status|p2a: Manternel|brn
|
|-heal|p1a: Recklessness|175\/323|[from] item: Leftovers
|-damage|p2a: Manternel|201\/291 brn|[from] brn
|upkeep
|turn|2
|choice|switch 3|move electroweb
|
|switch|p1a: Wisdom|Articuno|321\/321
|-ability|p1a: Wisdom|Pressure
|move|p2a: Manternel|Electroweb|p1a: Wisdom
|-supereffective|p1a: Wisdom
|-damage|p1a: Wisdom|267\/321
|-unboost|p1a: Wisdom|spe|1
|
|-heal|p1a: Wisdom|287\/321|[from] item: Leftovers
|-damage|p2a: Manternel|165\/291 brn|[from] brn
|upkeep
|turn|3
|j|The Golden Banjo
|j|2xTheTap
|choice|move icebeam|move knockoff
|
|move|p2a: Manternel|Knock Off|p1a: Wisdom
|-damage|p1a: Wisdom|242\/321
|-enditem|p1a: Wisdom|Leftovers|[from] move: Knock Off|[of] p2a: Manternel
|move|p1a: Wisdom|Ice Beam|p2a: Manternel
|-supereffective|p2a: Manternel
|-damage|p2a: Manternel|0 fnt
|faint|p2a: Manternel
|
|upkeep
|l|The Golden Banjo
|choice||switch 4
|
|switch|p2a: Mastouffe|Stoutland, M|312\/312
|turn|4
|l|S poire loose
|choice|switch 4|switch 5
|
|switch|p2a: Grolem|Golem, F|301\/301
|switch|p1a: Durability|Mawile, M|304\/304
|-ability|p1a: Durability|Intimidate|boost
|-unboost|p2a: Grolem|atk|1
|
|upkeep
|turn|5
|j|i like cute things
|j|Levohl
|choice|switch 5|move stealthrock
|
|switch|p1a: Improvement|Leafeon, F|271\/271
|move|p2a: Grolem|Stealth Rock|p1a: Improvement
|-sidestart|p1: Beksel ✘|move: Stealth Rock
|
|upkeep
|turn|6
|choice|move knockoff|switch 2
|
|switch|p2a: Mysdibule|Mawile, F|242\/242
|move|p1a: Improvement|Knock Off|p2a: Mysdibule
|-resisted|p2a: Mysdibule
|-damage|p2a: Mysdibule|186\/242
|-enditem|p2a: Mysdibule|Life Orb|[from] move: Knock Off|[of] p1a: Improvement
|
|upkeep
|turn|7
|l|Levohl
|j|S poire loose
|l|i like cute things
|choice|move leafblade|switch 6
|
|switch|p2a: Lakmécygne|Swanna, F|291\/291
|move|p1a: Improvement|Leaf Blade|p2a: Lakmécygne
|-damage|p2a: Lakmécygne|74\/291
|
|upkeep
|turn|8
|choice|switch 6|move hurricane
|
|switch|p1a: Ignorance|Clefairy, M|344\/344
|move|p2a: Lakmécygne|Hurricane|p1a: Ignorance
|-damage|p1a: Ignorance|215\/344
|-start|p1a: Ignorance|confusion
|-damage|p2a: Lakmécygne|45\/291|[from] item: Life Orb
|
|upkeep
|turn|9
|choice|move thunderwave|move roost
|
|move|p2a: Lakmécygne|Roost|p2a: Lakmécygne
|-heal|p2a: Lakmécygne|191\/291
|-activate|p1a: Ignorance|confusion
|move|p1a: Ignorance|Thunder Wave|p2a: Lakmécygne
|-status|p2a: Lakmécygne|par
|
|upkeep
|turn|10
|choice|move thunderwave|move hurricane
|
|-activate|p1a: Ignorance|confusion
|move|p1a: Ignorance|Thunder Wave|p2a: Lakmécygne
|-fail|p2a: Lakmécygne|par
|move|p2a: Lakmécygne|Hurricane|p1a: Ignorance
|-damage|p1a: Ignorance|102\/344
|-damage|p2a: Lakmécygne|162\/291 par|[from] item: Life Orb
|
|upkeep
|turn|11
|choice|move softboiled|move hurricane
|
|-activate|p1a: Ignorance|confusion
|-damage|p1a: Ignorance|87\/344|[from] confusion
|cant|p2a: Lakmécygne|par
|
|upkeep
|turn|12
|choice|move softboiled|switch 6
|
|switch|p2a: Mysdibule|Mawile, F|186\/242
|-end|p1a: Ignorance|confusion
|move|p1a: Ignorance|Soft-Boiled|p1a: Ignorance
|-heal|p1a: Ignorance|259\/344
|
|upkeep
|turn|13
|l|S poire loose
|choice|move encore|move swordsdance
|
|move|p2a: Mysdibule|Swords Dance|p2a: Mysdibule
|-boost|p2a: Mysdibule|atk|2
|move|p1a: Ignorance|Encore|p2a: Mysdibule
|-start|p2a: Mysdibule|Encore
|
|upkeep
|turn|14
|choice|move moonblast|switch 3
|
|switch|p2a: Electrode|Electrode|273\/273
|move|p1a: Ignorance|Moonblast|p2a: Electrode
|-damage|p2a: Electrode|186\/273
|
|upkeep
|turn|15
|choice|move moonblast|switch 5
|
|switch|p2a: Mastouffe|Stoutland, M|312\/312
|move|p1a: Ignorance|Moonblast|p2a: Mastouffe
|-damage|p2a: Mastouffe|228\/312
|-unboost|p2a: Mastouffe|spa|1
|
|upkeep
|turn|16
|j|S poire loose
|choice|switch 3|move return
|
|switch|p1a: Recklessness|Pelipper, F|175\/323
|-damage|p1a: Recklessness|95\/323|[from] Stealth Rock
|move|p2a: Mastouffe|Return|p1a: Recklessness
|-damage|p1a: Recklessness|0 fnt
|faint|p1a: Recklessness
|
|upkeep
|choice|switch 5|
|
|switch|p1a: Durability|Mawile, M|304\/304
|-damage|p1a: Durability|285\/304|[from] Stealth Rock
|-ability|p1a: Durability|Intimidate|boost
|-unboost|p2a: Mastouffe|atk|1
|turn|17
|choice|move batonpass|switch 6
|
|switch|p2a: Lakmécygne|Swanna, F|162\/291 par
|move|p1a: Durability|Baton Pass|p1a: Durability
|J|thientoan342
|choice|switch 4|
|
|switch|p1a: Wisdom|Articuno|242\/321
|-damage|p1a: Wisdom|82\/321|[from] Stealth Rock
|-ability|p1a: Wisdom|Pressure
|
|upkeep
|turn|18
|j|LordST
|choice|move icebeam|switch 3
|
|switch|p2a: Mysdibule|Mawile, F|186\/242
|move|p1a: Wisdom|Ice Beam|p2a: Mysdibule
|-resisted|p2a: Mysdibule
|-damage|p2a: Mysdibule|76\/242
|
|upkeep
|turn|19
|c|+LordST|ice beam on cuno in 2017 lul
|choice|move icebeam|move suckerpunch
|
|move|p2a: Mysdibule|Sucker Punch|p1a: Wisdom
|-damage|p1a: Wisdom|0 fnt
|faint|p1a: Wisdom
|
|upkeep
|c|☆Beksel ✘|yeah
|l|S poire loose
|c|☆Beksel ✘|with trapinch for trap chinchou
|c|+LordST|!dt freeze dry
|raw|<ul class="utilichart"><li class="result"><a data-entry="move|Freeze-Dry"><span class="col movenamecol">Freeze-Dry<\/span> <span class="col typecol"><img src="\/\/play.pokemonshowdown.com\/sprites\/types\/Ice.png" alt="Ice" width="32" height="14"><img src="\/\/play.pokemonshowdown.com\/sprites\/categories\/Special.png" alt="Special" width="32" height="14"><\/span> <span class="col labelcol"><em>Power<\/em><br>70<\/span> <span class="col widelabelcol"><em>Accuracy<\/em><br>100%<\/span> <span class="col pplabelcol"><em>PP<\/em><br>20<\/span> <span class="col movedesccol">10% chance to freeze. Super effective on Water.<\/span> <\/a><\/li><li style="clear:both"><\/li><\/ul>
|raw|<font size="1"><font color="#686868">Priority:<\/font> 0&nbsp;|&ThickSpace;<font color="#686868">Gen:<\/font> 6&nbsp;|&ThickSpace;&#10003; Secondary effect&nbsp;|&ThickSpace;<font color="#686868">Z-Power:<\/font> 140&nbsp;|&ThickSpace;<font color="#686868">Target:<\/font> One Adjacent Pokémon<\/font>
|c|+LordST|still
|choice|switch 6|
|
|switch|p1a: Improvement|Leafeon, F|271\/271
|-damage|p1a: Improvement|238\/271|[from] Stealth Rock
|turn|20
|j|S poire loose
|choice|move leafblade|move playrough
|
|move|p1a: Improvement|Leaf Blade|p2a: Mysdibule
|-resisted|p2a: Mysdibule
|-damage|p2a: Mysdibule|0 fnt
|faint|p2a: Mysdibule
|
|upkeep
|c|+LordST|its for other things too
|c|+LordST|you dont have to risk hurricane vs waters
|choice||switch 5
|
|switch|p2a: Electrode|Electrode|186\/273
|turn|21
|choice|switch 3|move signalbeam
|
|switch|p1a: Ignorance|Clefairy, M|259\/344
|move|p2a: Electrode|Signal Beam|p1a: Ignorance
|-resisted|p1a: Ignorance
|-damage|p1a: Ignorance|224\/344
|
|upkeep
|turn|22
|choice|move moonblast|switch 6
|
|switch|p2a: Mastouffe|Stoutland, M|228\/312
|move|p1a: Ignorance|Moonblast|p2a: Mastouffe
|-damage|p2a: Mastouffe|144\/312
|-unboost|p2a: Mastouffe|spa|1
|
|upkeep
|turn|23
|j|UberSkitty
|choice|switch 4|switch 2
|
|switch|p2a: Grolem|Golem, F|301\/301
|switch|p1a: Durability|Mawile, M|285\/304
|-damage|p1a: Durability|266\/304|[from] Stealth Rock
|-ability|p1a: Durability|Intimidate|boost
|-unboost|p2a: Grolem|atk|1
|
|upkeep
|turn|24
|c| UberSkitty|glhf
|choice|move stealthrock|move stoneedge
|
|move|p2a: Grolem|Stone Edge|p1a: Durability
|-resisted|p1a: Durability
|-damage|p1a: Durability|204\/304
|move|p1a: Durability|Stealth Rock|p2a: Grolem
|-sidestart|p2: Tuthur1|move: Stealth Rock
|
|upkeep
|turn|25
|choice|move painsplit|move earthquake
|
|move|p2a: Grolem|Earthquake|p1a: Durability
|-supereffective|p1a: Durability
|-damage|p1a: Durability|0 fnt
|faint|p1a: Durability
|
|upkeep
|choice|switch 4|
|
|switch|p1a: Ignorance|Clefairy, M|224\/344
|turn|26
|choice|move moonblast|switch 3
|
|switch|p2a: Lakmécygne|Swanna, F|162\/291 par
|-damage|p2a: Lakmécygne|90\/291 par|[from] Stealth Rock
|move|p1a: Ignorance|Moonblast|p2a: Lakmécygne
|-damage|p2a: Lakmécygne|0 fnt
|faint|p2a: Lakmécygne
|
|upkeep
|choice||switch 2
|
|switch|p2a: Mastouffe|Stoutland, M|144\/312
|-damage|p2a: Mastouffe|105\/312|[from] Stealth Rock
|turn|27
|choice|move moonblast|move return
|
|move|p2a: Mastouffe|Return|p1a: Ignorance
|-damage|p1a: Ignorance|0 fnt
|faint|p1a: Ignorance
|
|upkeep
|choice|switch 3|
|
|switch|p1a: Improvement|Leafeon, F|238\/271
|-damage|p1a: Improvement|205\/271|[from] Stealth Rock
|turn|28
|l|S poire loose
|choice|move leafblade|switch 3
|
|switch|p2a: Grolem|Golem, F|301\/301
|-damage|p2a: Grolem|283\/301|[from] Stealth Rock
|move|p1a: Improvement|Leaf Blade|p2a: Grolem
|-supereffective|p2a: Grolem
|-damage|p2a: Grolem|0 fnt
|faint|p2a: Grolem
|
|upkeep
|choice||switch 6
|
|switch|p2a: Electrode|Electrode|186\/273
|-damage|p2a: Electrode|152\/273|[from] Stealth Rock
|turn|29
|choice|switch 2|move hiddenpower
|
|switch|p1a: Freedom?|Trapinch, M|294\/294
|-damage|p1a: Freedom?|276\/294|[from] Stealth Rock
|move|p2a: Electrode|Hidden Power|p1a: Freedom?
|-supereffective|p1a: Freedom?
|-damage|p1a: Freedom?|128\/294
|
|upkeep
|turn|30
|j|S poire loose
|c|☆Beksel ✘|wait
|c|☆Beksel ✘|that kill
|c|☆Beksel ✘|rip
|c|☆Tuthur1|obviously
|choice|move earthquake|move hiddenpower
|
|move|p2a: Electrode|Hidden Power|p1a: Freedom?
|-supereffective|p1a: Freedom?
|-damage|p1a: Freedom?|0 fnt
|faint|p1a: Freedom?
|
|upkeep
|c|#2xTheTap|you forgot evs or that's specs or you're not careful max spdef
|l|Imparfait
|c|☆Beksel ✘|i'm not max spe def
|c|☆Tuthur1|its specs
|c|☆Beksel ✘|+164spe def  96def
|choice|switch 2|
|
|switch|p1a: Improvement|Leafeon, F|205\/271
|-damage|p1a: Improvement|172\/271|[from] Stealth Rock
|turn|31
|choice|move leafblade|move hiddenpower
|
|move|p2a: Electrode|Hidden Power|p1a: Improvement
|-supereffective|p1a: Improvement
|-enditem|p1a: Improvement|Yache Berry|[eat]
|-enditem|p1a: Improvement|Yache Berry|[weaken]
|-damage|p1a: Improvement|45\/271
|move|p1a: Improvement|Leaf Blade|p2a: Electrode
|-damage|p2a: Electrode|0 fnt
|faint|p2a: Electrode
|
|upkeep
|choice||switch 3
|
|switch|p2a: Mastouffe|Stoutland, M|105\/312
|-damage|p2a: Mastouffe|66\/312|[from] Stealth Rock
|turn|32
|c|☆Beksel ✘|gg
|c|☆Tuthur1|gg
|choice|move leafblade|move return
|
|move|p1a: Improvement|Leaf Blade|p2a: Mastouffe
|-damage|p2a: Mastouffe|0 fnt
|faint|p2a: Mastouffe
|
|win|Beksel ✘
|l|TIBot
|l|Tuthur1
|l|S poire loose
|l|Beksel ✘
|l|Hugobou
|j|Tuthur1
|j|Imparfait</script>
</div>
<div class="battle-log battle-log-inline"><div class="inner"><div class="battle-options"></div><div class="inner"><div class="chat"><small>Beksel ✘ joined.</small></div><div class="chat"><small>Tuthur1 joined.</small></div><div class=""><small>Format:</small> <br><strong>PU</strong></div><div class=""><small><em>Sleep Clause Mod:</em> Limit one foe put to sleep</small></div><div class=""><small><em>Species Clause:</em> Limit one of each Pokémon</small></div><div class=""><small><em>OHKO Clause:</em> OHKO moves are banned</small></div><div class=""><small><em>Moody Clause:</em> Moody is banned</small></div><div class=""><small><em>Evasion Moves Clause:</em> Evasion moves are banned</small></div><div class=""><small><em>Endless Battle Clause:</em> Forcing endless battles is banned</small></div><div class=""><small><em>HP Percentage Mod:</em> HP is shown in percentages</small></div><div class=""><small><em>Swagger Clause:</em> Swagger is banned</small></div><div class=""><small><em>Baton Pass Clause:</em> Limit one Baton Passer, can't pass Spe and other stats simultaneously</small></div><div class="chat battle-history"><strong>Beksel ✘'s team:</strong> <em style="color:#445566;display:block;">Articuno / Trapinch / Pelipper / Mawile / Leafeon / Clefairy</em></div><div class="chat battle-history"><strong>Tuthur1's team:</strong> <em style="color:#445566;display:block;">Mawile / Leavanny / Electrode / Stoutland / Golem / Swanna</em></div><div class="chat"><small>TIBot joined.</small></div><div class="chat"><small>Imparfait joined.</small></div><div class="chat chatmessage-tuthur1"><strong style="color:hsl(286,57%,51.03353493537015%)"><small>☆</small><span class="username" data-name="Tuthur1">Tuthur1</span>:</strong> <em>glhf</em></div><div class="chat"><small>pink tape joined.</small></div><div class="chat chatmessage-beksel"><strong style="color:hsl(31,69%,45%)"><small>☆</small><span class="username" data-name="Beksel ✘">Beksel ✘</span>:</strong> <em>Have Fun!</em></div><div class="chat"><small>Hugobou joined.</small></div><div class="spacer battle-history"><br></div><div class="battle-history">Battle started between Beksel ✘ and Tuthur1!<br></div><div class="spacer battle-history"><br></div><div class="battle-history">Go! Recklessness (<strong>Pelipper</strong>)!<br></div><div class="spacer battle-history"><br></div><div class="battle-history">Tuthur1 sent out Manternel (<strong>Leavanny</strong>)!<br></div><div class="spacer battle-history"><br></div><h2 class="battle-history">Turn 1</h2><div class="chat"><small>S poire loose joined.</small></div><div class="spacer battle-history"><br></div><div class="battle-history">The opposing Manternel used <strong>Electroweb</strong>!<br></div><div class="battle-history"><small>It's super effective!</small><br></div><div class="battle-history"><small>(Recklessness lost <abbr title="−168/323">52.0%</abbr> of its health!)</small><br></div><div class="battle-history"><small>Recklessness's Speed fell!</small><br></div><div class="spacer battle-history"><br></div><div class="battle-history">Recklessness used <strong>Scald</strong>!<br></div><div class="battle-history"><small>It's not very effective...</small><br></div><div class="battle-history"><small>(The opposing Manternel lost <abbr title="−54/291">18.6%</abbr> of its health!)</small><br></div><div class="battle-history"><small>The opposing Manternel was burned!</small><br></div><div class="spacer battle-history"><br></div><div class="battle-history"><small>Recklessness restored a little HP using its Leftovers!</small><br></div><div class="battle-history"><small>The opposing Manternel was hurt by its burn!</small><br></div><div class="spacer battle-history"><br></div><h2 class="battle-history">Turn 2</h2><div class="spacer battle-history"><br></div><div class="battle-history">Recklessness, come back!<br></div><div class="battle-history">Go! Wisdom (<strong>Articuno</strong>)!<br></div><div class="battle-history"><small>[Wisdom's Pressure]</small><br><small>Wisdom is exerting its pressure!</small><br></div><div class="spacer battle-history"><br></div><div class="battle-history">The opposing Manternel used <strong>Electroweb</strong>!<br></div><div class="battle-history"><small>It's super effective!</small><br></div><div class="battle-history"><small>(Wisdom lost <abbr title="−54/321">16.8%</abbr> of its health!)</small><br></div><div class="battle-history"><small>Wisdom's Speed fell!</small><br></div><div class="spacer battle-history"><br></div><div class="battle-history"><small>Wisdom restored a little HP using its Leftovers!</small><br></div><div class="battle-history"><small>The opposing Manternel was hurt by its burn!</small><br></div><div class="spacer battle-history"><br></div><h2 class="battle-history">Turn 3</h2><div class="chat"><small>The Golden Banjo joined.</small></div><div class="chat"><small>2xTheTap joined.</small></div><div class="spacer battle-history"><br></div><div class="battle-history">The opposing Manternel used <strong>Knock Off</strong>!<br></div><div class="battle-history"><small>(Wisdom lost <abbr title="−45/321">14.0%</abbr> of its health!)</small><br></div><div class="battle-history"><small>The opposing Manternel knocked off Wisdom's Leftovers!</small><br></div><div class="spacer battle-history"><br></div><div class="battle-history">Wisdom used <strong>Ice Beam</strong>!<br></div><div class="battle-history"><small>It's super effective!</small><br></div><div class="battle-history"><small>(The opposing Manternel lost <abbr title="−165/291">56.7%</abbr> of its health!)</small><br></div><div class="spacer battle-history"><br></div><div class="battle-history">The opposing Manternel fainted!<br></div><div class="chat"><small>The Golden Banjo left.</small></div><div class="spacer battle-history"><br></div><div class="battle-history">Tuthur1 sent out Mastouffe (<strong>Stoutland</strong>)!<br></div><div class="spacer battle-history"><br></div><h2 class="battle-history">Turn 4</h2><div class="chat"><small>S poire loose left.</small></div><div class="spacer battle-history"><br></div><div class="battle-history">Tuthur1 withdrew Mastouffe!<br></div><div class="battle-history">Tuthur1 sent out Grolem (<strong>Golem</strong>)!<br></div><div class="spacer battle-history"><br></div><div class="battle-history">Wisdom, come back!<br></div><div class="battle-history">Go! Durability (<strong>Mawile</strong>)!<br></div><div class="battle-history"><small>[Durability's Intimidate]</small><br></div><div class="battle-history"><small>The opposing Grolem's Attack fell!</small><br></div><div class="spacer battle-history"><br></div><h2 class="battle-history">Turn 5</h2><div class="chat"><small>i like cute things joined.</small></div><div class="chat"><small>Levohl joined.</small></div><div class="spacer battle-history"><br></div><div class="battle-history">Durability, come back!<br></div><div class="battle-history">Go! Improvement (<strong>Leafeon</strong>)!<br></div><div class="spacer battle-history"><br></div><div class="battle-history">The opposing Grolem used <strong>Stealth Rock</strong>!<br></div><div class="battle-history"><small>Pointed stones float in the air around your team!</small><br></div><div class="spacer battle-history"><br></div><h2 class="battle-history">Turn 6</h2><div class="spacer battle-history"><br></div><div class="battle-history">Tuthur1 withdrew Grolem!<br></div><div class="battle-history">Tuthur1 sent out Mysdibule (<strong>Mawile</strong>)!<br></div><div class="spacer battle-history"><br></div><div class="battle-history">Improvement used <strong>Knock Off</strong>!<br></div><div class="battle-history"><small>It's not very effective...</small><br></div><div class="battle-history"><small>(The opposing Mysdibule lost <abbr title="−56/242">23.1%</abbr> of its health!)</small><br></div><div class="battle-history"><small>Improvement knocked off the opposing Mysdibule's Life Orb!</small><br></div><div class="spacer battle-history"><br></div><h2 class="battle-history">Turn 7</h2><div class="chat"><small>Levohl left.</small></div><div class="chat"><small>S poire loose joined.</small></div><div class="chat"><small>i like cute things left.</small></div><div class="spacer battle-history"><br></div><div class="battle-history">Tuthur1 withdrew Mysdibule!<br></div><div class="battle-history">Tuthur1 sent out Lakmécygne (<strong>Swanna</strong>)!<br></div><div class="spacer battle-history"><br></div><div class="battle-history">Improvement used <strong>Leaf Blade</strong>!<br></div><div class="battle-history"><small>(The opposing Lakmécygne lost <abbr title="−217/291">74.6%</abbr> of its health!)</small><br></div><div class="spacer battle-history"><br></div><h2 class="battle-history">Turn 8</h2><div class="spacer battle-history"><br></div><div class="battle-history">Improvement, come back!<br></div><div class="battle-history">Go! Ignorance (<strong>Clefairy</strong>)!<br></div><div class="spacer battle-history"><br></div><div class="battle-history">The opposing Lakmécygne used <strong>Hurricane</strong>!<br></div><div class="battle-history"><small>(Ignorance lost <abbr title="−129/344">37.5%</abbr> of its health!)</small><br></div><div class="battle-history"><small>Ignorance became confused!</small><br></div><div class="battle-history"><small>The opposing Lakmécygne lost some of its HP!</small><br></div><div class="spacer battle-history"><br></div><h2 class="battle-history">Turn 9</h2><div class="spacer battle-history"><br></div><div class="battle-history">The opposing Lakmécygne used <strong>Roost</strong>!<br></div><div class="battle-history"><small>The opposing Lakmécygne restored its HP.</small><br></div><div class="spacer battle-history"><br></div><div class="battle-history"><small>Ignorance is confused!</small><br></div><div class="battle-history">Ignorance used <strong>Thunder Wave</strong>!<br></div><div class="battle-history"><small>The opposing Lakmécygne is paralyzed! It may be unable to move!</small><br></div><div class="spacer battle-history"><br></div><h2 class="battle-history">Turn 10</h2><div class="spacer battle-history"><br></div><div class="battle-history"><small>Ignorance is confused!</small><br></div><div class="battle-history">Ignorance used <strong>Thunder Wave</strong>!<br></div><div class="battle-history"><small>The opposing Lakmécygne is already paralyzed.</small><br></div><div class="spacer battle-history"><br></div><div class="battle-history">The opposing Lakmécygne used <strong>Hurricane</strong>!<br></div><div class="battle-history"><small>(Ignorance lost <abbr title="−113/344">32.8%</abbr> of its health!)</small><br></div><div class="battle-history"><small>The opposing Lakmécygne lost some of its HP!</small><br></div><div class="spacer battle-history"><br></div><h2 class="battle-history">Turn 11</h2><div class="spacer battle-history"><br></div><div class="battle-history"><small>Ignorance is confused!</small><br></div><div class="battle-history">It hurt itself in its confusion!<br></div><div class="spacer battle-history"><br></div><div class="battle-history">The opposing Lakmécygne is paralyzed! It can't move!<br></div><div class="spacer battle-history"><br></div><h2 class="battle-history">Turn 12</h2><div class="spacer battle-history"><br></div><div class="battle-history">Tuthur1 withdrew Lakmécygne!<br></div><div class="battle-history">Tuthur1 sent out Mysdibule (<strong>Mawile</strong>)!<br></div><div class="battle-history"><small>Ignorance snapped out of its confusion!</small><br></div><div class="spacer battle-history"><br></div><div class="battle-history">Ignorance used <strong>Soft-Boiled</strong>!<br></div><div class="battle-history"><small>Ignorance restored its HP.</small><br></div><div class="spacer battle-history"><br></div><h2 class="battle-history">Turn 13</h2><div class="chat"><small>S poire loose left.</small></div><div class="spacer battle-history"><br></div><div class="battle-history">The opposing Mysdibule used <strong>Swords Dance</strong>!<br></div><div class="battle-history"><small>The opposing Mysdibule's Attack rose sharply!</small><br></div><div class="spacer battle-history"><br></div><div class="battle-history">Ignorance used <strong>Encore</strong>!<br></div><div class="battle-history"><small>The opposing Mysdibule received an encore!</small><br></div><div class="spacer battle-history"><br></div><h2 class="battle-history">Turn 14</h2><div class="spacer battle-history"><br></div><div class="battle-history">Tuthur1 withdrew Mysdibule!<br></div><div class="battle-history">Tuthur1 sent out <strong>Electrode</strong>!<br></div><div class="spacer battle-history"><br></div><div class="battle-history">Ignorance used <strong>Moonblast</strong>!<br></div><div class="battle-history"><small>(The opposing Electrode lost <abbr title="−87/273">31.9%</abbr> of its health!)</small><br></div><div class="spacer battle-history"><br></div><h2 class="battle-history">Turn 15</h2><div class="spacer battle-history"><br></div><div class="battle-history">Tuthur1 withdrew Electrode!<br></div><div class="battle-history">Tuthur1 sent out Mastouffe (<strong>Stoutland</strong>)!<br></div><div class="spacer battle-history"><br></div><div class="battle-history">Ignorance used <strong>Moonblast</strong>!<br></div><div class="battle-history"><small>(The opposing Mastouffe lost <abbr title="−84/312">26.9%</abbr> of its health!)</small><br></div><div class="battle-history"><small>The opposing Mastouffe's Special Attack fell!</small><br></div><div class="spacer battle-history"><br></div><h2 class="battle-history">Turn 16</h2><div class="chat"><small>S poire loose joined.</small></div><div class="spacer battle-history"><br></div><div class="battle-history">Ignorance, come back!<br></div><div class="battle-history">Go! Recklessness (<strong>Pelipper</strong>)!<br></div><div class="battle-history"><small>Pointed stones dug into Recklessness!</small><br></div><div class="spacer battle-history"><br></div><div class="battle-history">The opposing Mastouffe used <strong>Return</strong>!<br></div><div class="battle-history"><small>(Recklessness lost <abbr title="−95/323">29.4%</abbr> of its health!)</small><br></div><div class="spacer battle-history"><br></div><div class="battle-history">Recklessness fainted!<br></div><div class="spacer battle-history"><br></div><div class="battle-history">Go! Durability (<strong>Mawile</strong>)!<br></div><div class="battle-history"><small>Pointed stones dug into Durability!</small><br></div><div class="battle-history"><small>[Durability's Intimidate]</small><br></div><div class="battle-history"><small>The opposing Mastouffe's Attack fell!</small><br></div><div class="spacer battle-history"><br></div><h2 class="battle-history">Turn 17</h2><div class="spacer battle-history"><br></div><div class="battle-history">Tuthur1 withdrew Mastouffe!<br></div><div class="battle-history">Tuthur1 sent out Lakmécygne (<strong>Swanna</strong>)!<br></div><div class="spacer battle-history"><br></div><div class="battle-history">Durability used <strong>Baton Pass</strong>!<br></div><div class="spacer battle-history"><br></div><div class="battle-history">Go! Wisdom (<strong>Articuno</strong>)!<br></div><div class="battle-history"><small>Pointed stones dug into Wisdom!</small><br></div><div class="battle-history"><small>[Wisdom's Pressure]</small><br><small>Wisdom is exerting its pressure!</small><br></div><div class="spacer battle-history"><br></div><h2 class="battle-history">Turn 18</h2><div class="chat"><small>LordST joined.</small></div><div class="spacer battle-history"><br></div><div class="battle-history">Tuthur1 withdrew Lakmécygne!<br></div><div class="battle-history">Tuthur1 sent out Mysdibule (<strong>Mawile</strong>)!<br></div><div class="spacer battle-history"><br></div><div class="battle-history">Wisdom used <strong>Ice Beam</strong>!<br></div><div class="battle-history"><small>It's not very effective...</small><br></div><div class="battle-history"><small>(The opposing Mysdibule lost <abbr title="−110/242">45.5%</abbr> of its health!)</small><br></div><div class="spacer battle-history"><br></div><h2 class="battle-history">Turn 19</h2><div class="chat chatmessage-lordst"><strong style="color:hsl(5,52%,47%)"><small>+</small><span class="username" data-name="LordST">LordST</span>:</strong> <em>ice beam on cuno in 2017 lul</em></div><div class="spacer battle-history"><br></div><div class="battle-history">The opposing Mysdibule used <strong>Sucker Punch</strong>!<br></div><div class="battle-history"><small>(Wisdom lost <abbr title="−82/321">25.5%</abbr> of its health!)</small><br></div><div class="spacer battle-history"><br></div><div class="battle-history">Wisdom fainted!<br></div><div class="chat chatmessage-beksel"><strong style="color:hsl(31,69%,45%)"><small>☆</small><span class="username" data-name="Beksel ✘">Beksel ✘</span>:</strong> <em>yeah</em></div><div class="chat"><small>S poire loose left.</small></div><div class="chat chatmessage-beksel"><strong style="color:hsl(31,69%,45%)"><small>☆</small><span class="username" data-name="Beksel ✘">Beksel ✘</span>:</strong> <em>with trapinch for trap chinchou</em></div><div class="chat chatmessage-lordst"><strong style="color:hsl(5,52%,47%)"><small>+</small><span class="username" data-name="LordST">LordST</span>:</strong> <em>!dt freeze dry</em></div><div class="chat"><ul class="utilichart"><li class="result"><a target="_blank" rel="noopener"><span class="col movenamecol">Freeze-Dry</span> <span class="col typecol"><img src="//play.pokemonshowdown.com/sprites/types/Ice.png" alt="Ice" width="32" height="14"><img src="//play.pokemonshowdown.com/sprites/categories/Special.png" alt="Special" width="32" height="14"></span> <span class="col labelcol"><em>Power</em><br>70</span> <span class="col widelabelcol"><em>Accuracy</em><br>100%</span> <span class="col pplabelcol"><em>PP</em><br>20</span> <span class="col movedesccol">10% chance to freeze. Super effective on Water.</span> </a></li><li></li></ul></div><div class="chat"><font size="1"><font color="#686868">Priority:</font> 0&nbsp;|  <font color="#686868">Gen:</font> 6&nbsp;|  ✓ Secondary effect&nbsp;|  <font color="#686868">Z-Power:</font> 140&nbsp;|  <font color="#686868">Target:</font> One Adjacent Pokémon</font></div><div class="chat chatmessage-lordst"><strong style="color:hsl(5,52%,47%)"><small>+</small><span class="username" data-name="LordST">LordST</span>:</strong> <em>still</em></div><div class="spacer battle-history"><br></div><div class="battle-history">Go! Improvement (<strong>Leafeon</strong>)!<br></div><div class="battle-history"><small>Pointed stones dug into Improvement!</small><br></div><div class="spacer battle-history"><br></div><h2 class="battle-history">Turn 20</h2><div class="chat"><small>S poire loose joined.</small></div><div class="spacer battle-history"><br></div><div class="battle-history">Improvement used <strong>Leaf Blade</strong>!<br></div><div class="battle-history"><small>It's not very effective...</small><br></div><div class="battle-history"><small>(The opposing Mysdibule lost <abbr title="−76/242">31.4%</abbr> of its health!)</small><br></div><div class="spacer battle-history"><br></div><div class="battle-history">The opposing Mysdibule fainted!<br></div><div class="chat chatmessage-lordst"><strong style="color:hsl(5,52%,47%)"><small>+</small><span class="username" data-name="LordST">LordST</span>:</strong> <em>its for other things too</em></div><div class="chat chatmessage-lordst"><strong style="color:hsl(5,52%,47%)"><small>+</small><span class="username" data-name="LordST">LordST</span>:</strong> <em>you dont have to risk hurricane vs waters</em></div><div class="spacer battle-history"><br></div><div class="battle-history">Tuthur1 sent out <strong>Electrode</strong>!<br></div><div class="spacer battle-history"><br></div><h2 class="battle-history">Turn 21</h2><div class="spacer battle-history"><br></div><div class="battle-history">Improvement, come back!<br></div><div class="battle-history">Go! Ignorance (<strong>Clefairy</strong>)!<br></div><div class="spacer battle-history"><br></div><div class="battle-history">The opposing Electrode used <strong>Signal Beam</strong>!<br></div><div class="battle-history"><small>It's not very effective...</small><br></div><div class="battle-history"><small>(Ignorance lost <abbr title="−35/344">10.2%</abbr> of its health!)</small><br></div><div class="spacer battle-history"><br></div><h2 class="battle-history">Turn 22</h2><div class="spacer battle-history"><br></div><div class="battle-history">Tuthur1 withdrew Electrode!<br></div><div class="battle-history">Tuthur1 sent out Mastouffe (<strong>Stoutland</strong>)!<br></div><div class="spacer battle-history"><br></div><div class="battle-history">Ignorance used <strong>Moonblast</strong>!<br></div><div class="battle-history"><small>(The opposing Mastouffe lost <abbr title="−84/312">26.9%</abbr> of its health!)</small><br></div><div class="battle-history"><small>The opposing Mastouffe's Special Attack fell!</small><br></div><div class="spacer battle-history"><br></div><h2 class="battle-history">Turn 23</h2><div class="chat"><small>UberSkitty joined.</small></div><div class="spacer battle-history"><br></div><div class="battle-history">Tuthur1 withdrew Mastouffe!<br></div><div class="battle-history">Tuthur1 sent out Grolem (<strong>Golem</strong>)!<br></div><div class="spacer battle-history"><br></div><div class="battle-history">Ignorance, come back!<br></div><div class="battle-history">Go! Durability (<strong>Mawile</strong>)!<br></div><div class="battle-history"><small>Pointed stones dug into Durability!</small><br></div><div class="battle-history"><small>[Durability's Intimidate]</small><br></div><div class="battle-history"><small>The opposing Grolem's Attack fell!</small><br></div><div class="spacer battle-history"><br></div><h2 class="battle-history">Turn 24</h2><div class="chat chatmessage-uberskitty"><strong style="color:hsl(74,64%,33%)"><small> </small><span class="username" data-name="UberSkitty">UberSkitty</span>:</strong> <em>glhf</em></div><div class="spacer battle-history"><br></div><div class="battle-history">The opposing Grolem used <strong>Stone Edge</strong>!<br></div><div class="battle-history"><small>It's not very effective...</small><br></div><div class="battle-history"><small>(Durability lost <abbr title="−62/304">20.4%</abbr> of its health!)</small><br></div><div class="spacer battle-history"><br></div><div class="battle-history">Durability used <strong>Stealth Rock</strong>!<br></div><div class="battle-history"><small>Pointed stones float in the air around the opposing team!</small><br></div><div class="spacer battle-history"><br></div><h2 class="battle-history">Turn 25</h2><div class="spacer battle-history"><br></div><div class="battle-history">The opposing Grolem used <strong>Earthquake</strong>!<br></div><div class="battle-history"><small>It's super effective!</small><br></div><div class="battle-history"><small>(Durability lost <abbr title="−204/304">67.1%</abbr> of its health!)</small><br></div><div class="spacer battle-history"><br></div><div class="battle-history">Durability fainted!<br></div><div class="spacer battle-history"><br></div><div class="battle-history">Go! Ignorance (<strong>Clefairy</strong>)!<br></div><div class="spacer battle-history"><br></div><h2 class="battle-history">Turn 26</h2><div class="spacer battle-history"><br></div><div class="battle-history">Tuthur1 withdrew Grolem!<br></div><div class="battle-history">Tuthur1 sent out Lakmécygne (<strong>Swanna</strong>)!<br></div><div class="battle-history"><small>Pointed stones dug into the opposing Lakmécygne!</small><br></div><div class="spacer battle-history"><br></div><div class="battle-history">Ignorance used <strong>Moonblast</strong>!<br></div><div class="battle-history"><small>(The opposing Lakmécygne lost <abbr title="−90/291">30.9%</abbr> of its health!)</small><br></div><div class="spacer battle-history"><br></div><div class="battle-history">The opposing Lakmécygne fainted!<br></div><div class="spacer battle-history"><br></div><div class="battle-history">Tuthur1 sent out Mastouffe (<strong>Stoutland</strong>)!<br></div><div class="battle-history"><small>Pointed stones dug into the opposing Mastouffe!</small><br></div><div class="spacer battle-history"><br></div><h2 class="battle-history">Turn 27</h2><div class="spacer battle-history"><br></div><div class="battle-history">The opposing Mastouffe used <strong>Return</strong>!<br></div><div class="battle-history"><small>(Ignorance lost <abbr title="−224/344">65.1%</abbr> of its health!)</small><br></div><div class="spacer battle-history"><br></div><div class="battle-history">Ignorance fainted!<br></div><div class="spacer battle-history"><br></div><div class="battle-history">Go! Improvement (<strong>Leafeon</strong>)!<br></div><div class="battle-history"><small>Pointed stones dug into Improvement!</small><br></div><div class="spacer battle-history"><br></div><h2 class="battle-history">Turn 28</h2><div class="chat"><small>S poire loose left.</small></div><div class="spacer battle-history"><br></div><div class="battle-history">Tuthur1 withdrew Mastouffe!<br></div><div class="battle-history">Tuthur1 sent out Grolem (<strong>Golem</strong>)!<br></div><div class="battle-history"><small>Pointed stones dug into the opposing Grolem!</small><br></div><div class="spacer battle-history"><br></div><div class="battle-history">Improvement used <strong>Leaf Blade</strong>!<br></div><div class="battle-history"><small>It's super effective!</small><br></div><div class="battle-history"><small>(The opposing Grolem lost <abbr title="−283/301">94.0%</abbr> of its health!)</small><br></div><div class="spacer battle-history"><br></div><div class="battle-history">The opposing Grolem fainted!<br></div><div class="spacer battle-history"><br></div><div class="battle-history">Tuthur1 sent out <strong>Electrode</strong>!<br></div><div class="battle-history"><small>Pointed stones dug into the opposing Electrode!</small><br></div><div class="spacer battle-history"><br></div><h2 class="battle-history">Turn 29</h2><div class="spacer battle-history"><br></div><div class="battle-history">Improvement, come back!<br></div><div class="battle-history">Go! Freedom? (<strong>Trapinch</strong>)!<br></div><div class="battle-history"><small>Pointed stones dug into Freedom?!</small><br></div><div class="spacer battle-history"><br></div><div class="battle-history">The opposing Electrode used <strong>Hidden Power</strong>!<br></div><div class="battle-history"><small>It's super effective!</small><br></div><div class="battle-history"><small>(Freedom? lost <abbr title="−148/294">50.3%</abbr> of its health!)</small><br></div><div class="spacer battle-history"><br></div><h2 class="battle-history">Turn 30</h2><div class="chat"><small>S poire loose joined.</small></div><div class="chat chatmessage-beksel"><strong style="color:hsl(31,69%,45%)"><small>☆</small><span class="username" data-name="Beksel ✘">Beksel ✘</span>:</strong> <em>wait</em></div><div class="chat chatmessage-beksel"><strong style="color:hsl(31,69%,45%)"><small>☆</small><span class="username" data-name="Beksel ✘">Beksel ✘</span>:</strong> <em>that kill</em></div><div class="chat chatmessage-beksel"><strong style="color:hsl(31,69%,45%)"><small>☆</small><span class="username" data-name="Beksel ✘">Beksel ✘</span>:</strong> <em>rip</em></div><div class="chat chatmessage-tuthur1"><strong style="color:hsl(286,57%,51.03353493537015%)"><small>☆</small><span class="username" data-name="Tuthur1">Tuthur1</span>:</strong> <em>obviously</em></div><div class="spacer battle-history"><br></div><div class="battle-history">The opposing Electrode used <strong>Hidden Power</strong>!<br></div><div class="battle-history"><small>It's super effective!</small><br></div><div class="battle-history"><small>(Freedom? lost <abbr title="−128/294">43.5%</abbr> of its health!)</small><br></div><div class="spacer battle-history"><br></div><div class="battle-history">Freedom? fainted!<br></div><div class="chat chatmessage-2xthetap"><strong style="color:hsl(356,51%,50.948703188140954%)"><small>#</small><span class="username" data-name="2xTheTap">2xTheTap</span>:</strong> <em>you forgot evs or that's specs or you're not careful max spdef</em></div><div class="chat"><small>Imparfait left.</small></div><div class="chat chatmessage-beksel"><strong style="color:hsl(31,69%,45%)"><small>☆</small><span class="username" data-name="Beksel ✘">Beksel ✘</span>:</strong> <em>i'm not max spe def</em></div><div class="chat chatmessage-tuthur1"><strong style="color:hsl(286,57%,51.03353493537015%)"><small>☆</small><span class="username" data-name="Tuthur1">Tuthur1</span>:</strong> <em>its specs</em></div><div class="chat chatmessage-beksel"><strong style="color:hsl(31,69%,45%)"><small>☆</small><span class="username" data-name="Beksel ✘">Beksel ✘</span>:</strong> <em>+164spe def  96def</em></div><div class="spacer battle-history"><br></div><div class="battle-history">Go! Improvement (<strong>Leafeon</strong>)!<br></div><div class="battle-history"><small>Pointed stones dug into Improvement!</small><br></div><div class="spacer battle-history"><br></div><h2 class="battle-history">Turn 31</h2><div class="spacer battle-history"><br></div><div class="battle-history">The opposing Electrode used <strong>Hidden Power</strong>!<br></div><div class="battle-history"><small>It's super effective!</small><br></div><div class="battle-history"><small>Improvement ate its Yache Berry!</small><br></div><div class="battle-history"><small>The Yache Berry weakened the damage to Improvement!</small><br></div><div class="battle-history"><small>(Improvement lost <abbr title="−127/271">46.9%</abbr> of its health!)</small><br></div><div class="spacer battle-history"><br></div><div class="battle-history">Improvement used <strong>Leaf Blade</strong>!<br></div><div class="battle-history"><small>(The opposing Electrode lost <abbr title="−152/273">55.7%</abbr> of its health!)</small><br></div><div class="spacer battle-history"><br></div><div class="battle-history">The opposing Electrode fainted!<br></div><div class="spacer battle-history"><br></div><div class="battle-history">Tuthur1 sent out Mastouffe (<strong>Stoutland</strong>)!<br></div><div class="battle-history"><small>Pointed stones dug into the opposing Mastouffe!</small><br></div><div class="spacer battle-history"><br></div><h2 class="battle-history">Turn 32</h2><div class="chat chatmessage-beksel"><strong style="color:hsl(31,69%,45%)"><small>☆</small><span class="username" data-name="Beksel ✘">Beksel ✘</span>:</strong> <em>gg</em></div><div class="chat chatmessage-tuthur1"><strong style="color:hsl(286,57%,51.03353493537015%)"><small>☆</small><span class="username" data-name="Tuthur1">Tuthur1</span>:</strong> <em>gg</em></div><div class="spacer battle-history"><br></div><div class="battle-history">Improvement used <strong>Leaf Blade</strong>!<br></div><div class="battle-history"><small>(The opposing Mastouffe lost <abbr title="−66/312">21.2%</abbr> of its health!)</small><br></div><div class="spacer battle-history"><br></div><div class="battle-history">The opposing Mastouffe fainted!<br></div><div class="spacer battle-history"><br></div><div class="battle-history"><strong>Beksel ✘</strong> won the battle!<br></div><div class="chat"><small>TIBot left.</small></div><div class="chat"><small>Tuthur1 left.</small></div><div class="chat"><small>S poire loose left.</small></div><div class="chat"><small>Beksel ✘ left.</small></div><div class="chat"><small>Hugobou left.</small></div><div class="chat"><small>Tuthur1 joined.</small></div><div class="chat"><small>Imparfait joined.</small></div></div><div class="inner-preempt"></div></div></div>
</div>
<script>
let daily = Math.floor(Date.now()/1000/60/60/24);document.write('<script src="https://play.pokemonshowdown.com/js/replay-embed.js?version'+daily+'"></'+'script>');
</script>
