<!DOCTYPE html>
<meta charset="utf-8" />
<!-- version 1 -->
<title>PU replay: Volcano Badge vs. Grimwolf100</title>
<style>
html,body {font-family:Verdana, sans-serif;font-size:10pt;margin:0;padding:0;}body{padding:12px 0;} .battle-log {font-family:Verdana, sans-serif;font-size:10pt;} .battle-log-inline {border:1px solid #AAAAAA;background:#EEF2F5;color:black;max-width:640px;margin:0 auto 80px;padding-bottom:5px;} .battle-log .inner {padding:4px 8px 0px 8px;} .battle-log .inner-preempt {padding:0 8px 4px 8px;} .battle-log .inner-after {margin-top:0.5em;} .battle-log h2 {margin:0.5em -8px;padding:4px 8px;border:1px solid #AAAAAA;background:#E0E7EA;border-left:0;border-right:0;font-family:Verdana, sans-serif;font-size:13pt;} .battle-log .chat {vertical-align:middle;padding:3px 0 3px 0;font-size:8pt;} .battle-log .chat strong {color:#40576A;} .battle-log .chat em {padding:1px 4px 1px 3px;color:#000000;font-style:normal;} .chat.mine {background:rgba(0,0,0,0.05);margin-left:-8px;margin-right:-8px;padding-left:8px;padding-right:8px;} .spoiler {color:#BBBBBB;background:#BBBBBB;padding:0px 3px;} .spoiler:hover, .spoiler:active, .spoiler-shown {color:#000000;background:#E2E2E2;padding:0px 3px;} .spoiler a {color:#BBBBBB;} .spoiler:hover a, .spoiler:active a, .spoiler-shown a {color:#2288CC;} .chat code, .chat .spoiler:hover code, .chat .spoiler:active code, .chat .spoiler-shown code {border:1px solid #C0C0C0;background:#EEEEEE;color:black;padding:0 2px;} .chat .spoiler code {border:1px solid #CCCCCC;background:#CCCCCC;color:#CCCCCC;} .battle-log .rated {padding:3px 4px;} .battle-log .rated strong {color:white;background:#89A;padding:1px 4px;border-radius:4px;} .spacer {margin-top:0.5em;} .message-announce {background:#6688AA;color:white;padding:1px 4px 2px;} .message-announce a, .broadcast-green a, .broadcast-blue a, .broadcast-red a {color:#DDEEFF;} .broadcast-green {background-color:#559955;color:white;padding:2px 4px;} .broadcast-blue {background-color:#6688AA;color:white;padding:2px 4px;} .infobox {border:1px solid #6688AA;padding:2px 4px;} .infobox-limited {max-height:200px;overflow:auto;overflow-x:hidden;} .broadcast-red {background-color:#AA5544;color:white;padding:2px 4px;} .message-learn-canlearn {font-weight:bold;color:#228822;text-decoration:underline;} .message-learn-cannotlearn {font-weight:bold;color:#CC2222;text-decoration:underline;} .message-effect-weak {font-weight:bold;color:#CC2222;} .message-effect-resist {font-weight:bold;color:#6688AA;} .message-effect-immune {font-weight:bold;color:#666666;} .message-learn-list {margin-top:0;margin-bottom:0;} .message-throttle-notice, .message-error {color:#992222;} .message-overflow, .chat small.message-overflow {font-size:0pt;} .message-overflow::before {font-size:9pt;content:'...';} .subtle {color:#3A4A66;}
</style>
<div class="wrapper replay-wrapper" style="max-width:1180px;margin:0 auto">
<input type="hidden" name="replayid" value="pu-583010935" />
<div class="battle"></div><div class="battle-log"></div><div class="replay-controls"></div><div class="replay-controls-2"></div>
<h1 style="font-weight:normal;text-align:center"><strong>PU</strong><br /><a href="http://pokemonshowdown.com/users/volcanobadge" class="subtle" target="_blank">Volcano Badge</a> vs. <a href="http://pokemonshowdown.com/users/grimwolf100" class="subtle" target="_blank">Grimwolf100</a></h1>
<script type="text/plain" class="battle-log-data">|j|Volcano Badge
|j|Grimwolf100
|player|p1|Volcano Badge|1
|teamsize|p1|6
|player|p2|Grimwolf100|178
|teamsize|p2|6
|gametype|singles
|gen|6
|tier|PU
|rated
|seed|10413,19337,12523,25142
|rule|Sleep Clause Mod: Limit one foe put to sleep
|rule|Species Clause: Limit one of each Pokémon
|rule|OHKO Clause: OHKO moves are banned
|rule|Moody Clause: Moody is banned
|rule|Evasion Moves Clause: Evasion moves are banned
|rule|Endless Battle Clause: Forcing endless battles is banned
|rule|HP Percentage Mod: HP is shown in percentages
|clearpoke
|poke|p1|Cottonee, M|item
|poke|p1|Frogadier, M|item
|poke|p1|Misdreavus, F|item
|poke|p1|Gourgeist-*, M|item
|poke|p1|Golem, M|item
|poke|p1|Bouffalant, F|item
|poke|p2|Bouffalant, F, shiny|item
|poke|p2|Basculin, F|item
|poke|p2|Clefairy, F, shiny|item
|poke|p2|Meganium, F|item
|poke|p2|Rampardos, M, shiny|item
|poke|p2|Kadabra, F|item
|rule|Swagger Clause: Swagger is banned
|rule|Baton Pass Clause: Limit one Baton Passer, can't pass Spe and other stats simultaneously
|teampreview
|c|☆Grimwolf100|glhf
|c|☆Volcano Badge|u2
|choice|team 2, team 1, team 3, team 4, team 5, team 6|team 5, team 2, team 3, team 4, team 1, team 6
|
|start
|switch|p1a: Frogadier|Frogadier, M|249\/249
|switch|p2a: Rampardos|Rampardos, M, shiny|335\/335
|-ability|p2a: Rampardos|Mold Breaker
|turn|1
|choice|move toxicspikes|move headsmash
|
|move|p1a: Frogadier|Toxic Spikes|p2a: Rampardos
|-start|p1a: Frogadier|typechange|Poison|[from] Protean
|-sidestart|p2: Grimwolf100|move: Toxic Spikes
|move|p2a: Rampardos|Head Smash|p1a: Frogadier
|-damage|p1a: Frogadier|0 fnt
|-damage|p2a: Rampardos|210\/335|[from] Recoil|[of] p1a: Frogadier
|faint|p1a: Frogadier
|
|upkeep
|choice|switch 3|
|
|switch|p1a: Misdreavus|Misdreavus, F|323\/323
|turn|2
|choice|move willowisp|move headsmash
|
|move|p2a: Rampardos|Head Smash|p1a: Misdreavus
|-damage|p1a: Misdreavus|0 fnt
|-damage|p2a: Rampardos|48\/335|[from] Recoil|[of] p1a: Misdreavus
|faint|p1a: Misdreavus
|
|upkeep
|choice|switch 2|
|
|switch|p1a: Cottonee|Cottonee, M|283\/283
|turn|3
|choice|move substitute|move headsmash
|
|move|p1a: Cottonee|Substitute|p1a: Cottonee
|-start|p1a: Cottonee|Substitute
|-damage|p1a: Cottonee|213\/283
|move|p2a: Rampardos|Head Smash|p1a: Cottonee
|-end|p1a: Cottonee|Substitute
|-damage|p2a: Rampardos|13\/335|[from] Recoil|[of] p1a: Cottonee
|
|upkeep
|turn|4
|choice|move substitute|switch 6
|
|switch|p2a: Kadabra|Kadabra, F|221\/221
|-status|p2a: Kadabra|psn
|move|p1a: Cottonee|Substitute|p1a: Cottonee
|-start|p1a: Cottonee|Substitute
|-damage|p1a: Cottonee|143\/283
|
|upkeep
|turn|5
|choice|move knockoff|move calmmind
|
|move|p2a: Kadabra|Calm Mind|p2a: Kadabra
|-boost|p2a: Kadabra|spa|1
|-boost|p2a: Kadabra|spd|1
|move|p1a: Cottonee|Knock Off|p2a: Kadabra
|-supereffective|p2a: Kadabra
|-damage|p2a: Kadabra|125\/221 psn
|-enditem|p2a: Kadabra|Eviolite|[from] move: Knock Off|[of] p1a: Cottonee
|
|upkeep
|turn|6
|choice|move encore|move psyshock
|
|move|p1a: Cottonee|Encore|p2a: Kadabra
|-start|p2a: Kadabra|Encore
|move|p2a: Kadabra|Calm Mind|p2a: Kadabra
|-boost|p2a: Kadabra|spa|1
|-boost|p2a: Kadabra|spd|1
|
|upkeep
|turn|7
|choice|move knockoff|move calmmind
|
|move|p2a: Kadabra|Calm Mind|p2a: Kadabra
|-boost|p2a: Kadabra|spa|1
|-boost|p2a: Kadabra|spd|1
|move|p1a: Cottonee|Knock Off|p2a: Kadabra
|-supereffective|p2a: Kadabra
|-damage|p2a: Kadabra|27\/221 psn
|
|upkeep
|turn|8
|choice|move knockoff|move calmmind
|
|move|p2a: Kadabra|Calm Mind|p2a: Kadabra
|-boost|p2a: Kadabra|spa|1
|-boost|p2a: Kadabra|spd|1
|move|p1a: Cottonee|Knock Off|p2a: Kadabra
|-supereffective|p2a: Kadabra
|-damage|p2a: Kadabra|0 fnt
|faint|p2a: Kadabra
|
|upkeep
|choice||switch 6
|
|switch|p2a: Rampardos|Rampardos, M, shiny|13\/335
|-status|p2a: Rampardos|psn
|-ability|p2a: Rampardos|Mold Breaker
|turn|9
|choice|move substitute|move headsmash
|
|move|p1a: Cottonee|Substitute|p1a: Cottonee
|-fail|p1a: Cottonee|move: Substitute
|move|p2a: Rampardos|Head Smash|p1a: Cottonee
|-end|p1a: Cottonee|Substitute
|-damage|p2a: Rampardos|0 fnt|[from] Recoil|[of] p1a: Cottonee
|faint|p2a: Rampardos
|
|upkeep
|choice||switch 5
|
|switch|p2a: Bouffalant|Bouffalant, F, shiny|332\/332
|-status|p2a: Bouffalant|psn
|turn|10
|choice|switch 4|move headcharge
|
|switch|p1a: Gourgeist|Gourgeist-Small, M|289\/289
|-item|p2a: Bouffalant|Choice Band|[from] ability: Frisk|[of] p1a: Gourgeist|[identify]
|move|p2a: Bouffalant|Head Charge|p1a: Gourgeist
|-immune|p1a: Gourgeist|[msg]
|
|-damage|p2a: Bouffalant|291\/332 psn|[from] psn
|upkeep
|turn|11
|choice|move substitute|switch 3
|
|switch|p2a: Clefairy|Clefairy, F, shiny|344\/344
|-status|p2a: Clefairy|psn
|move|p1a: Gourgeist|Substitute|p1a: Gourgeist
|-start|p1a: Gourgeist|Substitute
|-damage|p1a: Gourgeist|217\/289
|
|-heal|p1a: Gourgeist|235\/289|[from] item: Leftovers
|upkeep
|turn|12
|choice|move skillswap|move stealthrock
|
|move|p1a: Gourgeist|Skill Swap|p2a: Clefairy
|-activate|p1a: Gourgeist|move: Skill Swap|Magic Guard|Frisk|[of] p2a: Clefairy
|-item|p1a: Gourgeist|Leftovers|[from] ability: Frisk|[of] p2a: Clefairy|[identify]
|move|p2a: Clefairy|Stealth Rock|p1a: Gourgeist
|-sidestart|p1: Volcano Badge|move: Stealth Rock
|
|-heal|p1a: Gourgeist|253\/289|[from] item: Leftovers
|-damage|p2a: Clefairy|301\/344 psn|[from] psn
|upkeep
|turn|13
|choice|move leechseed|move moonblast
|
|move|p1a: Gourgeist|Leech Seed|p2a: Clefairy
|-start|p2a: Clefairy|move: Leech Seed
|move|p2a: Clefairy|Moonblast|p1a: Gourgeist
|-end|p1a: Gourgeist|Substitute
|
|-heal|p1a: Gourgeist|271\/289|[from] item: Leftovers
|-damage|p2a: Clefairy|258\/344 psn|[from] Leech Seed|[of] p1a: Gourgeist
|-heal|p1a: Gourgeist|289\/289|[silent]
|-damage|p2a: Clefairy|215\/344 psn|[from] psn
|upkeep
|turn|14
|choice|move substitute|switch 2
|
|switch|p2a: Basculin|Basculin, F|281\/281
|-status|p2a: Basculin|psn
|move|p1a: Gourgeist|Substitute|p1a: Gourgeist
|-start|p1a: Gourgeist|Substitute
|-damage|p1a: Gourgeist|217\/289
|
|-heal|p1a: Gourgeist|235\/289|[from] item: Leftovers
|-damage|p2a: Basculin|246\/281 psn|[from] psn
|upkeep
|turn|15
|choice|move leechseed|move crunch
|
|move|p1a: Gourgeist|Leech Seed|p2a: Basculin
|-start|p2a: Basculin|move: Leech Seed
|move|p2a: Basculin|Crunch|p1a: Gourgeist
|-supereffective|p1a: Gourgeist
|-end|p1a: Gourgeist|Substitute
|-damage|p2a: Basculin|218\/281 psn|[from] item: Life Orb
|
|-heal|p1a: Gourgeist|253\/289|[from] item: Leftovers
|-damage|p2a: Basculin|183\/281 psn|[from] Leech Seed|[of] p1a: Gourgeist
|-heal|p1a: Gourgeist|288\/289|[silent]
|-damage|p2a: Basculin|148\/281 psn|[from] psn
|upkeep
|turn|16
|choice|move substitute|move crunch
|
|move|p1a: Gourgeist|Substitute|p1a: Gourgeist
|-start|p1a: Gourgeist|Substitute
|-damage|p1a: Gourgeist|216\/289
|move|p2a: Basculin|Crunch|p1a: Gourgeist
|-supereffective|p1a: Gourgeist
|-end|p1a: Gourgeist|Substitute
|-damage|p2a: Basculin|120\/281 psn|[from] item: Life Orb
|
|-heal|p1a: Gourgeist|234\/289|[from] item: Leftovers
|-damage|p2a: Basculin|85\/281 psn|[from] Leech Seed|[of] p1a: Gourgeist
|-heal|p1a: Gourgeist|269\/289|[silent]
|-damage|p2a: Basculin|50\/281 psn|[from] psn
|upkeep
|turn|17
|-message|Grimwolf100 forfeited.
|
|win|Volcano Badge
|l|Grimwolf100
|raw|Volcano Badge's rating: 1179 &rarr; <strong>1207<\/strong><br \/>(+28 for winning)
|raw|Grimwolf100's rating: 1225 &rarr; <strong>1196<\/strong><br \/>(-29 for losing)</script>
</div>
<div class="battle-log battle-log-inline"><div class="inner"><div class="battle-options"></div><div class="inner"><div class="chat"><small>Volcano Badge joined.</small></div><div class="chat"><small>Grimwolf100 joined.</small></div><div class=""><small>Format:</small> <br><strong>PU</strong></div><div class="rated"><strong>Rated battle</strong></div><div class=""><small><em>Sleep Clause Mod:</em> Limit one foe put to sleep</small></div><div class=""><small><em>Species Clause:</em> Limit one of each Pokémon</small></div><div class=""><small><em>OHKO Clause:</em> OHKO moves are banned</small></div><div class=""><small><em>Moody Clause:</em> Moody is banned</small></div><div class=""><small><em>Evasion Moves Clause:</em> Evasion moves are banned</small></div><div class=""><small><em>Endless Battle Clause:</em> Forcing endless battles is banned</small></div><div class=""><small><em>HP Percentage Mod:</em> HP is shown in percentages</small></div><div class=""><small><em>Swagger Clause:</em> Swagger is banned</small></div><div class=""><small><em>Baton Pass Clause:</em> Limit one Baton Passer, can't pass Spe and other stats simultaneously</small></div><div class="chat battle-history"><strong>Volcano Badge's team:</strong> <em style="color:#445566;display:block;">Cottonee / Frogadier / Misdreavus / Gourgeist-* / Golem / Bouffalant</em></div><div class="chat battle-history"><strong>Grimwolf100's team:</strong> <em style="color:#445566;display:block;">Bouffalant / Basculin / Clefairy / Meganium / Rampardos / Kadabra</em></div><div class="chat chatmessage-grimwolf100"><strong style="color:hsl(229,69%,59.84679945708503%)"><small>☆</small><span class="username" data-name="Grimwolf100">Grimwolf100</span>:</strong> <em>glhf</em></div><div class="chat chatmessage-volcanobadge"><strong style="color:hsl(269,66%,54.88976020569538%)"><small>☆</small><span class="username" data-name="Volcano Badge">Volcano Badge</span>:</strong> <em>u2</em></div><div class="spacer battle-history"><br></div><div class="battle-history">Battle started between Volcano Badge and Grimwolf100!<br></div><div class="spacer battle-history"><br></div><div class="battle-history">Go! <strong>Frogadier</strong>!<br></div><div class="spacer battle-history"><br></div><div class="battle-history">Grimwolf100 sent out <strong>Rampardos</strong>!<br></div><div class="battle-history"><small>[The opposing Rampardos's Mold Breaker]</small><br><small>The opposing Rampardos breaks the mold!</small><br></div><div class="spacer battle-history"><br></div><h2 class="battle-history">Turn 1</h2><div class="spacer battle-history"><br></div><div class="battle-history">Frogadier used <strong>Toxic Spikes</strong>!<br></div><div class="spacer battle-history"><br></div><div class="battle-history"><small>[Frogadier's Protean]</small><br><small>Frogadier transformed into the Poison type!</small><br></div><div class="battle-history"><small>Poison spikes were scattered on the ground all around the opposing team!</small><br></div><div class="spacer battle-history"><br></div><div class="battle-history">The opposing Rampardos used <strong>Head Smash</strong>!<br></div><div class="battle-history"><small>(Frogadier lost <abbr title="−249/249">100%</abbr> of its health!)</small><br></div><div class="battle-history"><small>The opposing Rampardos is damaged by the recoil!</small><br></div><div class="spacer battle-history"><br></div><div class="battle-history">Frogadier fainted!<br></div><div class="spacer battle-history"><br></div><div class="battle-history">Go! <strong>Misdreavus</strong>!<br></div><div class="spacer battle-history"><br></div><h2 class="battle-history">Turn 2</h2><div class="spacer battle-history"><br></div><div class="battle-history">The opposing Rampardos used <strong>Head Smash</strong>!<br></div><div class="battle-history"><small>(Misdreavus lost <abbr title="−323/323">100%</abbr> of its health!)</small><br></div><div class="battle-history"><small>The opposing Rampardos is damaged by the recoil!</small><br></div><div class="spacer battle-history"><br></div><div class="battle-history">Misdreavus fainted!<br></div><div class="spacer battle-history"><br></div><div class="battle-history">Go! <strong>Cottonee</strong>!<br></div><div class="spacer battle-history"><br></div><h2 class="battle-history">Turn 3</h2><div class="spacer battle-history"><br></div><div class="battle-history">Cottonee used <strong>Substitute</strong>!<br></div><div class="battle-history"><small>Cottonee put in a substitute!</small><br></div><div class="battle-history"><small>(Cottonee lost <abbr title="−70/283">24.7%</abbr> of its health!)</small><br></div><div class="spacer battle-history"><br></div><div class="battle-history">The opposing Rampardos used <strong>Head Smash</strong>!<br></div><div class="battle-history"><small>Cottonee's substitute faded!</small><br></div><div class="battle-history"><small>The opposing Rampardos is damaged by the recoil!</small><br></div><div class="spacer battle-history"><br></div><h2 class="battle-history">Turn 4</h2><div class="spacer battle-history"><br></div><div class="battle-history">Grimwolf100 withdrew Rampardos!<br></div><div class="battle-history">Grimwolf100 sent out <strong>Kadabra</strong>!<br></div><div class="battle-history"><small>The opposing Kadabra was poisoned!</small><br></div><div class="spacer battle-history"><br></div><div class="battle-history">Cottonee used <strong>Substitute</strong>!<br></div><div class="battle-history"><small>Cottonee put in a substitute!</small><br></div><div class="battle-history"><small>(Cottonee lost <abbr title="−70/283">24.7%</abbr> of its health!)</small><br></div><div class="spacer battle-history"><br></div><h2 class="battle-history">Turn 5</h2><div class="spacer battle-history"><br></div><div class="battle-history">The opposing Kadabra used <strong>Calm Mind</strong>!<br></div><div class="battle-history"><small>The opposing Kadabra's Special Attack rose!</small><br></div><div class="battle-history"><small>The opposing Kadabra's Special Defense rose!</small><br></div><div class="spacer battle-history"><br></div><div class="battle-history">Cottonee used <strong>Knock Off</strong>!<br></div><div class="battle-history"><small>It's super effective!</small><br></div><div class="battle-history"><small>(The opposing Kadabra lost <abbr title="−96/221">43.4%</abbr> of its health!)</small><br></div><div class="battle-history"><small>Cottonee knocked off the opposing Kadabra's Eviolite!</small><br></div><div class="spacer battle-history"><br></div><h2 class="battle-history">Turn 6</h2><div class="spacer battle-history"><br></div><div class="battle-history">Cottonee used <strong>Encore</strong>!<br></div><div class="battle-history"><small>The opposing Kadabra received an encore!</small><br></div><div class="spacer battle-history"><br></div><div class="battle-history">The opposing Kadabra used <strong>Calm Mind</strong>!<br></div><div class="battle-history"><small>The opposing Kadabra's Special Attack rose!</small><br></div><div class="battle-history"><small>The opposing Kadabra's Special Defense rose!</small><br></div><div class="spacer battle-history"><br></div><h2 class="battle-history">Turn 7</h2><div class="spacer battle-history"><br></div><div class="battle-history">The opposing Kadabra used <strong>Calm Mind</strong>!<br></div><div class="battle-history"><small>The opposing Kadabra's Special Attack rose!</small><br></div><div class="battle-history"><small>The opposing Kadabra's Special Defense rose!</small><br></div><div class="spacer battle-history"><br></div><div class="battle-history">Cottonee used <strong>Knock Off</strong>!<br></div><div class="battle-history"><small>It's super effective!</small><br></div><div class="battle-history"><small>(The opposing Kadabra lost <abbr title="−98/221">44.3%</abbr> of its health!)</small><br></div><div class="spacer battle-history"><br></div><h2 class="battle-history">Turn 8</h2><div class="spacer battle-history"><br></div><div class="battle-history">The opposing Kadabra used <strong>Calm Mind</strong>!<br></div><div class="battle-history"><small>The opposing Kadabra's Special Attack rose!</small><br></div><div class="battle-history"><small>The opposing Kadabra's Special Defense rose!</small><br></div><div class="spacer battle-history"><br></div><div class="battle-history">Cottonee used <strong>Knock Off</strong>!<br></div><div class="battle-history"><small>It's super effective!</small><br></div><div class="battle-history"><small>(The opposing Kadabra lost <abbr title="−27/221">12.2%</abbr> of its health!)</small><br></div><div class="spacer battle-history"><br></div><div class="battle-history">The opposing Kadabra fainted!<br></div><div class="spacer battle-history"><br></div><div class="battle-history">Grimwolf100 sent out <strong>Rampardos</strong>!<br></div><div class="battle-history"><small>The opposing Rampardos was poisoned!</small><br></div><div class="battle-history"><small>[The opposing Rampardos's Mold Breaker]</small><br><small>The opposing Rampardos breaks the mold!</small><br></div><div class="spacer battle-history"><br></div><h2 class="battle-history">Turn 9</h2><div class="spacer battle-history"><br></div><div class="battle-history">Cottonee used <strong>Substitute</strong>!<br></div><div class="battle-history"><small>Cottonee already has a substitute!</small><br></div><div class="spacer battle-history"><br></div><div class="battle-history">The opposing Rampardos used <strong>Head Smash</strong>!<br></div><div class="battle-history"><small>Cottonee's substitute faded!</small><br></div><div class="battle-history"><small>The opposing Rampardos is damaged by the recoil!</small><br></div><div class="spacer battle-history"><br></div><div class="battle-history">The opposing Rampardos fainted!<br></div><div class="spacer battle-history"><br></div><div class="battle-history">Grimwolf100 sent out <strong>Bouffalant</strong>!<br></div><div class="battle-history"><small>The opposing Bouffalant was poisoned!</small><br></div><div class="spacer battle-history"><br></div><h2 class="battle-history">Turn 10</h2><div class="spacer battle-history"><br></div><div class="battle-history">Cottonee, come back!<br></div><div class="battle-history">Go! Gourgeist (<strong>Gourgeist-Small</strong>)!<br></div><div class="battle-history"><small>[Gourgeist's Frisk]</small><br><small>Gourgeist frisked the opposing Bouffalant and found its Choice Band!</small><br></div><div class="spacer battle-history"><br></div><div class="battle-history">The opposing Bouffalant used <strong>Head Charge</strong>!<br></div><div class="battle-history"><small>It doesn't affect Gourgeist...</small><br></div><div class="spacer battle-history"><br></div><div class="battle-history"><small>The opposing Bouffalant was hurt by poison!</small><br></div><div class="spacer battle-history"><br></div><h2 class="battle-history">Turn 11</h2><div class="spacer battle-history"><br></div><div class="battle-history">Grimwolf100 withdrew Bouffalant!<br></div><div class="battle-history">Grimwolf100 sent out <strong>Clefairy</strong>!<br></div><div class="battle-history"><small>The opposing Clefairy was poisoned!</small><br></div><div class="spacer battle-history"><br></div><div class="battle-history">Gourgeist used <strong>Substitute</strong>!<br></div><div class="battle-history"><small>Gourgeist put in a substitute!</small><br></div><div class="battle-history"><small>(Gourgeist lost <abbr title="−72/289">24.9%</abbr> of its health!)</small><br></div><div class="spacer battle-history"><br></div><div class="battle-history"><small>Gourgeist restored a little HP using its Leftovers!</small><br></div><div class="spacer battle-history"><br></div><h2 class="battle-history">Turn 12</h2><div class="spacer battle-history"><br></div><div class="battle-history">Gourgeist used <strong>Skill Swap</strong>!<br></div><div class="battle-history"><small>[Gourgeist's Magic Guard]</small><br><small>[The opposing Clefairy's Frisk]</small><br><small>Gourgeist swapped Abilities with its target!</small><br></div><div class="battle-history"><small>[The opposing Clefairy's Frisk]</small><br><small>The opposing Clefairy frisked Gourgeist and found its Leftovers!</small><br></div><div class="spacer battle-history"><br></div><div class="battle-history">The opposing Clefairy used <strong>Stealth Rock</strong>!<br></div><div class="battle-history"><small>Pointed stones float in the air around your team!</small><br></div><div class="spacer battle-history"><br></div><div class="battle-history"><small>Gourgeist restored a little HP using its Leftovers!</small><br></div><div class="battle-history"><small>The opposing Clefairy was hurt by poison!</small><br></div><div class="spacer battle-history"><br></div><h2 class="battle-history">Turn 13</h2><div class="spacer battle-history"><br></div><div class="battle-history">Gourgeist used <strong>Leech Seed</strong>!<br></div><div class="battle-history"><small>The opposing Clefairy was seeded!</small><br></div><div class="spacer battle-history"><br></div><div class="battle-history">The opposing Clefairy used <strong>Moonblast</strong>!<br></div><div class="battle-history"><small>Gourgeist's substitute faded!</small><br></div><div class="spacer battle-history"><br></div><div class="battle-history"><small>Gourgeist restored a little HP using its Leftovers!</small><br></div><div class="battle-history"><small>The opposing Clefairy's health is sapped by Leech Seed!</small><br></div><div class="battle-history"><small>The opposing Clefairy was hurt by poison!</small><br></div><div class="spacer battle-history"><br></div><h2 class="battle-history">Turn 14</h2><div class="spacer battle-history"><br></div><div class="battle-history">Grimwolf100 withdrew Clefairy!<br></div><div class="battle-history">Grimwolf100 sent out <strong>Basculin</strong>!<br></div><div class="battle-history"><small>The opposing Basculin was poisoned!</small><br></div><div class="spacer battle-history"><br></div><div class="battle-history">Gourgeist used <strong>Substitute</strong>!<br></div><div class="battle-history"><small>Gourgeist put in a substitute!</small><br></div><div class="battle-history"><small>(Gourgeist lost <abbr title="−72/289">24.9%</abbr> of its health!)</small><br></div><div class="spacer battle-history"><br></div><div class="battle-history"><small>Gourgeist restored a little HP using its Leftovers!</small><br></div><div class="battle-history"><small>The opposing Basculin was hurt by poison!</small><br></div><div class="spacer battle-history"><br></div><h2 class="battle-history">Turn 15</h2><div class="spacer battle-history"><br></div><div class="battle-history">Gourgeist used <strong>Leech Seed</strong>!<br></div><div class="battle-history"><small>The opposing Basculin was seeded!</small><br></div><div class="spacer battle-history"><br></div><div class="battle-history">The opposing Basculin used <strong>Crunch</strong>!<br></div><div class="battle-history"><small>It's super effective!</small><br></div><div class="battle-history"><small>Gourgeist's substitute faded!</small><br></div><div class="battle-history"><small>The opposing Basculin lost some of its HP!</small><br></div><div class="spacer battle-history"><br></div><div class="battle-history"><small>Gourgeist restored a little HP using its Leftovers!</small><br></div><div class="battle-history"><small>The opposing Basculin's health is sapped by Leech Seed!</small><br></div><div class="battle-history"><small>The opposing Basculin was hurt by poison!</small><br></div><div class="spacer battle-history"><br></div><h2 class="battle-history">Turn 16</h2><div class="spacer battle-history"><br></div><div class="battle-history">Gourgeist used <strong>Substitute</strong>!<br></div><div class="battle-history"><small>Gourgeist put in a substitute!</small><br></div><div class="battle-history"><small>(Gourgeist lost <abbr title="−72/289">24.9%</abbr> of its health!)</small><br></div><div class="spacer battle-history"><br></div><div class="battle-history">The opposing Basculin used <strong>Crunch</strong>!<br></div><div class="battle-history"><small>It's super effective!</small><br></div><div class="battle-history"><small>Gourgeist's substitute faded!</small><br></div><div class="battle-history"><small>The opposing Basculin lost some of its HP!</small><br></div><div class="spacer battle-history"><br></div><div class="battle-history"><small>Gourgeist restored a little HP using its Leftovers!</small><br></div><div class="battle-history"><small>The opposing Basculin's health is sapped by Leech Seed!</small><br></div><div class="battle-history"><small>The opposing Basculin was hurt by poison!</small><br></div><div class="spacer battle-history"><br></div><h2 class="battle-history">Turn 17</h2><div class="spacer battle-history"><br></div><div class="battle-history"><small>Grimwolf100 forfeited.</small><br></div><div class="spacer battle-history"><br></div><div class="battle-history"><strong>Volcano Badge</strong> won the battle!<br></div><div class="chat"><small>Grimwolf100 left.</small></div><div class="chat">Volcano Badge's rating: 1179 → <strong>1207</strong><br>(+28 for winning)</div><div class="chat">Grimwolf100's rating: 1225 → <strong>1196</strong><br>(-29 for losing)</div></div><div class="inner-preempt"></div></div></div>
</div>
<script>
let daily = Math.floor(Date.now()/1000/60/60/24);document.write('<script src="https://play.pokemonshowdown.com/js/replay-embed.js?version'+daily+'"></'+'script>');
</script>
