<!DOCTYPE html>
<meta charset="utf-8" />
<!-- version 1 -->
<title>PU replay: kitoXD vs. GW8</title>
<style>
html,body {font-family:Verdana, sans-serif;font-size:10pt;margin:0;padding:0;}body{padding:12px 0;} .battle-log {font-family:Verdana, sans-serif;font-size:10pt;} .battle-log-inline {border:1px solid #AAAAAA;background:#EEF2F5;color:black;max-width:640px;margin:0 auto 80px;padding-bottom:5px;} .battle-log .inner {padding:4px 8px 0px 8px;} .battle-log .inner-preempt {padding:0 8px 4px 8px;} .battle-log .inner-after {margin-top:0.5em;} .battle-log h2 {margin:0.5em -8px;padding:4px 8px;border:1px solid #AAAAAA;background:#E0E7EA;border-left:0;border-right:0;font-family:Verdana, sans-serif;font-size:13pt;} .battle-log .chat {vertical-align:middle;padding:3px 0 3px 0;font-size:8pt;} .battle-log .chat strong {color:#40576A;} .battle-log .chat em {padding:1px 4px 1px 3px;color:#000000;font-style:normal;} .chat.mine {background:rgba(0,0,0,0.05);margin-left:-8px;margin-right:-8px;padding-left:8px;padding-right:8px;} .spoiler {color:#BBBBBB;background:#BBBBBB;padding:0px 3px;} .spoiler:hover, .spoiler:active, .spoiler-shown {color:#000000;background:#E2E2E2;padding:0px 3px;} .spoiler a {color:#BBBBBB;} .spoiler:hover a, .spoiler:active a, .spoiler-shown a {color:#2288CC;} .chat code, .chat .spoiler:hover code, .chat .spoiler:active code, .chat .spoiler-shown code {border:1px solid #C0C0C0;background:#EEEEEE;color:black;padding:0 2px;} .chat .spoiler code {border:1px solid #CCCCCC;background:#CCCCCC;color:#CCCCCC;} .battle-log .rated {padding:3px 4px;} .battle-log .rated strong {color:white;background:#89A;padding:1px 4px;border-radius:4px;} .spacer {margin-top:0.5em;} .message-announce {background:#6688AA;color:white;padding:1px 4px 2px;} .message-announce a, .broadcast-green a, .broadcast-blue a, .broadcast-red a {color:#DDEEFF;} .broadcast-green {background-color:#559955;color:white;padding:2px 4px;} .broadcast-blue {background-color:#6688AA;color:white;padding:2px 4px;} .infobox {border:1px solid #6688AA;padding:2px 4px;} .infobox-limited {max-height:200px;overflow:auto;overflow-x:hidden;} .broadcast-red {background-color:#AA5544;color:white;padding:2px 4px;} .message-learn-canlearn {font-weight:bold;color:#228822;text-decoration:underline;} .message-learn-cannotlearn {font-weight:bold;color:#CC2222;text-decoration:underline;} .message-effect-weak {font-weight:bold;color:#CC2222;} .message-effect-resist {font-weight:bold;color:#6688AA;} .message-effect-immune {font-weight:bold;color:#666666;} .message-learn-list {margin-top:0;margin-bottom:0;} .message-throttle-notice, .message-error {color:#992222;} .message-overflow, .chat small.message-overflow {font-size:0pt;} .message-overflow::before {font-size:9pt;content:'...';} .subtle {color:#3A4A66;}
</style>
<div class="wrapper replay-wrapper" style="max-width:1180px;margin:0 auto">
<input type="hidden" name="replayid" value="pu-556392155" />
<div class="battle"></div><div class="battle-log"></div><div class="replay-controls"></div><div class="replay-controls-2"></div>
<h1 style="font-weight:normal;text-align:center"><strong>PU</strong><br /><a href="http://pokemonshowdown.com/users/kitoxd" class="subtle" target="_blank">kitoXD</a> vs. <a href="http://pokemonshowdown.com/users/gw8" class="subtle" target="_blank">GW8</a></h1>
<script type="text/plain" class="battle-log-data">|j|kitoXD
|j|GW8
|player|p1|kitoXD|290
|player|p2|GW8|282
|gametype|singles
|gen|6
|tier|PU
|rated
|seed|29658,52567,29989,55952
|rule|Sleep Clause Mod: Limit one foe put to sleep
|rule|Species Clause: Limit one of each Pokémon
|rule|OHKO Clause: OHKO moves are banned
|rule|Moody Clause: Moody is banned
|rule|Evasion Moves Clause: Evasion moves are banned
|rule|Endless Battle Clause: Forcing endless battles is banned
|rule|HP Percentage Mod: HP is shown in percentages
|clearpoke
|poke|p1|Altaria, M|item
|poke|p1|Gourgeist-*, F, shiny|item
|poke|p1|Floatzel, F|item
|poke|p1|Ampharos, F|item
|poke|p1|Ninetales, F, shiny|item
|poke|p1|Regice, shiny|item
|poke|p2|Golem, F|item
|poke|p2|Monferno, M|item
|poke|p2|Raichu, F|item
|poke|p2|Tangela, M, shiny|item
|poke|p2|Pelipper, M|item
|poke|p2|Rotom-Frost|item
|rule|Swagger Clause: Swagger is banned
|rule|Baton Pass Clause: Limit one Baton Passer, can't pass Spe and other stats simultaneously
|teampreview
|c|☆GW8|gl hf
|choice|team 4, team 2, team 3, team 1, team 5, team 6|team 2, team 1, team 3, team 4, team 5, team 6
|
|start
|switch|p1a: Ampharos|Ampharos, F|321\/321
|switch|p2a: Monferno|Monferno, M|269\/269
|turn|1
|choice|move powergem|move closecombat
|
|move|p2a: Monferno|Close Combat|p1a: Ampharos
|-damage|p1a: Ampharos|123\/321
|-unboost|p2a: Monferno|def|1
|-unboost|p2a: Monferno|spd|1
|move|p1a: Ampharos|Power Gem|p2a: Monferno
|-damage|p2a: Monferno|53\/269
|
|upkeep
|turn|2
|choice|switch 2|move uturn
|
|switch|p1a: Gourgeist|Gourgeist-Super, F, shiny|312\/312
|move|p2a: Monferno|U-turn|p1a: Gourgeist
|-damage|p1a: Gourgeist|272\/312
|choice||switch 6
|
|switch|p2a: Rotom|Rotom-Frost|241\/241
|
|-heal|p1a: Gourgeist|291\/312|[from] item: Leftovers
|upkeep
|turn|3
|choice|switch 6|move voltswitch
|
|switch|p1a: Regice|Regice, shiny|301\/301
|move|p2a: Rotom|Volt Switch|p1a: Regice
|-damage|p1a: Regice|250\/301
|choice||switch 6
|
|switch|p2a: Monferno|Monferno, M|53\/269
|
|-heal|p1a: Regice|268\/301|[from] item: Leftovers
|upkeep
|turn|4
|choice|switch 3|move flareblitz
|
|switch|p1a: Floatzel|Floatzel, F|311\/311
|move|p2a: Monferno|Flare Blitz|p1a: Floatzel
|-resisted|p1a: Floatzel
|-damage|p1a: Floatzel|182\/311
|-damage|p2a: Monferno|10\/269|[from] recoil|[of] p1a: Floatzel
|
|upkeep
|turn|5
|choice|move poweruppunch|move closecombat
|
|move|p1a: Floatzel|Power-Up Punch|p2a: Monferno
|-damage|p2a: Monferno|0 fnt
|-boost|p1a: Floatzel|atk|1
|faint|p2a: Monferno
|
|upkeep
|choice||switch 6
|
|switch|p2a: Rotom|Rotom-Frost|241\/241
|turn|6
|choice|switch 3|move voltswitch
|
|switch|p1a: Regice|Regice, shiny|268\/301
|move|p2a: Rotom|Volt Switch|p1a: Regice
|-damage|p1a: Regice|219\/301
|choice||switch 2
|
|switch|p2a: Golem|Golem, F|301\/301
|
|-heal|p1a: Regice|237\/301|[from] item: Leftovers
|upkeep
|turn|7
|choice|switch 6|move stealthrock
|
|switch|p1a: Gourgeist|Gourgeist-Super, F, shiny|291\/312
|move|p2a: Golem|Stealth Rock|p1a: Gourgeist
|-sidestart|p1: kitoXD|move: Stealth Rock
|
|-heal|p1a: Gourgeist|310\/312|[from] item: Leftovers
|upkeep
|turn|8
|choice|move leechseed|switch 2
|
|switch|p2a: Rotom|Rotom-Frost|241\/241
|move|p1a: Gourgeist|Leech Seed|p2a: Rotom
|-start|p2a: Rotom|move: Leech Seed
|
|-heal|p1a: Gourgeist|312\/312|[from] item: Leftovers
|-damage|p2a: Rotom|211\/241|[from] Leech Seed|[of] p1a: Gourgeist
|upkeep
|turn|9
|choice|move protect|move trick
|
|move|p1a: Gourgeist|Protect|p1a: Gourgeist
|-singleturn|p1a: Gourgeist|Protect
|move|p2a: Rotom|Trick|p1a: Gourgeist
|-activate|p1a: Gourgeist|move: Protect
|
|-damage|p2a: Rotom|181\/241|[from] Leech Seed|[of] p1a: Gourgeist
|upkeep
|turn|10
|choice|switch 2|switch 5
|
|switch|p2a: Pelipper|Pelipper, M|323\/323
|switch|p1a: Ampharos|Ampharos, F|123\/321
|-damage|p1a: Ampharos|83\/321|[from] Stealth Rock
|
|upkeep
|turn|11
|choice|move thunderbolt|switch 3
|
|switch|p2a: Raichu|Raichu, F|261\/261
|move|p1a: Ampharos|Thunderbolt|p2a: Raichu
|-resisted|p2a: Raichu
|-damage|p2a: Raichu|127\/261
|
|upkeep
|turn|12
|choice|move thunderbolt|move surf
|
|move|p2a: Raichu|Surf|p1a: Ampharos
|-damage|p1a: Ampharos|0 fnt
|-damage|p2a: Raichu|101\/261|[from] item: Life Orb
|faint|p1a: Ampharos
|
|upkeep
|choice|switch 6|
|
|switch|p1a: Regice|Regice, shiny|237\/301
|-damage|p1a: Regice|162\/301|[from] Stealth Rock
|turn|13
|choice|move ancientpower|move voltswitch
|
|move|p2a: Raichu|Volt Switch|p1a: Regice
|-damage|p1a: Regice|107\/301
|-damage|p2a: Raichu|75\/261|[from] item: Life Orb
|choice||switch 5
|
|switch|p2a: Rotom|Rotom-Frost|181\/241
|move|p1a: Regice|Ancient Power|p2a: Rotom
|-supereffective|p2a: Rotom
|-damage|p2a: Rotom|61\/241
|
|-heal|p1a: Regice|125\/301|[from] item: Leftovers
|upkeep
|turn|14
|choice|move ancientpower|move thunderbolt
|
|move|p2a: Rotom|Thunderbolt|p1a: Regice
|-damage|p1a: Regice|68\/301
|move|p1a: Regice|Ancient Power|p2a: Rotom
|-supereffective|p2a: Rotom
|-damage|p2a: Rotom|0 fnt
|faint|p2a: Rotom
|
|-heal|p1a: Regice|86\/301|[from] item: Leftovers
|upkeep
|choice||switch 5
|
|switch|p2a: Raichu|Raichu, F|75\/261
|turn|15
|choice|move ancientpower|move thunderbolt
|
|move|p2a: Raichu|Thunderbolt|p1a: Regice
|-damage|p1a: Regice|15\/301
|-damage|p2a: Raichu|49\/261|[from] item: Life Orb
|move|p1a: Regice|Ancient Power|p2a: Raichu
|-damage|p2a: Raichu|0 fnt
|faint|p2a: Raichu
|
|-heal|p1a: Regice|33\/301|[from] item: Leftovers
|upkeep
|choice||switch 2
|
|switch|p2a: Golem|Golem, F|301\/301
|turn|16
|choice|move rest|move suckerpunch
|
|move|p2a: Golem|Sucker Punch|p1a: Regice|[still]
|-fail|p2a: Golem
|move|p1a: Regice|Rest|p1a: Regice
|-status|p1a: Regice|slp
|-heal|p1a: Regice|301\/301 slp|[silent]
|-status|p1a: Regice|slp|[from] move: Rest
|
|upkeep
|turn|17
|choice|switch 2|move stoneedge
|
|switch|p1a: Gourgeist|Gourgeist-Super, F, shiny|312\/312
|-damage|p1a: Gourgeist|273\/312|[from] Stealth Rock
|move|p2a: Golem|Stone Edge|p1a: Gourgeist
|-damage|p1a: Gourgeist|150\/312
|
|-heal|p1a: Gourgeist|169\/312|[from] item: Leftovers
|upkeep
|turn|18
|choice|move willowisp|switch 4
|
|switch|p2a: Tangela|Tangela, M, shiny|334\/334
|move|p1a: Gourgeist|Will-O-Wisp|p2a: Tangela
|-status|p2a: Tangela|brn
|
|-heal|p1a: Gourgeist|188\/312|[from] item: Leftovers
|-damage|p2a: Tangela|293\/334 brn|[from] brn
|upkeep
|turn|19
|choice|move protect|move sleeppowder
|
|move|p1a: Gourgeist|Protect|p1a: Gourgeist
|-singleturn|p1a: Gourgeist|Protect
|move|p2a: Tangela|Sleep Powder|p1a: Gourgeist
|-activate|p1a: Gourgeist|move: Protect
|
|-heal|p1a: Gourgeist|207\/312|[from] item: Leftovers
|-damage|p2a: Tangela|252\/334 brn|[from] brn
|upkeep
|turn|20
|choice|move seedbomb|move hiddenpower
|
|move|p2a: Tangela|Hidden Power|p1a: Gourgeist
|-supereffective|p1a: Gourgeist
|-damage|p1a: Gourgeist|47\/312
|move|p1a: Gourgeist|Seed Bomb|p2a: Tangela
|-resisted|p2a: Tangela
|-damage|p2a: Tangela|219\/334 brn
|
|-heal|p1a: Gourgeist|66\/312|[from] item: Leftovers
|-damage|p2a: Tangela|178\/334 brn|[from] brn
|upkeep
|turn|21
|choice|move protect|switch 3
|
|switch|p2a: Pelipper|Pelipper, M|323\/323
|move|p1a: Gourgeist|Protect|p1a: Gourgeist
|-fail|p1a: Gourgeist
|
|-heal|p1a: Gourgeist|85\/312|[from] item: Leftovers
|upkeep
|turn|22
|choice|move seedbomb|move uturn
|
|move|p2a: Pelipper|U-turn|p1a: Gourgeist
|-damage|p1a: Gourgeist|66\/312
|choice||switch 3
|
|switch|p2a: Tangela|Tangela, M, shiny|289\/334 brn
|move|p1a: Gourgeist|Seed Bomb|p2a: Tangela
|-resisted|p2a: Tangela
|-damage|p2a: Tangela|255\/334 brn
|
|-heal|p1a: Gourgeist|85\/312|[from] item: Leftovers
|-damage|p2a: Tangela|214\/334 brn|[from] brn
|upkeep
|turn|23
|choice|move protect|move sleeppowder
|
|move|p1a: Gourgeist|Protect|p1a: Gourgeist
|-singleturn|p1a: Gourgeist|Protect
|move|p2a: Tangela|Sleep Powder|p1a: Gourgeist
|-activate|p1a: Gourgeist|move: Protect
|
|-heal|p1a: Gourgeist|104\/312|[from] item: Leftovers
|-damage|p2a: Tangela|173\/334 brn|[from] brn
|upkeep
|turn|24
|choice|switch 5|move hiddenpower
|
|switch|p1a: Ninetales|Ninetales, F, shiny|288\/288
|-damage|p1a: Ninetales|216\/288|[from] Stealth Rock
|move|p2a: Tangela|Hidden Power|p1a: Ninetales
|-resisted|p1a: Ninetales
|-damage|p1a: Ninetales|186\/288
|
|-damage|p2a: Tangela|132\/334 brn|[from] brn
|upkeep
|turn|25
|choice|move calmmind|switch 3
|
|switch|p2a: Pelipper|Pelipper, M|323\/323
|move|p1a: Ninetales|Calm Mind|p1a: Ninetales
|-boost|p1a: Ninetales|spa|1
|-boost|p1a: Ninetales|spd|1
|
|upkeep
|turn|26
|choice|move solarbeam|move scald
|
|move|p1a: Ninetales|Solar Beam|p2a: Pelipper|[still]
|-prepare|p1a: Ninetales|Solar Beam|p2a: Pelipper
|move|p2a: Pelipper|Scald|p1a: Ninetales
|-supereffective|p1a: Ninetales
|-damage|p1a: Ninetales|84\/288
|
|upkeep
|turn|27
|choice|move solarbeam|move roost
|
|move|p1a: Ninetales|Solar Beam|p2a: Pelipper|[from]lockedmove
|-damage|p2a: Pelipper|50\/323
|-damage|p1a: Ninetales|56\/288|[from] item: Life Orb
|move|p2a: Pelipper|Roost|p2a: Pelipper
|-heal|p2a: Pelipper|212\/323
|
|-heal|p2a: Pelipper|232\/323|[from] item: Leftovers
|upkeep
|turn|28
|choice|move psyshock|move scald
|
|move|p1a: Ninetales|Psyshock|p2a: Pelipper
|-damage|p2a: Pelipper|129\/323
|-damage|p1a: Ninetales|28\/288|[from] item: Life Orb
|move|p2a: Pelipper|Scald|p1a: Ninetales
|-supereffective|p1a: Ninetales
|-damage|p1a: Ninetales|0 fnt
|faint|p1a: Ninetales
|
|-heal|p2a: Pelipper|149\/323|[from] item: Leftovers
|upkeep
|choice|switch 4|
|
|switch|p1a: Altaria|Altaria, M|291\/291
|-damage|p1a: Altaria|219\/291|[from] Stealth Rock
|turn|29
|choice|move dragondance|move uturn
|
|move|p1a: Altaria|Dragon Dance|p1a: Altaria
|-boost|p1a: Altaria|atk|1
|-boost|p1a: Altaria|spe|1
|move|p2a: Pelipper|U-turn|p1a: Altaria
|-resisted|p1a: Altaria
|-damage|p1a: Altaria|205\/291
|choice||switch 4
|
|switch|p2a: Golem|Golem, F|301\/301
|
|upkeep
|turn|30
|choice|move earthquake|move stoneedge
|
|move|p1a: Altaria|Earthquake|p2a: Golem
|-supereffective|p2a: Golem
|-damage|p2a: Golem|97\/301
|-enditem|p2a: Golem|Weakness Policy
|-boost|p2a: Golem|atk|2
|-boost|p2a: Golem|spa|2
|move|p2a: Golem|Stone Edge|p1a: Altaria
|-supereffective|p1a: Altaria
|-damage|p1a: Altaria|0 fnt
|faint|p1a: Altaria
|
|upkeep
|choice|switch 5|
|
|switch|p1a: Gourgeist|Gourgeist-Super, F, shiny|104\/312
|-damage|p1a: Gourgeist|65\/312|[from] Stealth Rock
|turn|31
|choice|move seedbomb|switch 3
|
|switch|p2a: Tangela|Tangela, M, shiny|243\/334 brn
|move|p1a: Gourgeist|Seed Bomb|p2a: Tangela
|-resisted|p2a: Tangela
|-damage|p2a: Tangela|209\/334 brn
|
|-heal|p1a: Gourgeist|84\/312|[from] item: Leftovers
|-damage|p2a: Tangela|168\/334 brn|[from] brn
|upkeep
|turn|32
|choice|move protect|move hiddenpower
|
|move|p1a: Gourgeist|Protect|p1a: Gourgeist
|-singleturn|p1a: Gourgeist|Protect
|move|p2a: Tangela|Hidden Power|p1a: Gourgeist
|-activate|p1a: Gourgeist|move: Protect
|
|-heal|p1a: Gourgeist|103\/312|[from] item: Leftovers
|-damage|p2a: Tangela|127\/334 brn|[from] brn
|upkeep
|turn|33
|choice|switch 3|move leafstorm
|
|switch|p1a: Floatzel|Floatzel, F|182\/311
|-damage|p1a: Floatzel|144\/311|[from] Stealth Rock
|move|p2a: Tangela|Leaf Storm|p1a: Floatzel
|-supereffective|p1a: Floatzel
|-damage|p1a: Floatzel|0 fnt
|-unboost|p2a: Tangela|spa|2
|faint|p1a: Floatzel
|
|-damage|p2a: Tangela|86\/334 brn|[from] brn
|upkeep
|choice|switch 2|
|
|switch|p1a: Regice|Regice, shiny|301\/301 slp
|-damage|p1a: Regice|226\/301 slp|[from] Stealth Rock
|turn|34
|choice|move sleeptalk|switch 3
|
|switch|p2a: Golem|Golem, F|97\/301
|cant|p1a: Regice|slp
|move|p1a: Regice|Sleep Talk|p1a: Regice
|move|p1a: Regice|Ancient Power|p2a: Golem|[from]Sleep Talk
|-resisted|p2a: Golem
|-damage|p2a: Golem|52\/301
|
|-heal|p1a: Regice|244\/301 slp|[from] item: Leftovers
|upkeep
|turn|35
|choice|move sleeptalk|move stoneedge
|
|move|p2a: Golem|Stone Edge|p1a: Regice
|-supereffective|p1a: Regice
|-damage|p1a: Regice|0 fnt
|faint|p1a: Regice
|
|upkeep
|c|☆GW8|gg
|choice|switch 3|
|
|switch|p1a: Gourgeist|Gourgeist-Super, F, shiny|103\/312
|-damage|p1a: Gourgeist|64\/312|[from] Stealth Rock
|turn|36
|choice|move seedbomb|move stoneedge
|
|move|p2a: Golem|Stone Edge|p1a: Gourgeist|[miss]
|-miss|p2a: Golem|p1a: Gourgeist
|move|p1a: Gourgeist|Seed Bomb|p2a: Golem
|-supereffective|p2a: Golem
|-damage|p2a: Golem|0 fnt
|faint|p2a: Golem
|
|-heal|p1a: Gourgeist|83\/312|[from] item: Leftovers
|upkeep
|choice||switch 4
|
|switch|p2a: Pelipper|Pelipper, M|149\/323
|turn|37
|choice|move leechseed|move uturn
|
|move|p2a: Pelipper|U-turn|p1a: Gourgeist
|-damage|p1a: Gourgeist|64\/312
|choice||switch 3
|
|switch|p2a: Tangela|Tangela, M, shiny|197\/334 brn
|move|p1a: Gourgeist|Leech Seed|p2a: Tangela
|-immune|p2a: Tangela|[msg]
|
|-heal|p1a: Gourgeist|83\/312|[from] item: Leftovers
|-damage|p2a: Tangela|156\/334 brn|[from] brn
|upkeep
|turn|38
|choice|move protect|move hiddenpower
|
|move|p1a: Gourgeist|Protect|p1a: Gourgeist
|-singleturn|p1a: Gourgeist|Protect
|move|p2a: Tangela|Hidden Power|p1a: Gourgeist
|-activate|p1a: Gourgeist|move: Protect
|
|-heal|p1a: Gourgeist|102\/312|[from] item: Leftovers
|-damage|p2a: Tangela|115\/334 brn|[from] brn
|upkeep
|turn|39
|choice|move seedbomb|move hiddenpower
|
|move|p2a: Tangela|Hidden Power|p1a: Gourgeist
|-supereffective|p1a: Gourgeist
|-damage|p1a: Gourgeist|0 fnt
|faint|p1a: Gourgeist
|
|win|GW8
|c|☆GW8|gg
|raw|kitoXD's rating: 1093 &rarr; <strong>1075<\/strong><br \/>(-18 for losing)
|raw|GW8's rating: 1183 &rarr; <strong>1202<\/strong><br \/>(+19 for winning)
|l|kitoXD</script>
</div>
<div class="battle-log battle-log-inline"><div class="inner"><div class="battle-options"></div><div class="inner"><div class="chat"><small>kitoXD joined.</small></div><div class="chat"><small>GW8 joined.</small></div><div class=""><small>Format:</small> <br><strong>PU</strong></div><div class="rated"><strong>Rated battle</strong></div><div class=""><small><em>Sleep Clause Mod:</em> Limit one foe put to sleep</small></div><div class=""><small><em>Species Clause:</em> Limit one of each Pokémon</small></div><div class=""><small><em>OHKO Clause:</em> OHKO moves are banned</small></div><div class=""><small><em>Moody Clause:</em> Moody is banned</small></div><div class=""><small><em>Evasion Moves Clause:</em> Evasion moves are banned</small></div><div class=""><small><em>Endless Battle Clause:</em> Forcing endless battles is banned</small></div><div class=""><small><em>HP Percentage Mod:</em> HP is shown in percentages</small></div><div class=""><small><em>Swagger Clause:</em> Swagger is banned</small></div><div class=""><small><em>Baton Pass Clause:</em> Limit one Baton Passer, can't pass Spe and other stats simultaneously</small></div><div class="chat battle-history"><strong>kitoXD's team:</strong> <em style="color:#445566;display:block;">Altaria / Gourgeist-* / Floatzel / Ampharos / Ninetales / Regice</em></div><div class="chat battle-history"><strong>GW8's team:</strong> <em style="color:#445566;display:block;">Golem / Monferno / Raichu / Tangela / Pelipper / Rotom-Frost</em></div><div class="chat chatmessage-gw8"><strong style="color:hsl(203,85%,42.13577099818724%)"><small>☆</small><span class="username" data-name="GW8">GW8</span>:</strong> <em>gl hf</em></div><div class="spacer battle-history"><br></div><div class="battle-history">Battle started between kitoXD and GW8!<br></div><div class="spacer battle-history"><br></div><div class="battle-history">Go! <strong>Ampharos</strong>!<br></div><div class="spacer battle-history"><br></div><div class="battle-history">GW8 sent out <strong>Monferno</strong>!<br></div><div class="spacer battle-history"><br></div><h2 class="battle-history">Turn 1</h2><div class="spacer battle-history"><br></div><div class="battle-history">The opposing Monferno used <strong>Close Combat</strong>!<br></div><div class="battle-history"><small>(Ampharos lost <abbr title="−198/321">61.7%</abbr> of its health!)</small><br></div><div class="battle-history"><small>The opposing Monferno's Defense fell!</small><br></div><div class="battle-history"><small>The opposing Monferno's Special Defense fell!</small><br></div><div class="spacer battle-history"><br></div><div class="battle-history">Ampharos used <strong>Power Gem</strong>!<br></div><div class="battle-history"><small>(The opposing Monferno lost <abbr title="−216/269">80.3%</abbr> of its health!)</small><br></div><div class="spacer battle-history"><br></div><h2 class="battle-history">Turn 2</h2><div class="spacer battle-history"><br></div><div class="battle-history">Ampharos, come back!<br></div><div class="battle-history">Go! Gourgeist (<strong>Gourgeist-Super</strong>)!<br></div><div class="spacer battle-history"><br></div><div class="battle-history">The opposing Monferno used <strong>U-turn</strong>!<br></div><div class="battle-history"><small>(Gourgeist lost <abbr title="−40/312">12.8%</abbr> of its health!)</small><br></div><div class="spacer battle-history"><br></div><div class="battle-history">The opposing Monferno went back to GW8!<br></div><div class="battle-history">GW8 sent out Rotom (<strong>Rotom-Frost</strong>)!<br></div><div class="spacer battle-history"><br></div><div class="battle-history"><small>Gourgeist restored a little HP using its Leftovers!</small><br></div><div class="spacer battle-history"><br></div><h2 class="battle-history">Turn 3</h2><div class="spacer battle-history"><br></div><div class="battle-history">Gourgeist, come back!<br></div><div class="battle-history">Go! <strong>Regice</strong>!<br></div><div class="spacer battle-history"><br></div><div class="battle-history">The opposing Rotom used <strong>Volt Switch</strong>!<br></div><div class="battle-history"><small>(Regice lost <abbr title="−51/301">16.9%</abbr> of its health!)</small><br></div><div class="spacer battle-history"><br></div><div class="battle-history">The opposing Rotom went back to GW8!<br></div><div class="battle-history">GW8 sent out <strong>Monferno</strong>!<br></div><div class="spacer battle-history"><br></div><div class="battle-history"><small>Regice restored a little HP using its Leftovers!</small><br></div><div class="spacer battle-history"><br></div><h2 class="battle-history">Turn 4</h2><div class="spacer battle-history"><br></div><div class="battle-history">Regice, come back!<br></div><div class="battle-history">Go! <strong>Floatzel</strong>!<br></div><div class="spacer battle-history"><br></div><div class="battle-history">The opposing Monferno used <strong>Flare Blitz</strong>!<br></div><div class="battle-history"><small>It's not very effective...</small><br></div><div class="battle-history"><small>(Floatzel lost <abbr title="−129/311">41.5%</abbr> of its health!)</small><br></div><div class="battle-history"><small>The opposing Monferno is damaged by the recoil!</small><br></div><div class="spacer battle-history"><br></div><h2 class="battle-history">Turn 5</h2><div class="spacer battle-history"><br></div><div class="battle-history">Floatzel used <strong>Power-Up Punch</strong>!<br></div><div class="battle-history"><small>(The opposing Monferno lost <abbr title="−10/269">3.7%</abbr> of its health!)</small><br></div><div class="battle-history"><small>Floatzel's Attack rose!</small><br></div><div class="spacer battle-history"><br></div><div class="battle-history">The opposing Monferno fainted!<br></div><div class="spacer battle-history"><br></div><div class="battle-history">GW8 sent out Rotom (<strong>Rotom-Frost</strong>)!<br></div><div class="spacer battle-history"><br></div><h2 class="battle-history">Turn 6</h2><div class="spacer battle-history"><br></div><div class="battle-history">Floatzel, come back!<br></div><div class="battle-history">Go! <strong>Regice</strong>!<br></div><div class="spacer battle-history"><br></div><div class="battle-history">The opposing Rotom used <strong>Volt Switch</strong>!<br></div><div class="battle-history"><small>(Regice lost <abbr title="−49/301">16.3%</abbr> of its health!)</small><br></div><div class="spacer battle-history"><br></div><div class="battle-history">The opposing Rotom went back to GW8!<br></div><div class="battle-history">GW8 sent out <strong>Golem</strong>!<br></div><div class="spacer battle-history"><br></div><div class="battle-history"><small>Regice restored a little HP using its Leftovers!</small><br></div><div class="spacer battle-history"><br></div><h2 class="battle-history">Turn 7</h2><div class="spacer battle-history"><br></div><div class="battle-history">Regice, come back!<br></div><div class="battle-history">Go! Gourgeist (<strong>Gourgeist-Super</strong>)!<br></div><div class="spacer battle-history"><br></div><div class="battle-history">The opposing Golem used <strong>Stealth Rock</strong>!<br></div><div class="battle-history"><small>Pointed stones float in the air around your team!</small><br></div><div class="spacer battle-history"><br></div><div class="battle-history"><small>Gourgeist restored a little HP using its Leftovers!</small><br></div><div class="spacer battle-history"><br></div><h2 class="battle-history">Turn 8</h2><div class="spacer battle-history"><br></div><div class="battle-history">GW8 withdrew Golem!<br></div><div class="battle-history">GW8 sent out Rotom (<strong>Rotom-Frost</strong>)!<br></div><div class="spacer battle-history"><br></div><div class="battle-history">Gourgeist used <strong>Leech Seed</strong>!<br></div><div class="battle-history"><small>The opposing Rotom was seeded!</small><br></div><div class="spacer battle-history"><br></div><div class="battle-history"><small>Gourgeist restored a little HP using its Leftovers!</small><br></div><div class="battle-history"><small>The opposing Rotom's health is sapped by Leech Seed!</small><br></div><div class="spacer battle-history"><br></div><h2 class="battle-history">Turn 9</h2><div class="spacer battle-history"><br></div><div class="battle-history">Gourgeist used <strong>Protect</strong>!<br></div><div class="battle-history"><small>Gourgeist protected itself!</small><br></div><div class="spacer battle-history"><br></div><div class="battle-history">The opposing Rotom used <strong>Trick</strong>!<br></div><div class="battle-history"><small>Gourgeist protected itself!</small><br></div><div class="spacer battle-history"><br></div><div class="battle-history"><small>The opposing Rotom's health is sapped by Leech Seed!</small><br></div><div class="spacer battle-history"><br></div><h2 class="battle-history">Turn 10</h2><div class="spacer battle-history"><br></div><div class="battle-history">GW8 withdrew Rotom!<br></div><div class="battle-history">GW8 sent out <strong>Pelipper</strong>!<br></div><div class="spacer battle-history"><br></div><div class="battle-history">Gourgeist, come back!<br></div><div class="battle-history">Go! <strong>Ampharos</strong>!<br></div><div class="battle-history"><small>Pointed stones dug into Ampharos!</small><br></div><div class="spacer battle-history"><br></div><h2 class="battle-history">Turn 11</h2><div class="spacer battle-history"><br></div><div class="battle-history">GW8 withdrew Pelipper!<br></div><div class="battle-history">GW8 sent out <strong>Raichu</strong>!<br></div><div class="spacer battle-history"><br></div><div class="battle-history">Ampharos used <strong>Thunderbolt</strong>!<br></div><div class="battle-history"><small>It's not very effective...</small><br></div><div class="battle-history"><small>(The opposing Raichu lost <abbr title="−134/261">51.3%</abbr> of its health!)</small><br></div><div class="spacer battle-history"><br></div><h2 class="battle-history">Turn 12</h2><div class="spacer battle-history"><br></div><div class="battle-history">The opposing Raichu used <strong>Surf</strong>!<br></div><div class="battle-history"><small>(Ampharos lost <abbr title="−83/321">25.9%</abbr> of its health!)</small><br></div><div class="battle-history"><small>The opposing Raichu lost some of its HP!</small><br></div><div class="spacer battle-history"><br></div><div class="battle-history">Ampharos fainted!<br></div><div class="spacer battle-history"><br></div><div class="battle-history">Go! <strong>Regice</strong>!<br></div><div class="battle-history"><small>Pointed stones dug into Regice!</small><br></div><div class="spacer battle-history"><br></div><h2 class="battle-history">Turn 13</h2><div class="spacer battle-history"><br></div><div class="battle-history">The opposing Raichu used <strong>Volt Switch</strong>!<br></div><div class="battle-history"><small>(Regice lost <abbr title="−55/301">18.3%</abbr> of its health!)</small><br></div><div class="battle-history"><small>The opposing Raichu lost some of its HP!</small><br></div><div class="spacer battle-history"><br></div><div class="battle-history">The opposing Raichu went back to GW8!<br></div><div class="battle-history">GW8 sent out Rotom (<strong>Rotom-Frost</strong>)!<br></div><div class="spacer battle-history"><br></div><div class="battle-history">Regice used <strong>Ancient Power</strong>!<br></div><div class="battle-history"><small>It's super effective!</small><br></div><div class="battle-history"><small>(The opposing Rotom lost <abbr title="−120/241">49.8%</abbr> of its health!)</small><br></div><div class="spacer battle-history"><br></div><div class="battle-history"><small>Regice restored a little HP using its Leftovers!</small><br></div><div class="spacer battle-history"><br></div><h2 class="battle-history">Turn 14</h2><div class="spacer battle-history"><br></div><div class="battle-history">The opposing Rotom used <strong>Thunderbolt</strong>!<br></div><div class="battle-history"><small>(Regice lost <abbr title="−57/301">18.9%</abbr> of its health!)</small><br></div><div class="spacer battle-history"><br></div><div class="battle-history">Regice used <strong>Ancient Power</strong>!<br></div><div class="battle-history"><small>It's super effective!</small><br></div><div class="battle-history"><small>(The opposing Rotom lost <abbr title="−61/241">25.3%</abbr> of its health!)</small><br></div><div class="spacer battle-history"><br></div><div class="battle-history">The opposing Rotom fainted!<br></div><div class="spacer battle-history"><br></div><div class="battle-history"><small>Regice restored a little HP using its Leftovers!</small><br></div><div class="spacer battle-history"><br></div><div class="battle-history">GW8 sent out <strong>Raichu</strong>!<br></div><div class="spacer battle-history"><br></div><h2 class="battle-history">Turn 15</h2><div class="spacer battle-history"><br></div><div class="battle-history">The opposing Raichu used <strong>Thunderbolt</strong>!<br></div><div class="battle-history"><small>(Regice lost <abbr title="−71/301">23.6%</abbr> of its health!)</small><br></div><div class="battle-history"><small>The opposing Raichu lost some of its HP!</small><br></div><div class="spacer battle-history"><br></div><div class="battle-history">Regice used <strong>Ancient Power</strong>!<br></div><div class="battle-history"><small>(The opposing Raichu lost <abbr title="−49/261">18.8%</abbr> of its health!)</small><br></div><div class="spacer battle-history"><br></div><div class="battle-history">The opposing Raichu fainted!<br></div><div class="spacer battle-history"><br></div><div class="battle-history"><small>Regice restored a little HP using its Leftovers!</small><br></div><div class="spacer battle-history"><br></div><div class="battle-history">GW8 sent out <strong>Golem</strong>!<br></div><div class="spacer battle-history"><br></div><h2 class="battle-history">Turn 16</h2><div class="spacer battle-history"><br></div><div class="battle-history">The opposing Golem used <strong>Sucker Punch</strong>!<br></div><div class="battle-history"><small>But it failed!</small><br></div><div class="spacer battle-history"><br></div><div class="battle-history">Regice used <strong>Rest</strong>!<br></div><div class="battle-history"><small>Regice fell asleep!</small><br></div><div class="battle-history"><small>Regice slept and became healthy!</small><br></div><div class="spacer battle-history"><br></div><h2 class="battle-history">Turn 17</h2><div class="spacer battle-history"><br></div><div class="battle-history">Regice, come back!<br></div><div class="battle-history">Go! Gourgeist (<strong>Gourgeist-Super</strong>)!<br></div><div class="battle-history"><small>Pointed stones dug into Gourgeist!</small><br></div><div class="spacer battle-history"><br></div><div class="battle-history">The opposing Golem used <strong>Stone Edge</strong>!<br></div><div class="battle-history"><small>(Gourgeist lost <abbr title="−123/312">39.4%</abbr> of its health!)</small><br></div><div class="spacer battle-history"><br></div><div class="battle-history"><small>Gourgeist restored a little HP using its Leftovers!</small><br></div><div class="spacer battle-history"><br></div><h2 class="battle-history">Turn 18</h2><div class="spacer battle-history"><br></div><div class="battle-history">GW8 withdrew Golem!<br></div><div class="battle-history">GW8 sent out <strong>Tangela</strong>!<br></div><div class="spacer battle-history"><br></div><div class="battle-history">Gourgeist used <strong>Will-O-Wisp</strong>!<br></div><div class="battle-history"><small>The opposing Tangela was burned!</small><br></div><div class="spacer battle-history"><br></div><div class="battle-history"><small>Gourgeist restored a little HP using its Leftovers!</small><br></div><div class="battle-history"><small>The opposing Tangela was hurt by its burn!</small><br></div><div class="spacer battle-history"><br></div><h2 class="battle-history">Turn 19</h2><div class="spacer battle-history"><br></div><div class="battle-history">Gourgeist used <strong>Protect</strong>!<br></div><div class="battle-history"><small>Gourgeist protected itself!</small><br></div><div class="spacer battle-history"><br></div><div class="battle-history">The opposing Tangela used <strong>Sleep Powder</strong>!<br></div><div class="battle-history"><small>Gourgeist protected itself!</small><br></div><div class="spacer battle-history"><br></div><div class="battle-history"><small>Gourgeist restored a little HP using its Leftovers!</small><br></div><div class="battle-history"><small>The opposing Tangela was hurt by its burn!</small><br></div><div class="spacer battle-history"><br></div><h2 class="battle-history">Turn 20</h2><div class="spacer battle-history"><br></div><div class="battle-history">The opposing Tangela used <strong>Hidden Power</strong>!<br></div><div class="battle-history"><small>It's super effective!</small><br></div><div class="battle-history"><small>(Gourgeist lost <abbr title="−160/312">51.3%</abbr> of its health!)</small><br></div><div class="spacer battle-history"><br></div><div class="battle-history">Gourgeist used <strong>Seed Bomb</strong>!<br></div><div class="battle-history"><small>It's not very effective...</small><br></div><div class="battle-history"><small>(The opposing Tangela lost <abbr title="−33/334">9.9%</abbr> of its health!)</small><br></div><div class="spacer battle-history"><br></div><div class="battle-history"><small>Gourgeist restored a little HP using its Leftovers!</small><br></div><div class="battle-history"><small>The opposing Tangela was hurt by its burn!</small><br></div><div class="spacer battle-history"><br></div><h2 class="battle-history">Turn 21</h2><div class="spacer battle-history"><br></div><div class="battle-history">GW8 withdrew Tangela!<br></div><div class="battle-history">GW8 sent out <strong>Pelipper</strong>!<br></div><div class="spacer battle-history"><br></div><div class="battle-history">Gourgeist used <strong>Protect</strong>!<br></div><div class="battle-history"><small>But it failed!</small><br></div><div class="spacer battle-history"><br></div><div class="battle-history"><small>Gourgeist restored a little HP using its Leftovers!</small><br></div><div class="spacer battle-history"><br></div><h2 class="battle-history">Turn 22</h2><div class="spacer battle-history"><br></div><div class="battle-history">The opposing Pelipper used <strong>U-turn</strong>!<br></div><div class="battle-history"><small>(Gourgeist lost <abbr title="−19/312">6.1%</abbr> of its health!)</small><br></div><div class="spacer battle-history"><br></div><div class="battle-history">The opposing Pelipper went back to GW8!<br></div><div class="battle-history">GW8 sent out <strong>Tangela</strong>!<br></div><div class="spacer battle-history"><br></div><div class="battle-history">Gourgeist used <strong>Seed Bomb</strong>!<br></div><div class="battle-history"><small>It's not very effective...</small><br></div><div class="battle-history"><small>(The opposing Tangela lost <abbr title="−34/334">10.2%</abbr> of its health!)</small><br></div><div class="spacer battle-history"><br></div><div class="battle-history"><small>Gourgeist restored a little HP using its Leftovers!</small><br></div><div class="battle-history"><small>The opposing Tangela was hurt by its burn!</small><br></div><div class="spacer battle-history"><br></div><h2 class="battle-history">Turn 23</h2><div class="spacer battle-history"><br></div><div class="battle-history">Gourgeist used <strong>Protect</strong>!<br></div><div class="battle-history"><small>Gourgeist protected itself!</small><br></div><div class="spacer battle-history"><br></div><div class="battle-history">The opposing Tangela used <strong>Sleep Powder</strong>!<br></div><div class="battle-history"><small>Gourgeist protected itself!</small><br></div><div class="spacer battle-history"><br></div><div class="battle-history"><small>Gourgeist restored a little HP using its Leftovers!</small><br></div><div class="battle-history"><small>The opposing Tangela was hurt by its burn!</small><br></div><div class="spacer battle-history"><br></div><h2 class="battle-history">Turn 24</h2><div class="spacer battle-history"><br></div><div class="battle-history">Gourgeist, come back!<br></div><div class="battle-history">Go! <strong>Ninetales</strong>!<br></div><div class="battle-history"><small>Pointed stones dug into Ninetales!</small><br></div><div class="spacer battle-history"><br></div><div class="battle-history">The opposing Tangela used <strong>Hidden Power</strong>!<br></div><div class="battle-history"><small>It's not very effective...</small><br></div><div class="battle-history"><small>(Ninetales lost <abbr title="−30/288">10.4%</abbr> of its health!)</small><br></div><div class="spacer battle-history"><br></div><div class="battle-history"><small>The opposing Tangela was hurt by its burn!</small><br></div><div class="spacer battle-history"><br></div><h2 class="battle-history">Turn 25</h2><div class="spacer battle-history"><br></div><div class="battle-history">GW8 withdrew Tangela!<br></div><div class="battle-history">GW8 sent out <strong>Pelipper</strong>!<br></div><div class="spacer battle-history"><br></div><div class="battle-history">Ninetales used <strong>Calm Mind</strong>!<br></div><div class="battle-history"><small>Ninetales's Special Attack rose!</small><br></div><div class="battle-history"><small>Ninetales's Special Defense rose!</small><br></div><div class="spacer battle-history"><br></div><h2 class="battle-history">Turn 26</h2><div class="spacer battle-history"><br></div><div class="battle-history">Ninetales used <strong>Solar Beam</strong>!<br></div><div class="battle-history"><small>Ninetales absorbed light!</small><br></div><div class="spacer battle-history"><br></div><div class="battle-history">The opposing Pelipper used <strong>Scald</strong>!<br></div><div class="battle-history"><small>It's super effective!</small><br></div><div class="battle-history"><small>(Ninetales lost <abbr title="−102/288">35.4%</abbr> of its health!)</small><br></div><div class="spacer battle-history"><br></div><h2 class="battle-history">Turn 27</h2><div class="spacer battle-history"><br></div><div class="battle-history">Ninetales used <strong>Solar Beam</strong>!<br></div><div class="battle-history"><small>(The opposing Pelipper lost <abbr title="−273/323">84.5%</abbr> of its health!)</small><br></div><div class="battle-history"><small>Ninetales lost some of its HP!</small><br></div><div class="spacer battle-history"><br></div><div class="battle-history">The opposing Pelipper used <strong>Roost</strong>!<br></div><div class="battle-history"><small>The opposing Pelipper restored its HP.</small><br></div><div class="spacer battle-history"><br></div><div class="battle-history"><small>The opposing Pelipper restored a little HP using its Leftovers!</small><br></div><div class="spacer battle-history"><br></div><h2 class="battle-history">Turn 28</h2><div class="spacer battle-history"><br></div><div class="battle-history">Ninetales used <strong>Psyshock</strong>!<br></div><div class="battle-history"><small>(The opposing Pelipper lost <abbr title="−103/323">31.9%</abbr> of its health!)</small><br></div><div class="battle-history"><small>Ninetales lost some of its HP!</small><br></div><div class="spacer battle-history"><br></div><div class="battle-history">The opposing Pelipper used <strong>Scald</strong>!<br></div><div class="battle-history"><small>It's super effective!</small><br></div><div class="battle-history"><small>(Ninetales lost <abbr title="−28/288">9.7%</abbr> of its health!)</small><br></div><div class="spacer battle-history"><br></div><div class="battle-history">Ninetales fainted!<br></div><div class="spacer battle-history"><br></div><div class="battle-history"><small>The opposing Pelipper restored a little HP using its Leftovers!</small><br></div><div class="spacer battle-history"><br></div><div class="battle-history">Go! <strong>Altaria</strong>!<br></div><div class="battle-history"><small>Pointed stones dug into Altaria!</small><br></div><div class="spacer battle-history"><br></div><h2 class="battle-history">Turn 29</h2><div class="spacer battle-history"><br></div><div class="battle-history">Altaria used <strong>Dragon Dance</strong>!<br></div><div class="battle-history"><small>Altaria's Attack rose!</small><br></div><div class="battle-history"><small>Altaria's Speed rose!</small><br></div><div class="spacer battle-history"><br></div><div class="battle-history">The opposing Pelipper used <strong>U-turn</strong>!<br></div><div class="battle-history"><small>It's not very effective...</small><br></div><div class="battle-history"><small>(Altaria lost <abbr title="−14/291">4.8%</abbr> of its health!)</small><br></div><div class="spacer battle-history"><br></div><div class="battle-history">The opposing Pelipper went back to GW8!<br></div><div class="battle-history">GW8 sent out <strong>Golem</strong>!<br></div><div class="spacer battle-history"><br></div><h2 class="battle-history">Turn 30</h2><div class="spacer battle-history"><br></div><div class="battle-history">Altaria used <strong>Earthquake</strong>!<br></div><div class="battle-history"><small>It's super effective!</small><br></div><div class="battle-history"><small>(The opposing Golem lost <abbr title="−204/301">67.8%</abbr> of its health!)</small><br></div><div class="battle-history"><small>(The opposing Golem used its Weakness Policy!)</small><br></div><div class="battle-history"><small>The opposing Golem's Attack rose sharply!</small><br></div><div class="battle-history"><small>The opposing Golem's Special Attack rose sharply!</small><br></div><div class="spacer battle-history"><br></div><div class="battle-history">The opposing Golem used <strong>Stone Edge</strong>!<br></div><div class="battle-history"><small>It's super effective!</small><br></div><div class="battle-history"><small>(Altaria lost <abbr title="−205/291">70.4%</abbr> of its health!)</small><br></div><div class="spacer battle-history"><br></div><div class="battle-history">Altaria fainted!<br></div><div class="spacer battle-history"><br></div><div class="battle-history">Go! Gourgeist (<strong>Gourgeist-Super</strong>)!<br></div><div class="battle-history"><small>Pointed stones dug into Gourgeist!</small><br></div><div class="spacer battle-history"><br></div><h2 class="battle-history">Turn 31</h2><div class="spacer battle-history"><br></div><div class="battle-history">GW8 withdrew Golem!<br></div><div class="battle-history">GW8 sent out <strong>Tangela</strong>!<br></div><div class="spacer battle-history"><br></div><div class="battle-history">Gourgeist used <strong>Seed Bomb</strong>!<br></div><div class="battle-history"><small>It's not very effective...</small><br></div><div class="battle-history"><small>(The opposing Tangela lost <abbr title="−34/334">10.2%</abbr> of its health!)</small><br></div><div class="spacer battle-history"><br></div><div class="battle-history"><small>Gourgeist restored a little HP using its Leftovers!</small><br></div><div class="battle-history"><small>The opposing Tangela was hurt by its burn!</small><br></div><div class="spacer battle-history"><br></div><h2 class="battle-history">Turn 32</h2><div class="spacer battle-history"><br></div><div class="battle-history">Gourgeist used <strong>Protect</strong>!<br></div><div class="battle-history"><small>Gourgeist protected itself!</small><br></div><div class="spacer battle-history"><br></div><div class="battle-history">The opposing Tangela used <strong>Hidden Power</strong>!<br></div><div class="battle-history"><small>Gourgeist protected itself!</small><br></div><div class="spacer battle-history"><br></div><div class="battle-history"><small>Gourgeist restored a little HP using its Leftovers!</small><br></div><div class="battle-history"><small>The opposing Tangela was hurt by its burn!</small><br></div><div class="spacer battle-history"><br></div><h2 class="battle-history">Turn 33</h2><div class="spacer battle-history"><br></div><div class="battle-history">Gourgeist, come back!<br></div><div class="battle-history">Go! <strong>Floatzel</strong>!<br></div><div class="battle-history"><small>Pointed stones dug into Floatzel!</small><br></div><div class="spacer battle-history"><br></div><div class="battle-history">The opposing Tangela used <strong>Leaf Storm</strong>!<br></div><div class="battle-history"><small>It's super effective!</small><br></div><div class="battle-history"><small>(Floatzel lost <abbr title="−144/311">46.3%</abbr> of its health!)</small><br></div><div class="battle-history"><small>The opposing Tangela's Special Attack fell harshly!</small><br></div><div class="spacer battle-history"><br></div><div class="battle-history">Floatzel fainted!<br></div><div class="spacer battle-history"><br></div><div class="battle-history"><small>The opposing Tangela was hurt by its burn!</small><br></div><div class="spacer battle-history"><br></div><div class="battle-history">Go! <strong>Regice</strong>!<br></div><div class="battle-history"><small>Pointed stones dug into Regice!</small><br></div><div class="spacer battle-history"><br></div><h2 class="battle-history">Turn 34</h2><div class="spacer battle-history"><br></div><div class="battle-history">GW8 withdrew Tangela!<br></div><div class="battle-history">GW8 sent out <strong>Golem</strong>!<br></div><div class="spacer battle-history"><br></div><div class="battle-history">Regice is fast asleep.<br></div><div class="spacer battle-history"><br></div><div class="battle-history">Regice used <strong>Sleep Talk</strong>!<br></div><div class="spacer battle-history"><br></div><div class="battle-history">Regice used <strong>Ancient Power</strong>!<br></div><div class="battle-history"><small>It's not very effective...</small><br></div><div class="battle-history"><small>(The opposing Golem lost <abbr title="−45/301">15.0%</abbr> of its health!)</small><br></div><div class="spacer battle-history"><br></div><div class="battle-history"><small>Regice restored a little HP using its Leftovers!</small><br></div><div class="spacer battle-history"><br></div><h2 class="battle-history">Turn 35</h2><div class="spacer battle-history"><br></div><div class="battle-history">The opposing Golem used <strong>Stone Edge</strong>!<br></div><div class="battle-history"><small>It's super effective!</small><br></div><div class="battle-history"><small>(Regice lost <abbr title="−244/301">81.1%</abbr> of its health!)</small><br></div><div class="spacer battle-history"><br></div><div class="battle-history">Regice fainted!<br></div><div class="chat chatmessage-gw8"><strong style="color:hsl(203,85%,42.13577099818724%)"><small>☆</small><span class="username" data-name="GW8">GW8</span>:</strong> <em>gg</em></div><div class="spacer battle-history"><br></div><div class="battle-history">Go! Gourgeist (<strong>Gourgeist-Super</strong>)!<br></div><div class="battle-history"><small>Pointed stones dug into Gourgeist!</small><br></div><div class="spacer battle-history"><br></div><h2 class="battle-history">Turn 36</h2><div class="spacer battle-history"><br></div><div class="battle-history">The opposing Golem used <strong>Stone Edge</strong>!<br></div><div class="battle-history"><small>Gourgeist avoided the attack!</small><br></div><div class="spacer battle-history"><br></div><div class="battle-history">Gourgeist used <strong>Seed Bomb</strong>!<br></div><div class="battle-history"><small>It's super effective!</small><br></div><div class="battle-history"><small>(The opposing Golem lost <abbr title="−52/301">17.3%</abbr> of its health!)</small><br></div><div class="spacer battle-history"><br></div><div class="battle-history">The opposing Golem fainted!<br></div><div class="spacer battle-history"><br></div><div class="battle-history"><small>Gourgeist restored a little HP using its Leftovers!</small><br></div><div class="spacer battle-history"><br></div><div class="battle-history">GW8 sent out <strong>Pelipper</strong>!<br></div><div class="spacer battle-history"><br></div><h2 class="battle-history">Turn 37</h2><div class="spacer battle-history"><br></div><div class="battle-history">The opposing Pelipper used <strong>U-turn</strong>!<br></div><div class="battle-history"><small>(Gourgeist lost <abbr title="−19/312">6.1%</abbr> of its health!)</small><br></div><div class="spacer battle-history"><br></div><div class="battle-history">The opposing Pelipper went back to GW8!<br></div><div class="battle-history">GW8 sent out <strong>Tangela</strong>!<br></div><div class="spacer battle-history"><br></div><div class="battle-history">Gourgeist used <strong>Leech Seed</strong>!<br></div><div class="battle-history"><small>It doesn't affect the opposing Tangela...</small><br></div><div class="spacer battle-history"><br></div><div class="battle-history"><small>Gourgeist restored a little HP using its Leftovers!</small><br></div><div class="battle-history"><small>The opposing Tangela was hurt by its burn!</small><br></div><div class="spacer battle-history"><br></div><h2 class="battle-history">Turn 38</h2><div class="spacer battle-history"><br></div><div class="battle-history">Gourgeist used <strong>Protect</strong>!<br></div><div class="battle-history"><small>Gourgeist protected itself!</small><br></div><div class="spacer battle-history"><br></div><div class="battle-history">The opposing Tangela used <strong>Hidden Power</strong>!<br></div><div class="battle-history"><small>Gourgeist protected itself!</small><br></div><div class="spacer battle-history"><br></div><div class="battle-history"><small>Gourgeist restored a little HP using its Leftovers!</small><br></div><div class="battle-history"><small>The opposing Tangela was hurt by its burn!</small><br></div><div class="spacer battle-history"><br></div><h2 class="battle-history">Turn 39</h2><div class="spacer battle-history"><br></div><div class="battle-history">The opposing Tangela used <strong>Hidden Power</strong>!<br></div><div class="battle-history"><small>It's super effective!</small><br></div><div class="battle-history"><small>(Gourgeist lost <abbr title="−102/312">32.7%</abbr> of its health!)</small><br></div><div class="spacer battle-history"><br></div><div class="battle-history">Gourgeist fainted!<br></div><div class="spacer battle-history"><br></div><div class="battle-history"><strong>GW8</strong> won the battle!<br></div><div class="chat chatmessage-gw8"><strong style="color:hsl(203,85%,42.13577099818724%)"><small>☆</small><span class="username" data-name="GW8">GW8</span>:</strong> <em>gg</em></div><div class="chat">kitoXD's rating: 1093 → <strong>1075</strong><br>(-18 for losing)</div><div class="chat">GW8's rating: 1183 → <strong>1202</strong><br>(+19 for winning)</div><div class="chat"><small>kitoXD left.</small></div></div><div class="inner-preempt"></div></div></div>
</div>
<script>
let daily = Math.floor(Date.now()/1000/60/60/24);document.write('<script src="https://play.pokemonshowdown.com/js/replay-embed.js?version'+daily+'"></'+'script>');
</script>
