<!DOCTYPE html>
<meta charset="utf-8" />
<!-- version 1 -->
<title>PU replay: MagicTitis vs. S poi re</title>
<style>
html,body {font-family:Verdana, sans-serif;font-size:10pt;margin:0;padding:0;}body{padding:12px 0;} .battle-log {font-family:Verdana, sans-serif;font-size:10pt;} .battle-log-inline {border:1px solid #AAAAAA;background:#EEF2F5;color:black;max-width:640px;margin:0 auto 80px;padding-bottom:5px;} .battle-log .inner {padding:4px 8px 0px 8px;} .battle-log .inner-preempt {padding:0 8px 4px 8px;} .battle-log .inner-after {margin-top:0.5em;} .battle-log h2 {margin:0.5em -8px;padding:4px 8px;border:1px solid #AAAAAA;background:#E0E7EA;border-left:0;border-right:0;font-family:Verdana, sans-serif;font-size:13pt;} .battle-log .chat {vertical-align:middle;padding:3px 0 3px 0;font-size:8pt;} .battle-log .chat strong {color:#40576A;} .battle-log .chat em {padding:1px 4px 1px 3px;color:#000000;font-style:normal;} .chat.mine {background:rgba(0,0,0,0.05);margin-left:-8px;margin-right:-8px;padding-left:8px;padding-right:8px;} .spoiler {color:#BBBBBB;background:#BBBBBB;padding:0px 3px;} .spoiler:hover, .spoiler:active, .spoiler-shown {color:#000000;background:#E2E2E2;padding:0px 3px;} .spoiler a {color:#BBBBBB;} .spoiler:hover a, .spoiler:active a, .spoiler-shown a {color:#2288CC;} .chat code, .chat .spoiler:hover code, .chat .spoiler:active code, .chat .spoiler-shown code {border:1px solid #C0C0C0;background:#EEEEEE;color:black;padding:0 2px;} .chat .spoiler code {border:1px solid #CCCCCC;background:#CCCCCC;color:#CCCCCC;} .battle-log .rated {padding:3px 4px;} .battle-log .rated strong {color:white;background:#89A;padding:1px 4px;border-radius:4px;} .spacer {margin-top:0.5em;} .message-announce {background:#6688AA;color:white;padding:1px 4px 2px;} .message-announce a, .broadcast-green a, .broadcast-blue a, .broadcast-red a {color:#DDEEFF;} .broadcast-green {background-color:#559955;color:white;padding:2px 4px;} .broadcast-blue {background-color:#6688AA;color:white;padding:2px 4px;} .infobox {border:1px solid #6688AA;padding:2px 4px;} .infobox-limited {max-height:200px;overflow:auto;overflow-x:hidden;} .broadcast-red {background-color:#AA5544;color:white;padding:2px 4px;} .message-learn-canlearn {font-weight:bold;color:#228822;text-decoration:underline;} .message-learn-cannotlearn {font-weight:bold;color:#CC2222;text-decoration:underline;} .message-effect-weak {font-weight:bold;color:#CC2222;} .message-effect-resist {font-weight:bold;color:#6688AA;} .message-effect-immune {font-weight:bold;color:#666666;} .message-learn-list {margin-top:0;margin-bottom:0;} .message-throttle-notice, .message-error {color:#992222;} .message-overflow, .chat small.message-overflow {font-size:0pt;} .message-overflow::before {font-size:9pt;content:'...';} .subtle {color:#3A4A66;}
</style>
<div class="wrapper replay-wrapper" style="max-width:1180px;margin:0 auto">
<input type="hidden" name="replayid" value="pokestrat-pu-5161" />
<div class="battle"></div><div class="battle-log"></div><div class="replay-controls"></div><div class="replay-controls-2"></div>
<h1 style="font-weight:normal;text-align:center"><strong>PU</strong><br /><a href="http://pokemonshowdown.com/users/magictitis" class="subtle" target="_blank">MagicTitis</a> vs. <a href="http://pokemonshowdown.com/users/spoire" class="subtle" target="_blank">S poi re</a></h1>
<script type="text/plain" class="battle-log-data">|j|MagicTitis
|j|S poi re
|player|p1|MagicTitis|2
|teamsize|p1|6
|player|p2|S poi re|185
|teamsize|p2|6
|gametype|singles
|gen|6
|tier|PU
|seed|61523,64547,36525,19395
|rule|Sleep Clause Mod: Limit one foe put to sleep
|rule|Species Clause: Limit one of each Pokémon
|rule|OHKO Clause: OHKO moves are banned
|rule|Moody Clause: Moody is banned
|rule|Evasion Moves Clause: Evasion moves are banned
|rule|Endless Battle Clause: Forcing endless battles is banned
|rule|HP Percentage Mod: HP is shown in percentages
|clearpoke
|poke|p1|Leavanny, M|item
|poke|p1|Golem, M|item
|poke|p1|Floatzel, M|item
|poke|p1|Kingler, F|item
|poke|p1|Altaria, M|item
|poke|p1|Articuno|item
|poke|p2|Huntail, F|item
|poke|p2|Hippopotas, F|item
|poke|p2|Vullaby, F|item
|poke|p2|Beheeyem, F|item
|poke|p2|Fraxure, F|item
|poke|p2|Lickilicky, M|item
|rule|Swagger Clause: Swagger is banned
|rule|Baton Pass Clause: Limit one Baton Passer, can't pass Spe and other stats simultaneously
|teampreview
|c|☆MagicTitis|re gl
|choice|team 1, team 2, team 3, team 4, team 5, team 6|team 3, team 2, team 1, team 4, team 5, team 6
|
|start
|switch|p1a: Leavanny|Leavanny, M|354\/354
|switch|p2a: Vullaby|Vullaby, F|343\/343
|turn|1
|choice|move stickyweb|move knockoff
|
|move|p1a: Leavanny|Sticky Web|p2a: Vullaby
|-sidestart|p2: S poi re|move: Sticky Web
|move|p2a: Vullaby|Knock Off|p1a: Leavanny
|-damage|p1a: Leavanny|255\/354
|-enditem|p1a: Leavanny|Focus Sash|[from] move: Knock Off|[of] p2a: Vullaby
|
|upkeep
|turn|2
|choice|move electroweb|move defog
|
|move|p1a: Leavanny|Electroweb|p2a: Vullaby
|-supereffective|p2a: Vullaby
|-damage|p2a: Vullaby|287\/343
|-unboost|p2a: Vullaby|spe|1
|move|p2a: Vullaby|Defog|p1a: Leavanny
|-unboost|p1a: Leavanny|evasion|1
|-sideend|p2: S poi re|Sticky Web|[from] move: Defog|[of] p2a: Vullaby
|
|upkeep
|turn|3
|choice|move stickyweb|move bravebird
|
|move|p1a: Leavanny|Sticky Web|p2a: Vullaby
|-sidestart|p2: S poi re|move: Sticky Web
|move|p2a: Vullaby|Brave Bird|p1a: Leavanny
|-supereffective|p1a: Leavanny
|-crit|p1a: Leavanny
|-damage|p1a: Leavanny|0 fnt
|-damage|p2a: Vullaby|203\/343|[from] Recoil|[of] p1a: Leavanny
|faint|p1a: Leavanny
|
|upkeep
|c|☆S poi re|BC 
|choice|switch 3|
|
|switch|p1a: Floatzel|Floatzel, M|311\/311
|turn|4
|choice|move icebeam|move defog
|
|move|p1a: Floatzel|Ice Beam|p2a: Vullaby
|-supereffective|p2a: Vullaby
|-damage|p2a: Vullaby|0 fnt
|-damage|p1a: Floatzel|280\/311|[from] item: Life Orb
|faint|p2a: Vullaby
|
|upkeep
|l|S poi re
|player|p2|
|j|S poi re
|player|p2|S poi re|185
|j|Lulux08
|choice||switch 6
|
|switch|p2a: Lickilicky|Lickilicky, M|423\/423
|-activate|p2a: Lickilicky|move: Sticky Web
|-unboost|p2a: Lickilicky|spe|1
|turn|5
|choice|move focusblast|move knockoff
|
|move|p1a: Floatzel|Focus Blast|p2a: Lickilicky|[miss]
|-miss|p1a: Floatzel|p2a: Lickilicky
|move|p2a: Lickilicky|Knock Off|p1a: Floatzel
|-damage|p1a: Floatzel|173\/311
|-enditem|p1a: Floatzel|Life Orb|[from] move: Knock Off|[of] p2a: Lickilicky
|
|upkeep
|turn|6
|choice|move focusblast|move wish
|
|move|p1a: Floatzel|Focus Blast|p2a: Lickilicky
|-supereffective|p2a: Lickilicky
|-damage|p2a: Lickilicky|249\/423
|move|p2a: Lickilicky|Wish|p2a: Lickilicky
|
|-heal|p2a: Lickilicky|275\/423|[from] item: Leftovers
|upkeep
|turn|7
|choice|switch 4|move knockoff
|
|switch|p1a: Kingler|Kingler, F|251\/251
|move|p2a: Lickilicky|Knock Off|p1a: Kingler
|-damage|p1a: Kingler|190\/251
|-enditem|p1a: Kingler|Choice Band|[from] move: Knock Off|[of] p2a: Lickilicky
|
|-heal|p2a: Lickilicky|423\/423|[from] move: Wish|[wisher] Lickilicky
|upkeep
|turn|8
|choice|move superpower|move wish
|
|move|p1a: Kingler|Superpower|p2a: Lickilicky
|-supereffective|p2a: Lickilicky
|-damage|p2a: Lickilicky|119\/423
|-unboost|p1a: Kingler|atk|1
|-unboost|p1a: Kingler|def|1
|move|p2a: Lickilicky|Wish|p2a: Lickilicky
|
|-heal|p2a: Lickilicky|145\/423|[from] item: Leftovers
|upkeep
|turn|9
|choice|move superpower|move protect
|
|move|p2a: Lickilicky|Protect|p2a: Lickilicky
|-singleturn|p2a: Lickilicky|Protect
|move|p1a: Kingler|Superpower|p2a: Lickilicky
|-activate|p2a: Lickilicky|move: Protect
|
|-heal|p2a: Lickilicky|356\/423|[from] move: Wish|[wisher] Lickilicky
|-heal|p2a: Lickilicky|382\/423|[from] item: Leftovers
|upkeep
|turn|10
|choice|move superpower|switch 2
|
|switch|p2a: Hippopotas|Hippopotas, F|340\/340
|-activate|p2a: Hippopotas|move: Sticky Web
|-unboost|p2a: Hippopotas|spe|1
|move|p1a: Kingler|Superpower|p2a: Hippopotas
|-damage|p2a: Hippopotas|253\/340
|-unboost|p1a: Kingler|atk|1
|-unboost|p1a: Kingler|def|1
|
|-heal|p2a: Hippopotas|274\/340|[from] item: Leftovers
|upkeep
|turn|11
|choice|move knockoff|move stealthrock
|
|move|p1a: Kingler|Knock Off|p2a: Hippopotas
|-damage|p2a: Hippopotas|228\/340
|-enditem|p2a: Hippopotas|Leftovers|[from] move: Knock Off|[of] p1a: Kingler
|move|p2a: Hippopotas|Stealth Rock|p1a: Kingler
|-sidestart|p1: MagicTitis|move: Stealth Rock
|
|upkeep
|turn|12
|choice|switch 4|move earthquake
|
|switch|p1a: Floatzel|Floatzel, M|173\/311
|-damage|p1a: Floatzel|135\/311|[from] Stealth Rock
|move|p2a: Hippopotas|Earthquake|p1a: Floatzel
|-damage|p1a: Floatzel|0 fnt
|faint|p1a: Floatzel
|
|upkeep
|choice|switch 6|
|
|switch|p1a: Articuno|Articuno|383\/383
|-damage|p1a: Articuno|192\/383|[from] Stealth Rock
|-ability|p1a: Articuno|Pressure
|turn|13
|l|S poi re
|player|p2|
|j|S poi re
|player|p2|S poi re|185
|choice|move freezedry|switch 2
|
|switch|p2a: Lickilicky|Lickilicky, M|382\/423
|-activate|p2a: Lickilicky|move: Sticky Web
|-unboost|p2a: Lickilicky|spe|1
|move|p1a: Articuno|Freeze-Dry|p2a: Lickilicky
|-damage|p2a: Lickilicky|322\/423
|
|-heal|p1a: Articuno|215\/383|[from] item: Leftovers
|-heal|p2a: Lickilicky|348\/423|[from] item: Leftovers
|upkeep
|turn|14
|choice|move defog|move knockoff
|
|move|p1a: Articuno|Defog|p2a: Lickilicky
|-unboost|p2a: Lickilicky|evasion|1
|-sideend|p2: S poi re|Sticky Web|[from] move: Defog|[of] p2a: Lickilicky
|-sideend|p1: MagicTitis|Stealth Rock|[from] move: Defog|[of] p1a: Articuno
|move|p2a: Lickilicky|Knock Off|p1a: Articuno
|-damage|p1a: Articuno|145\/383
|-enditem|p1a: Articuno|Leftovers|[from] move: Knock Off|[of] p2a: Lickilicky
|
|-heal|p2a: Lickilicky|374\/423|[from] item: Leftovers
|upkeep
|turn|15
|choice|move roost|move wish
|
|move|p1a: Articuno|Roost|p1a: Articuno
|-heal|p1a: Articuno|337\/383
|move|p2a: Lickilicky|Wish|p2a: Lickilicky
|
|-heal|p2a: Lickilicky|400\/423|[from] item: Leftovers
|upkeep
|turn|16
|l|Lulux08
|choice|move uturn|move knockoff
|
|move|p1a: Articuno|U-turn|p2a: Lickilicky
|-damage|p2a: Lickilicky|358\/423
|choice|switch 5|
|
|switch|p1a: Altaria|Altaria, M|354\/354
|move|p2a: Lickilicky|Knock Off|p1a: Altaria
|-damage|p1a: Altaria|303\/354
|-enditem|p1a: Altaria|Leftovers|[from] move: Knock Off|[of] p2a: Lickilicky
|
|-heal|p2a: Lickilicky|423\/423|[from] move: Wish|[wisher] Lickilicky
|upkeep
|turn|17
|choice|move cottonguard|switch 4
|
|switch|p2a: Beheeyem|Beheeyem, F|291\/291
|move|p1a: Altaria|Cotton Guard|p1a: Altaria
|-boost|p1a: Altaria|def|3
|
|upkeep
|turn|18
|choice|move tailwind|move nastyplot
|
|move|p1a: Altaria|Tailwind|p1a: Altaria
|-sidestart|p1: MagicTitis|move: Tailwind
|move|p2a: Beheeyem|Nasty Plot|p2a: Beheeyem
|-boost|p2a: Beheeyem|spa|2
|
|upkeep
|turn|19
|choice|move dragonpulse|move psychic
|
|move|p1a: Altaria|Dragon Pulse|p2a: Beheeyem
|-damage|p2a: Beheeyem|210\/291
|move|p2a: Beheeyem|Psychic|p1a: Altaria
|-damage|p1a: Altaria|0 fnt
|-damage|p2a: Beheeyem|181\/291|[from] item: Life Orb
|faint|p1a: Altaria
|
|upkeep
|choice|switch 2|
|
|switch|p1a: Golem|Golem, M|301\/301
|turn|20
|choice|move suckerpunch|move psychic
|
|move|p1a: Golem|Sucker Punch|p2a: Beheeyem
|-supereffective|p2a: Beheeyem
|-damage|p2a: Beheeyem|0 fnt
|faint|p2a: Beheeyem
|
|upkeep
|choice||switch 5
|
|switch|p2a: Fraxure|Fraxure, F|273\/273
|-ability|p2a: Fraxure|Mold Breaker
|turn|21
|l|S poi re
|player|p2|
|j|S poi re
|player|p2|S poi re|185
|choice|move earthquake|move dragondance
|
|move|p1a: Golem|Earthquake|p2a: Fraxure
|-damage|p2a: Fraxure|114\/273
|move|p2a: Fraxure|Dragon Dance|p2a: Fraxure
|-boost|p2a: Fraxure|atk|1
|-boost|p2a: Fraxure|spe|1
|
|-sideend|p1: MagicTitis|move: Tailwind
|upkeep
|turn|22
|choice|move earthquake|move outrage
|
|move|p2a: Fraxure|Outrage|p1a: Golem
|-damage|p1a: Golem|58\/301
|move|p1a: Golem|Earthquake|p2a: Fraxure
|-damage|p2a: Fraxure|0 fnt
|faint|p2a: Fraxure
|
|upkeep
|choice||switch 4
|
|switch|p2a: Lickilicky|Lickilicky, M|423\/423
|turn|23
|choice|move earthquake|move knockoff
|
|move|p1a: Golem|Earthquake|p2a: Lickilicky
|-damage|p2a: Lickilicky|233\/423
|move|p2a: Lickilicky|Knock Off|p1a: Golem
|-damage|p1a: Golem|1\/301
|-enditem|p1a: Golem|Weakness Policy|[from] move: Knock Off|[of] p2a: Lickilicky
|
|-heal|p2a: Lickilicky|259\/423|[from] item: Leftovers
|upkeep
|turn|24
|c|☆MagicTitis|xD
|c|☆MagicTitis|1 hp
|c|☆S poi re|XDDDDDD
|choice|move earthquake|move knockoff
|
|move|p1a: Golem|Earthquake|p2a: Lickilicky
|-damage|p2a: Lickilicky|70\/423
|move|p2a: Lickilicky|Knock Off|p1a: Golem
|-damage|p1a: Golem|0 fnt
|faint|p1a: Golem
|
|-heal|p2a: Lickilicky|96\/423|[from] item: Leftovers
|upkeep
|choice|switch 4|
|
|switch|p1a: Kingler|Kingler, F|190\/251
|turn|25
|choice|move knockoff|move knockoff
|
|move|p1a: Kingler|Knock Off|p2a: Lickilicky
|-damage|p2a: Lickilicky|0 fnt
|-enditem|p2a: Lickilicky|Leftovers|[from] move: Knock Off|[of] p1a: Kingler
|faint|p2a: Lickilicky
|
|upkeep
|choice||switch 3
|
|switch|p2a: Huntail|Huntail, F|251\/251
|turn|26
|choice|move knockoff|move shellsmash
|
|move|p1a: Kingler|Knock Off|p2a: Huntail
|-damage|p2a: Huntail|148\/251
|-enditem|p2a: Huntail|White Herb|[from] move: Knock Off|[of] p1a: Kingler
|move|p2a: Huntail|Shell Smash|p2a: Huntail
|-unboost|p2a: Huntail|def|1
|-unboost|p2a: Huntail|spd|1
|-boost|p2a: Huntail|atk|2
|-boost|p2a: Huntail|spa|2
|-boost|p2a: Huntail|spe|2
|
|upkeep
|turn|27
|choice|move superpower|move suckerpunch
|
|move|p2a: Huntail|Sucker Punch|p1a: Kingler
|-damage|p1a: Kingler|36\/251
|move|p1a: Kingler|Superpower|p2a: Huntail
|-damage|p2a: Huntail|0 fnt
|-unboost|p1a: Kingler|atk|1
|-unboost|p1a: Kingler|def|1
|faint|p2a: Huntail
|
|upkeep
|l|S poi re
|player|p2|
|j|S poi re
|player|p2|S poi re|185
|choice||switch 2
|
|switch|p2a: Hippopotas|Hippopotas, F|228\/340
|turn|28
|c|☆S poi re|Gg 
|c|☆MagicTitis|gg
|c|☆S poi re|Posté les replays 
|c|☆S poi re|Stp
|c|☆MagicTitis|ok
|c|☆S poi re|J'ai enregistré le premier 
|choice|move crabhammer|move earthquake
|
|move|p1a: Kingler|Crabhammer|p2a: Hippopotas
|-supereffective|p2a: Hippopotas
|-damage|p2a: Hippopotas|18\/340
|move|p2a: Hippopotas|Earthquake|p1a: Kingler
|-damage|p1a: Kingler|0 fnt
|faint|p1a: Kingler
|
|upkeep
|choice|switch 5|
|
|switch|p1a: Articuno|Articuno|337\/383
|-ability|p1a: Articuno|Pressure
|turn|29
|c|☆MagicTitis|moi aussi
|choice|move freezedry|move earthquake
|
|move|p1a: Articuno|Freeze-Dry|p2a: Hippopotas
|-supereffective|p2a: Hippopotas
|-damage|p2a: Hippopotas|0 fnt
|faint|p2a: Hippopotas
|
|win|MagicTitis</script>
</div>
<div class="battle-log battle-log-inline"><div class="inner"><div class="battle-options"></div><div class="inner"><div class="chat"><small>MagicTitis joined.</small></div><div class="chat"><small>S poi re joined.</small></div><div class=""><small>Format:</small> <br><strong>PU</strong></div><div class=""><small><em>Sleep Clause Mod:</em> Limit one foe put to sleep</small></div><div class=""><small><em>Species Clause:</em> Limit one of each Pokémon</small></div><div class=""><small><em>OHKO Clause:</em> OHKO moves are banned</small></div><div class=""><small><em>Moody Clause:</em> Moody is banned</small></div><div class=""><small><em>Evasion Moves Clause:</em> Evasion moves are banned</small></div><div class=""><small><em>Endless Battle Clause:</em> Forcing endless battles is banned</small></div><div class=""><small><em>HP Percentage Mod:</em> HP is shown in percentages</small></div><div class=""><small><em>Swagger Clause:</em> Swagger is banned</small></div><div class=""><small><em>Baton Pass Clause:</em> Limit one Baton Passer, can't pass Spe and other stats simultaneously</small></div><div class="chat battle-history"><strong>MagicTitis's team:</strong> <em style="color:#445566;display:block;">Leavanny / Golem / Floatzel / Kingler / Altaria / Articuno</em></div><div class="chat battle-history"><strong>S poi re's team:</strong> <em style="color:#445566;display:block;">Huntail / Hippopotas / Vullaby / Beheeyem / Fraxure / Lickilicky</em></div><div class="chat chatmessage-magictitis"><strong style="color:hsl(161,41%,36.88683032510188%)"><small>☆</small><span class="username" data-name="MagicTitis">MagicTitis</span>:</strong> <em>re gl</em></div><div class="spacer battle-history"><br></div><div class="battle-history">Battle started between MagicTitis and S poi re!<br></div><div class="spacer battle-history"><br></div><div class="battle-history">Go! <strong>Leavanny</strong>!<br></div><div class="spacer battle-history"><br></div><div class="battle-history">S poi re sent out <strong>Vullaby</strong>!<br></div><div class="spacer battle-history"><br></div><h2 class="battle-history">Turn 1</h2><div class="spacer battle-history"><br></div><div class="battle-history">Leavanny used <strong>Sticky Web</strong>!<br></div><div class="battle-history"><small>A sticky web spreads out on the ground around the opposing team!</small><br></div><div class="spacer battle-history"><br></div><div class="battle-history">The opposing Vullaby used <strong>Knock Off</strong>!<br></div><div class="battle-history"><small>(Leavanny lost <abbr title="−99/354">28.0%</abbr> of its health!)</small><br></div><div class="battle-history"><small>The opposing Vullaby knocked off Leavanny's Focus Sash!</small><br></div><div class="spacer battle-history"><br></div><h2 class="battle-history">Turn 2</h2><div class="spacer battle-history"><br></div><div class="battle-history">Leavanny used <strong>Electroweb</strong>!<br></div><div class="battle-history"><small>It's super effective!</small><br></div><div class="battle-history"><small>(The opposing Vullaby lost <abbr title="−56/343">16.3%</abbr> of its health!)</small><br></div><div class="battle-history"><small>The opposing Vullaby's Speed fell!</small><br></div><div class="spacer battle-history"><br></div><div class="battle-history">The opposing Vullaby used <strong>Defog</strong>!<br></div><div class="battle-history"><small>Leavanny's evasiveness fell!</small><br></div><div class="battle-history"><small>The sticky web has disappeared from the ground around the opposing team!</small><br></div><div class="spacer battle-history"><br></div><h2 class="battle-history">Turn 3</h2><div class="spacer battle-history"><br></div><div class="battle-history">Leavanny used <strong>Sticky Web</strong>!<br></div><div class="battle-history"><small>A sticky web spreads out on the ground around the opposing team!</small><br></div><div class="spacer battle-history"><br></div><div class="battle-history">The opposing Vullaby used <strong>Brave Bird</strong>!<br></div><div class="battle-history"><small>It's super effective!</small><br></div><div class="battle-history"><small>A critical hit!</small><br></div><div class="battle-history"><small>(Leavanny lost <abbr title="−255/354">72.0%</abbr> of its health!)</small><br></div><div class="battle-history"><small>The opposing Vullaby is damaged by the recoil!</small><br></div><div class="spacer battle-history"><br></div><div class="battle-history">Leavanny fainted!<br></div><div class="chat chatmessage-spoire"><strong style="color:hsl(89,69%,37.89835537493884%)"><small>☆</small><span class="username" data-name="S poi re">S poi re</span>:</strong> <em>BC </em></div><div class="spacer battle-history"><br></div><div class="battle-history">Go! <strong>Floatzel</strong>!<br></div><div class="spacer battle-history"><br></div><h2 class="battle-history">Turn 4</h2><div class="spacer battle-history"><br></div><div class="battle-history">Floatzel used <strong>Ice Beam</strong>!<br></div><div class="battle-history"><small>It's super effective!</small><br></div><div class="battle-history"><small>(The opposing Vullaby lost <abbr title="−203/343">59.2%</abbr> of its health!)</small><br></div><div class="battle-history"><small>Floatzel lost some of its HP!</small><br></div><div class="spacer battle-history"><br></div><div class="battle-history">The opposing Vullaby fainted!<br></div><div class="chat"><small>S poi re left.</small></div><div class="chat"><small>S poi re joined.</small></div><div class="chat"><small>Lulux08 joined.</small></div><div class="spacer battle-history"><br></div><div class="battle-history">S poi re sent out <strong>Lickilicky</strong>!<br></div><div class="battle-history"><small>The opposing Lickilicky was caught in a sticky web!</small><br></div><div class="battle-history"><small>The opposing Lickilicky's Speed fell!</small><br></div><div class="spacer battle-history"><br></div><h2 class="battle-history">Turn 5</h2><div class="spacer battle-history"><br></div><div class="battle-history">Floatzel used <strong>Focus Blast</strong>!<br></div><div class="battle-history"><small>The opposing Lickilicky avoided the attack!</small><br></div><div class="spacer battle-history"><br></div><div class="battle-history">The opposing Lickilicky used <strong>Knock Off</strong>!<br></div><div class="battle-history"><small>(Floatzel lost <abbr title="−107/311">34.4%</abbr> of its health!)</small><br></div><div class="battle-history"><small>The opposing Lickilicky knocked off Floatzel's Life Orb!</small><br></div><div class="spacer battle-history"><br></div><h2 class="battle-history">Turn 6</h2><div class="spacer battle-history"><br></div><div class="battle-history">Floatzel used <strong>Focus Blast</strong>!<br></div><div class="battle-history"><small>It's super effective!</small><br></div><div class="battle-history"><small>(The opposing Lickilicky lost <abbr title="−174/423">41.1%</abbr> of its health!)</small><br></div><div class="spacer battle-history"><br></div><div class="battle-history">The opposing Lickilicky used <strong>Wish</strong>!<br></div><div class="spacer battle-history"><br></div><div class="battle-history"><small>The opposing Lickilicky restored a little HP using its Leftovers!</small><br></div><div class="spacer battle-history"><br></div><h2 class="battle-history">Turn 7</h2><div class="spacer battle-history"><br></div><div class="battle-history">Floatzel, come back!<br></div><div class="battle-history">Go! <strong>Kingler</strong>!<br></div><div class="spacer battle-history"><br></div><div class="battle-history">The opposing Lickilicky used <strong>Knock Off</strong>!<br></div><div class="battle-history"><small>(Kingler lost <abbr title="−61/251">24.3%</abbr> of its health!)</small><br></div><div class="battle-history"><small>The opposing Lickilicky knocked off Kingler's Choice Band!</small><br></div><div class="spacer battle-history"><br></div><div class="battle-history"><small>Lickilicky's wish came true!</small><br></div><div class="spacer battle-history"><br></div><h2 class="battle-history">Turn 8</h2><div class="spacer battle-history"><br></div><div class="battle-history">Kingler used <strong>Superpower</strong>!<br></div><div class="battle-history"><small>It's super effective!</small><br></div><div class="battle-history"><small>(The opposing Lickilicky lost <abbr title="−304/423">71.9%</abbr> of its health!)</small><br></div><div class="battle-history"><small>Kingler's Attack fell!</small><br></div><div class="battle-history"><small>Kingler's Defense fell!</small><br></div><div class="spacer battle-history"><br></div><div class="battle-history">The opposing Lickilicky used <strong>Wish</strong>!<br></div><div class="spacer battle-history"><br></div><div class="battle-history"><small>The opposing Lickilicky restored a little HP using its Leftovers!</small><br></div><div class="spacer battle-history"><br></div><h2 class="battle-history">Turn 9</h2><div class="spacer battle-history"><br></div><div class="battle-history">The opposing Lickilicky used <strong>Protect</strong>!<br></div><div class="battle-history"><small>The opposing Lickilicky protected itself!</small><br></div><div class="spacer battle-history"><br></div><div class="battle-history">Kingler used <strong>Superpower</strong>!<br></div><div class="battle-history"><small>The opposing Lickilicky protected itself!</small><br></div><div class="spacer battle-history"><br></div><div class="battle-history"><small>Lickilicky's wish came true!</small><br></div><div class="battle-history"><small>The opposing Lickilicky restored a little HP using its Leftovers!</small><br></div><div class="spacer battle-history"><br></div><h2 class="battle-history">Turn 10</h2><div class="spacer battle-history"><br></div><div class="battle-history">S poi re withdrew Lickilicky!<br></div><div class="battle-history">S poi re sent out <strong>Hippopotas</strong>!<br></div><div class="battle-history"><small>The opposing Hippopotas was caught in a sticky web!</small><br></div><div class="battle-history"><small>The opposing Hippopotas's Speed fell!</small><br></div><div class="spacer battle-history"><br></div><div class="battle-history">Kingler used <strong>Superpower</strong>!<br></div><div class="battle-history"><small>(The opposing Hippopotas lost <abbr title="−87/340">25.6%</abbr> of its health!)</small><br></div><div class="battle-history"><small>Kingler's Attack fell!</small><br></div><div class="battle-history"><small>Kingler's Defense fell!</small><br></div><div class="spacer battle-history"><br></div><div class="battle-history"><small>The opposing Hippopotas restored a little HP using its Leftovers!</small><br></div><div class="spacer battle-history"><br></div><h2 class="battle-history">Turn 11</h2><div class="spacer battle-history"><br></div><div class="battle-history">Kingler used <strong>Knock Off</strong>!<br></div><div class="battle-history"><small>(The opposing Hippopotas lost <abbr title="−46/340">13.5%</abbr> of its health!)</small><br></div><div class="battle-history"><small>Kingler knocked off the opposing Hippopotas's Leftovers!</small><br></div><div class="spacer battle-history"><br></div><div class="battle-history">The opposing Hippopotas used <strong>Stealth Rock</strong>!<br></div><div class="battle-history"><small>Pointed stones float in the air around your team!</small><br></div><div class="spacer battle-history"><br></div><h2 class="battle-history">Turn 12</h2><div class="spacer battle-history"><br></div><div class="battle-history">Kingler, come back!<br></div><div class="battle-history">Go! <strong>Floatzel</strong>!<br></div><div class="battle-history"><small>Pointed stones dug into Floatzel!</small><br></div><div class="spacer battle-history"><br></div><div class="battle-history">The opposing Hippopotas used <strong>Earthquake</strong>!<br></div><div class="battle-history"><small>(Floatzel lost <abbr title="−135/311">43.4%</abbr> of its health!)</small><br></div><div class="spacer battle-history"><br></div><div class="battle-history">Floatzel fainted!<br></div><div class="spacer battle-history"><br></div><div class="battle-history">Go! <strong>Articuno</strong>!<br></div><div class="battle-history"><small>Pointed stones dug into Articuno!</small><br></div><div class="battle-history"><small>[Articuno's Pressure]</small><br><small>Articuno is exerting its pressure!</small><br></div><div class="spacer battle-history"><br></div><h2 class="battle-history">Turn 13</h2><div class="chat"><small>S poi re left.</small></div><div class="chat"><small>S poi re joined.</small></div><div class="spacer battle-history"><br></div><div class="battle-history">S poi re withdrew Hippopotas!<br></div><div class="battle-history">S poi re sent out <strong>Lickilicky</strong>!<br></div><div class="battle-history"><small>The opposing Lickilicky was caught in a sticky web!</small><br></div><div class="battle-history"><small>The opposing Lickilicky's Speed fell!</small><br></div><div class="spacer battle-history"><br></div><div class="battle-history">Articuno used <strong>Freeze-Dry</strong>!<br></div><div class="battle-history"><small>(The opposing Lickilicky lost <abbr title="−60/423">14.2%</abbr> of its health!)</small><br></div><div class="spacer battle-history"><br></div><div class="battle-history"><small>Articuno restored a little HP using its Leftovers!</small><br></div><div class="battle-history"><small>The opposing Lickilicky restored a little HP using its Leftovers!</small><br></div><div class="spacer battle-history"><br></div><h2 class="battle-history">Turn 14</h2><div class="spacer battle-history"><br></div><div class="battle-history">Articuno used <strong>Defog</strong>!<br></div><div class="battle-history"><small>The opposing Lickilicky's evasiveness fell!</small><br></div><div class="battle-history"><small>The sticky web has disappeared from the ground around the opposing team!</small><br></div><div class="battle-history"><small>The pointed stones disappeared from around your team!</small><br></div><div class="spacer battle-history"><br></div><div class="battle-history">The opposing Lickilicky used <strong>Knock Off</strong>!<br></div><div class="battle-history"><small>(Articuno lost <abbr title="−70/383">18.3%</abbr> of its health!)</small><br></div><div class="battle-history"><small>The opposing Lickilicky knocked off Articuno's Leftovers!</small><br></div><div class="spacer battle-history"><br></div><div class="battle-history"><small>The opposing Lickilicky restored a little HP using its Leftovers!</small><br></div><div class="spacer battle-history"><br></div><h2 class="battle-history">Turn 15</h2><div class="spacer battle-history"><br></div><div class="battle-history">Articuno used <strong>Roost</strong>!<br></div><div class="battle-history"><small>Articuno restored its HP.</small><br></div><div class="spacer battle-history"><br></div><div class="battle-history">The opposing Lickilicky used <strong>Wish</strong>!<br></div><div class="spacer battle-history"><br></div><div class="battle-history"><small>The opposing Lickilicky restored a little HP using its Leftovers!</small><br></div><div class="spacer battle-history"><br></div><h2 class="battle-history">Turn 16</h2><div class="chat"><small>Lulux08 left.</small></div><div class="spacer battle-history"><br></div><div class="battle-history">Articuno used <strong>U-turn</strong>!<br></div><div class="battle-history"><small>(The opposing Lickilicky lost <abbr title="−42/423">9.9%</abbr> of its health!)</small><br></div><div class="spacer battle-history"><br></div><div class="battle-history">Articuno went back to MagicTitis!<br></div><div class="battle-history">Go! <strong>Altaria</strong>!<br></div><div class="spacer battle-history"><br></div><div class="battle-history">The opposing Lickilicky used <strong>Knock Off</strong>!<br></div><div class="battle-history"><small>(Altaria lost <abbr title="−51/354">14.4%</abbr> of its health!)</small><br></div><div class="battle-history"><small>The opposing Lickilicky knocked off Altaria's Leftovers!</small><br></div><div class="spacer battle-history"><br></div><div class="battle-history"><small>Lickilicky's wish came true!</small><br></div><div class="spacer battle-history"><br></div><h2 class="battle-history">Turn 17</h2><div class="spacer battle-history"><br></div><div class="battle-history">S poi re withdrew Lickilicky!<br></div><div class="battle-history">S poi re sent out <strong>Beheeyem</strong>!<br></div><div class="spacer battle-history"><br></div><div class="battle-history">Altaria used <strong>Cotton Guard</strong>!<br></div><div class="battle-history"><small>Altaria's Defense rose drastically!</small><br></div><div class="spacer battle-history"><br></div><h2 class="battle-history">Turn 18</h2><div class="spacer battle-history"><br></div><div class="battle-history">Altaria used <strong>Tailwind</strong>!<br></div><div class="battle-history"><small>The Tailwind blew from behind your team!</small><br></div><div class="spacer battle-history"><br></div><div class="battle-history">The opposing Beheeyem used <strong>Nasty Plot</strong>!<br></div><div class="battle-history"><small>The opposing Beheeyem's Special Attack rose sharply!</small><br></div><div class="spacer battle-history"><br></div><h2 class="battle-history">Turn 19</h2><div class="spacer battle-history"><br></div><div class="battle-history">Altaria used <strong>Dragon Pulse</strong>!<br></div><div class="battle-history"><small>(The opposing Beheeyem lost <abbr title="−81/291">27.8%</abbr> of its health!)</small><br></div><div class="spacer battle-history"><br></div><div class="battle-history">The opposing Beheeyem used <strong>Psychic</strong>!<br></div><div class="battle-history"><small>(Altaria lost <abbr title="−303/354">85.6%</abbr> of its health!)</small><br></div><div class="battle-history"><small>The opposing Beheeyem lost some of its HP!</small><br></div><div class="spacer battle-history"><br></div><div class="battle-history">Altaria fainted!<br></div><div class="spacer battle-history"><br></div><div class="battle-history">Go! <strong>Golem</strong>!<br></div><div class="spacer battle-history"><br></div><h2 class="battle-history">Turn 20</h2><div class="spacer battle-history"><br></div><div class="battle-history">Golem used <strong>Sucker Punch</strong>!<br></div><div class="battle-history"><small>It's super effective!</small><br></div><div class="battle-history"><small>(The opposing Beheeyem lost <abbr title="−181/291">62.2%</abbr> of its health!)</small><br></div><div class="spacer battle-history"><br></div><div class="battle-history">The opposing Beheeyem fainted!<br></div><div class="spacer battle-history"><br></div><div class="battle-history">S poi re sent out <strong>Fraxure</strong>!<br></div><div class="battle-history"><small>[The opposing Fraxure's Mold Breaker]</small><br><small>The opposing Fraxure breaks the mold!</small><br></div><div class="spacer battle-history"><br></div><h2 class="battle-history">Turn 21</h2><div class="chat"><small>S poi re left.</small></div><div class="chat"><small>S poi re joined.</small></div><div class="spacer battle-history"><br></div><div class="battle-history">Golem used <strong>Earthquake</strong>!<br></div><div class="battle-history"><small>(The opposing Fraxure lost <abbr title="−159/273">58.2%</abbr> of its health!)</small><br></div><div class="spacer battle-history"><br></div><div class="battle-history">The opposing Fraxure used <strong>Dragon Dance</strong>!<br></div><div class="battle-history"><small>The opposing Fraxure's Attack rose!</small><br></div><div class="battle-history"><small>The opposing Fraxure's Speed rose!</small><br></div><div class="spacer battle-history"><br></div><div class="battle-history"><small>Your team's Tailwind petered out!</small><br></div><div class="spacer battle-history"><br></div><h2 class="battle-history">Turn 22</h2><div class="spacer battle-history"><br></div><div class="battle-history">The opposing Fraxure used <strong>Outrage</strong>!<br></div><div class="battle-history"><small>(Golem lost <abbr title="−243/301">80.7%</abbr> of its health!)</small><br></div><div class="spacer battle-history"><br></div><div class="battle-history">Golem used <strong>Earthquake</strong>!<br></div><div class="battle-history"><small>(The opposing Fraxure lost <abbr title="−114/273">41.8%</abbr> of its health!)</small><br></div><div class="spacer battle-history"><br></div><div class="battle-history">The opposing Fraxure fainted!<br></div><div class="spacer battle-history"><br></div><div class="battle-history">S poi re sent out <strong>Lickilicky</strong>!<br></div><div class="spacer battle-history"><br></div><h2 class="battle-history">Turn 23</h2><div class="spacer battle-history"><br></div><div class="battle-history">Golem used <strong>Earthquake</strong>!<br></div><div class="battle-history"><small>(The opposing Lickilicky lost <abbr title="−190/423">44.9%</abbr> of its health!)</small><br></div><div class="spacer battle-history"><br></div><div class="battle-history">The opposing Lickilicky used <strong>Knock Off</strong>!<br></div><div class="battle-history"><small>(Golem lost <abbr title="−57/301">18.9%</abbr> of its health!)</small><br></div><div class="battle-history"><small>The opposing Lickilicky knocked off Golem's Weakness Policy!</small><br></div><div class="spacer battle-history"><br></div><div class="battle-history"><small>The opposing Lickilicky restored a little HP using its Leftovers!</small><br></div><div class="spacer battle-history"><br></div><h2 class="battle-history">Turn 24</h2><div class="chat chatmessage-magictitis"><strong style="color:hsl(161,41%,36.88683032510188%)"><small>☆</small><span class="username" data-name="MagicTitis">MagicTitis</span>:</strong> <em>xD</em></div><div class="chat chatmessage-magictitis"><strong style="color:hsl(161,41%,36.88683032510188%)"><small>☆</small><span class="username" data-name="MagicTitis">MagicTitis</span>:</strong> <em>1 hp</em></div><div class="chat chatmessage-spoire"><strong style="color:hsl(89,69%,37.89835537493884%)"><small>☆</small><span class="username" data-name="S poi re">S poi re</span>:</strong> <em>XDDDDDD</em></div><div class="spacer battle-history"><br></div><div class="battle-history">Golem used <strong>Earthquake</strong>!<br></div><div class="battle-history"><small>(The opposing Lickilicky lost <abbr title="−189/423">44.7%</abbr> of its health!)</small><br></div><div class="spacer battle-history"><br></div><div class="battle-history">The opposing Lickilicky used <strong>Knock Off</strong>!<br></div><div class="battle-history"><small>(Golem lost <abbr title="−1/301">0.3%</abbr> of its health!)</small><br></div><div class="spacer battle-history"><br></div><div class="battle-history">Golem fainted!<br></div><div class="spacer battle-history"><br></div><div class="battle-history"><small>The opposing Lickilicky restored a little HP using its Leftovers!</small><br></div><div class="spacer battle-history"><br></div><div class="battle-history">Go! <strong>Kingler</strong>!<br></div><div class="spacer battle-history"><br></div><h2 class="battle-history">Turn 25</h2><div class="spacer battle-history"><br></div><div class="battle-history">Kingler used <strong>Knock Off</strong>!<br></div><div class="battle-history"><small>(The opposing Lickilicky lost <abbr title="−96/423">22.7%</abbr> of its health!)</small><br></div><div class="battle-history"><small>Kingler knocked off the opposing Lickilicky's Leftovers!</small><br></div><div class="spacer battle-history"><br></div><div class="battle-history">The opposing Lickilicky fainted!<br></div><div class="spacer battle-history"><br></div><div class="battle-history">S poi re sent out <strong>Huntail</strong>!<br></div><div class="spacer battle-history"><br></div><h2 class="battle-history">Turn 26</h2><div class="spacer battle-history"><br></div><div class="battle-history">Kingler used <strong>Knock Off</strong>!<br></div><div class="battle-history"><small>(The opposing Huntail lost <abbr title="−103/251">41.0%</abbr> of its health!)</small><br></div><div class="battle-history"><small>Kingler knocked off the opposing Huntail's White Herb!</small><br></div><div class="spacer battle-history"><br></div><div class="battle-history">The opposing Huntail used <strong>Shell Smash</strong>!<br></div><div class="battle-history"><small>The opposing Huntail's Defense fell!</small><br></div><div class="battle-history"><small>The opposing Huntail's Special Defense fell!</small><br></div><div class="battle-history"><small>The opposing Huntail's Attack rose sharply!</small><br></div><div class="battle-history"><small>The opposing Huntail's Special Attack rose sharply!</small><br></div><div class="battle-history"><small>The opposing Huntail's Speed rose sharply!</small><br></div><div class="spacer battle-history"><br></div><h2 class="battle-history">Turn 27</h2><div class="spacer battle-history"><br></div><div class="battle-history">The opposing Huntail used <strong>Sucker Punch</strong>!<br></div><div class="battle-history"><small>(Kingler lost <abbr title="−154/251">61.4%</abbr> of its health!)</small><br></div><div class="spacer battle-history"><br></div><div class="battle-history">Kingler used <strong>Superpower</strong>!<br></div><div class="battle-history"><small>(The opposing Huntail lost <abbr title="−148/251">59.0%</abbr> of its health!)</small><br></div><div class="battle-history"><small>Kingler's Attack fell!</small><br></div><div class="battle-history"><small>Kingler's Defense fell!</small><br></div><div class="spacer battle-history"><br></div><div class="battle-history">The opposing Huntail fainted!<br></div><div class="chat"><small>S poi re left.</small></div><div class="chat"><small>S poi re joined.</small></div><div class="spacer battle-history"><br></div><div class="battle-history">S poi re sent out <strong>Hippopotas</strong>!<br></div><div class="spacer battle-history"><br></div><h2 class="battle-history">Turn 28</h2><div class="chat chatmessage-spoire"><strong style="color:hsl(89,69%,37.89835537493884%)"><small>☆</small><span class="username" data-name="S poi re">S poi re</span>:</strong> <em>Gg </em></div><div class="chat chatmessage-magictitis"><strong style="color:hsl(161,41%,36.88683032510188%)"><small>☆</small><span class="username" data-name="MagicTitis">MagicTitis</span>:</strong> <em>gg</em></div><div class="chat chatmessage-spoire"><strong style="color:hsl(89,69%,37.89835537493884%)"><small>☆</small><span class="username" data-name="S poi re">S poi re</span>:</strong> <em>Posté les replays </em></div><div class="chat chatmessage-spoire"><strong style="color:hsl(89,69%,37.89835537493884%)"><small>☆</small><span class="username" data-name="S poi re">S poi re</span>:</strong> <em>Stp</em></div><div class="chat chatmessage-magictitis"><strong style="color:hsl(161,41%,36.88683032510188%)"><small>☆</small><span class="username" data-name="MagicTitis">MagicTitis</span>:</strong> <em>ok</em></div><div class="chat chatmessage-spoire"><strong style="color:hsl(89,69%,37.89835537493884%)"><small>☆</small><span class="username" data-name="S poi re">S poi re</span>:</strong> <em>J'ai enregistré le premier </em></div><div class="spacer battle-history"><br></div><div class="battle-history">Kingler used <strong>Crabhammer</strong>!<br></div><div class="battle-history"><small>It's super effective!</small><br></div><div class="battle-history"><small>(The opposing Hippopotas lost <abbr title="−210/340">61.8%</abbr> of its health!)</small><br></div><div class="spacer battle-history"><br></div><div class="battle-history">The opposing Hippopotas used <strong>Earthquake</strong>!<br></div><div class="battle-history"><small>(Kingler lost <abbr title="−36/251">14.3%</abbr> of its health!)</small><br></div><div class="spacer battle-history"><br></div><div class="battle-history">Kingler fainted!<br></div><div class="spacer battle-history"><br></div><div class="battle-history">Go! <strong>Articuno</strong>!<br></div><div class="battle-history"><small>[Articuno's Pressure]</small><br><small>Articuno is exerting its pressure!</small><br></div><div class="spacer battle-history"><br></div><h2 class="battle-history">Turn 29</h2><div class="chat chatmessage-magictitis"><strong style="color:hsl(161,41%,36.88683032510188%)"><small>☆</small><span class="username" data-name="MagicTitis">MagicTitis</span>:</strong> <em>moi aussi</em></div><div class="spacer battle-history"><br></div><div class="battle-history">Articuno used <strong>Freeze-Dry</strong>!<br></div><div class="battle-history"><small>It's super effective!</small><br></div><div class="battle-history"><small>(The opposing Hippopotas lost <abbr title="−18/340">5.3%</abbr> of its health!)</small><br></div><div class="spacer battle-history"><br></div><div class="battle-history">The opposing Hippopotas fainted!<br></div><div class="spacer battle-history"><br></div><div class="battle-history"><strong>MagicTitis</strong> won the battle!<br></div></div><div class="inner-preempt"></div></div></div>
</div>
<script>
let daily = Math.floor(Date.now()/1000/60/60/24);document.write('<script src="https://play.pokemonshowdown.com/js/replay-embed.js?version'+daily+'"></'+'script>');
</script>
