<!DOCTYPE html>
<meta charset="utf-8" />
<!-- version 1 -->
<title>PU replay: thitanix vs. eokow</title>
<style>
html,body {font-family:Verdana, sans-serif;font-size:10pt;margin:0;padding:0;}body{padding:12px 0;} .battle-log {font-family:Verdana, sans-serif;font-size:10pt;} .battle-log-inline {border:1px solid #AAAAAA;background:#EEF2F5;color:black;max-width:640px;margin:0 auto 80px;padding-bottom:5px;} .battle-log .inner {padding:4px 8px 0px 8px;} .battle-log .inner-preempt {padding:0 8px 4px 8px;} .battle-log .inner-after {margin-top:0.5em;} .battle-log h2 {margin:0.5em -8px;padding:4px 8px;border:1px solid #AAAAAA;background:#E0E7EA;border-left:0;border-right:0;font-family:Verdana, sans-serif;font-size:13pt;} .battle-log .chat {vertical-align:middle;padding:3px 0 3px 0;font-size:8pt;} .battle-log .chat strong {color:#40576A;} .battle-log .chat em {padding:1px 4px 1px 3px;color:#000000;font-style:normal;} .chat.mine {background:rgba(0,0,0,0.05);margin-left:-8px;margin-right:-8px;padding-left:8px;padding-right:8px;} .spoiler {color:#BBBBBB;background:#BBBBBB;padding:0px 3px;} .spoiler:hover, .spoiler:active, .spoiler-shown {color:#000000;background:#E2E2E2;padding:0px 3px;} .spoiler a {color:#BBBBBB;} .spoiler:hover a, .spoiler:active a, .spoiler-shown a {color:#2288CC;} .chat code, .chat .spoiler:hover code, .chat .spoiler:active code, .chat .spoiler-shown code {border:1px solid #C0C0C0;background:#EEEEEE;color:black;padding:0 2px;} .chat .spoiler code {border:1px solid #CCCCCC;background:#CCCCCC;color:#CCCCCC;} .battle-log .rated {padding:3px 4px;} .battle-log .rated strong {color:white;background:#89A;padding:1px 4px;border-radius:4px;} .spacer {margin-top:0.5em;} .message-announce {background:#6688AA;color:white;padding:1px 4px 2px;} .message-announce a, .broadcast-green a, .broadcast-blue a, .broadcast-red a {color:#DDEEFF;} .broadcast-green {background-color:#559955;color:white;padding:2px 4px;} .broadcast-blue {background-color:#6688AA;color:white;padding:2px 4px;} .infobox {border:1px solid #6688AA;padding:2px 4px;} .infobox-limited {max-height:200px;overflow:auto;overflow-x:hidden;} .broadcast-red {background-color:#AA5544;color:white;padding:2px 4px;} .message-learn-canlearn {font-weight:bold;color:#228822;text-decoration:underline;} .message-learn-cannotlearn {font-weight:bold;color:#CC2222;text-decoration:underline;} .message-effect-weak {font-weight:bold;color:#CC2222;} .message-effect-resist {font-weight:bold;color:#6688AA;} .message-effect-immune {font-weight:bold;color:#666666;} .message-learn-list {margin-top:0;margin-bottom:0;} .message-throttle-notice, .message-error {color:#992222;} .message-overflow, .chat small.message-overflow {font-size:0pt;} .message-overflow::before {font-size:9pt;content:'...';} .subtle {color:#3A4A66;}
</style>
<div class="wrapper replay-wrapper" style="max-width:1180px;margin:0 auto">
<input type="hidden" name="replayid" value="pokestrat-pu-3140" />
<div class="battle"></div><div class="battle-log"></div><div class="replay-controls"></div><div class="replay-controls-2"></div>
<h1 style="font-weight:normal;text-align:center"><strong>PU</strong><br /><a href="http://pokemonshowdown.com/users/thitanix" class="subtle" target="_blank">thitanix</a> vs. <a href="http://pokemonshowdown.com/users/eokow" class="subtle" target="_blank">eokow</a></h1>
<script type="text/plain" class="battle-log-data">|j|thitanix
|j|eokow
|player|p1|thitanix|1
|player|p2|eokow|190
|gametype|singles
|gen|6
|tier|PU
|seed|11851,9079,7821,47391
|rule|Sleep Clause Mod: Limit one foe put to sleep
|rule|Species Clause: Limit one of each Pokémon
|rule|OHKO Clause: OHKO moves are banned
|rule|Moody Clause: Moody is banned
|rule|Evasion Moves Clause: Evasion moves are banned
|rule|Endless Battle Clause: Forcing endless battles is banned
|rule|HP Percentage Mod: HP is shown in percentages
|clearpoke
|poke|p1|Arbok, F|item
|poke|p1|Fraxure, M|item
|poke|p1|Lapras, M|item
|poke|p1|Golem, M|item
|poke|p1|Dusknoir, M|item
|poke|p1|Zebstrika, M|item
|poke|p2|Cacturne, M|item
|poke|p2|Clefairy, M|item
|poke|p2|Corsola, F|item
|poke|p2|Girafarig, F|item
|poke|p2|Drifblim, M|item
|poke|p2|Wormadam-Sandy, F|item
|rule|Swagger Clause: Swagger is banned
|rule|Baton Pass Clause: Limit one Baton Passer, can't pass Spe and other stats simultaneously
|teampreview
|choice|team 4, team 2, team 3, team 1, team 5, team 6|team 3, team 2, team 1, team 4, team 5, team 6
|
|start
|switch|p1a: Golem|Golem, M|301\/301
|switch|p2a: Corsola|Corsola, F|314\/314
|turn|1
|choice|move stealthrock|move scald
|
|move|p1a: Golem|Stealth Rock|p2a: Corsola
|-sidestart|p2: eokow|move: Stealth Rock
|move|p2a: Corsola|Scald|p1a: Golem
|-supereffective|p1a: Golem
|-ability|p1a: Golem|Sturdy
|-damage|p1a: Golem|1\/301
|
|upkeep
|turn|2
|choice|move explosion|move powergem
|-enditem|p1a: Golem|Custap Berry|[eat]
|-activate|p1a: Golem|item: Custap Berry
|
|move|p1a: Golem|Explosion|p2a: Corsola
|-resisted|p2a: Corsola
|-damage|p2a: Corsola|185\/314
|faint|p1a: Golem
|move|p2a: Corsola|Power Gem|p1: Golem|[notarget]
|-notarget
|
|-heal|p2a: Corsola|204\/314|[from] item: Leftovers
|upkeep
|choice|switch 5|
|
|switch|p1a: Dusknoir|Dusknoir, M|294\/294
|-item|p2a: Corsola|Leftovers|[from] ability: Frisk|[of] p1a: Dusknoir|[identify]
|turn|3
|choice|move earthquake|move toxic
|
|move|p1a: Dusknoir|Earthquake|p2a: Corsola
|-supereffective|p2a: Corsola
|-damage|p2a: Corsola|66\/314
|move|p2a: Corsola|Toxic|p1a: Dusknoir
|-status|p1a: Dusknoir|tox
|
|-heal|p2a: Corsola|85\/314|[from] item: Leftovers
|-damage|p1a: Dusknoir|276\/294 tox|[from] psn
|upkeep
|turn|4
|choice|move shadowsneak|switch 5
|
|switch|p2a: Drifblim|Drifblim, M|441\/441
|-damage|p2a: Drifblim|331\/441|[from] Stealth Rock
|move|p1a: Dusknoir|Shadow Sneak|p2a: Drifblim
|-supereffective|p2a: Drifblim
|-damage|p2a: Drifblim|161\/441
|
|-heal|p1a: Dusknoir|294\/294 tox|[from] item: Leftovers
|-damage|p1a: Dusknoir|258\/294 tox|[from] psn
|upkeep
|turn|5
|choice|move shadowsneak|switch 4
|
|switch|p2a: Girafarig|Girafarig, F|281\/281
|-damage|p2a: Girafarig|246\/281|[from] Stealth Rock
|move|p1a: Dusknoir|Shadow Sneak|p2a: Girafarig
|-immune|p2a: Girafarig|[msg]
|
|-heal|p2a: Girafarig|263\/281|[from] item: Leftovers
|-heal|p1a: Dusknoir|276\/294 tox|[from] item: Leftovers
|-damage|p1a: Dusknoir|222\/294 tox|[from] psn
|upkeep
|turn|6
|j|Ethandu54
|choice|move willowisp|move calmmind
|
|move|p2a: Girafarig|Calm Mind|p2a: Girafarig
|-boost|p2a: Girafarig|spa|1
|-boost|p2a: Girafarig|spd|1
|move|p1a: Dusknoir|Will-O-Wisp|p2a: Girafarig
|-status|p2a: Girafarig|brn
|
|-heal|p2a: Girafarig|280\/281 brn|[from] item: Leftovers
|-heal|p1a: Dusknoir|240\/294 tox|[from] item: Leftovers
|-damage|p2a: Girafarig|245\/281 brn|[from] brn
|-damage|p1a: Dusknoir|168\/294 tox|[from] psn
|upkeep
|turn|7
|l|Ethandu54
|choice|switch 2|move psychic
|
|switch|p1a: Fraxure|Fraxure, M|273\/273
|-ability|p1a: Fraxure|Mold Breaker
|move|p2a: Girafarig|Psychic|p1a: Fraxure
|-damage|p1a: Fraxure|60\/273
|
|-heal|p2a: Girafarig|262\/281 brn|[from] item: Leftovers
|-damage|p2a: Girafarig|227\/281 brn|[from] brn
|upkeep
|turn|8
|choice|move superpower|move psychic
|
|move|p2a: Girafarig|Psychic|p1a: Fraxure
|-damage|p1a: Fraxure|0 fnt
|faint|p1a: Fraxure
|
|-heal|p2a: Girafarig|244\/281 brn|[from] item: Leftovers
|-damage|p2a: Girafarig|209\/281 brn|[from] brn
|upkeep
|c|☆thitanix|scarf ?
|c|☆eokow|jsp
|choice|switch 6|
|
|switch|p1a: Zebstrika|Zebstrika, M|291\/291
|turn|9
|c|☆thitanix|XD
|choice|move thunderbolt|move psychic
|
|move|p1a: Zebstrika|Thunderbolt|p2a: Girafarig
|-damage|p2a: Girafarig|91\/281 brn
|move|p2a: Girafarig|Psychic|p1a: Zebstrika
|-damage|p1a: Zebstrika|54\/291
|
|-heal|p2a: Girafarig|108\/281 brn|[from] item: Leftovers
|-damage|p2a: Girafarig|73\/281 brn|[from] brn
|upkeep
|turn|10
|choice|move voltswitch|switch 3
|
|switch|p2a: Cacturne|Cacturne, M|326\/326
|-damage|p2a: Cacturne|286\/326|[from] Stealth Rock
|move|p1a: Zebstrika|Volt Switch|p2a: Cacturne
|-resisted|p2a: Cacturne
|-damage|p2a: Cacturne|217\/326
|choice|switch 4|
|
|switch|p1a: Arbok|Arbok, F|261\/261
|-ability|p1a: Arbok|Intimidate|boost
|-unboost|p2a: Cacturne|atk|1
|
|upkeep
|turn|11
|choice|move coil|switch 6
|
|switch|p2a: Wormadam|Wormadam-Sandy, F|324\/324
|-damage|p2a: Wormadam|284\/324|[from] Stealth Rock
|move|p1a: Arbok|Coil|p1a: Arbok
|-boost|p1a: Arbok|atk|1
|-boost|p1a: Arbok|def|1
|-boost|p1a: Arbok|accuracy|1
|
|-heal|p2a: Wormadam|304\/324|[from] item: Leftovers
|upkeep
|turn|12
|choice|move earthquake|move stealthrock
|
|move|p1a: Arbok|Earthquake|p2a: Wormadam
|-resisted|p2a: Wormadam
|-damage|p2a: Wormadam|251\/324
|move|p2a: Wormadam|Stealth Rock|p1a: Arbok
|-sidestart|p1: thitanix|move: Stealth Rock
|
|-heal|p2a: Wormadam|271\/324|[from] item: Leftovers
|upkeep
|turn|13
|choice|move gunkshot|move earthquake
|
|move|p1a: Arbok|Gunk Shot|p2a: Wormadam
|-resisted|p2a: Wormadam
|-damage|p2a: Wormadam|175\/324
|move|p2a: Wormadam|Earthquake|p1a: Arbok
|-supereffective|p1a: Arbok
|-damage|p1a: Arbok|79\/261
|
|-heal|p1a: Arbok|95\/261|[from] item: Black Sludge
|-heal|p2a: Wormadam|195\/324|[from] item: Leftovers
|upkeep
|turn|14
|choice|move suckerpunch|move earthquake
|
|move|p1a: Arbok|Sucker Punch|p2a: Wormadam
|-damage|p2a: Wormadam|117\/324
|move|p2a: Wormadam|Earthquake|p1a: Arbok
|-supereffective|p1a: Arbok
|-damage|p1a: Arbok|0 fnt
|faint|p1a: Arbok
|
|-heal|p2a: Wormadam|137\/324|[from] item: Leftovers
|upkeep
|choice|switch 3|
|
|switch|p1a: Lapras|Lapras, M|464\/464
|-damage|p1a: Lapras|348\/464|[from] Stealth Rock
|turn|15
|choice|move surf|move rockblast
|
|move|p1a: Lapras|Surf|p2a: Wormadam
|-supereffective|p2a: Wormadam
|-damage|p2a: Wormadam|0 fnt
|faint|p2a: Wormadam
|
|upkeep
|choice||switch 5
|
|switch|p2a: Corsola|Corsola, F|189\/314
|-damage|p2a: Corsola|150\/314|[from] Stealth Rock
|turn|16
|choice|move surf|move powergem
|
|move|p1a: Lapras|Surf|p2a: Corsola
|-damage|p2a: Corsola|0 fnt
|faint|p2a: Corsola
|
|upkeep
|choice||switch 6
|
|switch|p2a: Cacturne|Cacturne, M|217\/326
|-damage|p2a: Cacturne|177\/326|[from] Stealth Rock
|turn|17
|choice|switch 2|move substitute
|
|switch|p1a: Dusknoir|Dusknoir, M|168\/294 tox
|-damage|p1a: Dusknoir|132\/294 tox|[from] Stealth Rock
|-item|p2a: Cacturne|Life Orb|[from] ability: Frisk|[of] p1a: Dusknoir|[identify]
|move|p2a: Cacturne|Substitute|p2a: Cacturne
|-start|p2a: Cacturne|Substitute
|-damage|p2a: Cacturne|96\/326
|
|-heal|p1a: Dusknoir|150\/294 tox|[from] item: Leftovers
|-damage|p1a: Dusknoir|132\/294 tox|[from] psn
|upkeep
|turn|18
|choice|move earthquake|move suckerpunch
|
|move|p2a: Cacturne|Sucker Punch|p1a: Dusknoir
|-supereffective|p1a: Dusknoir
|-damage|p1a: Dusknoir|0 fnt
|-damage|p2a: Cacturne|64\/326|[from] item: Life Orb
|faint|p1a: Dusknoir
|
|upkeep
|choice|switch 2|
|
|switch|p1a: Lapras|Lapras, M|348\/464
|-damage|p1a: Lapras|232\/464|[from] Stealth Rock
|turn|19
|choice|move signalbeam|move seedbomb
|
|move|p2a: Cacturne|Seed Bomb|p1a: Lapras
|-supereffective|p1a: Lapras
|-damage|p1a: Lapras|0 fnt
|-damage|p2a: Cacturne|32\/326|[from] item: Life Orb
|faint|p1a: Lapras
|
|upkeep
|choice|switch 4|
|
|switch|p1a: Zebstrika|Zebstrika, M|54\/291
|-damage|p1a: Zebstrika|18\/291|[from] Stealth Rock
|turn|20
|choice|move hiddenpower|move suckerpunch
|
|move|p2a: Cacturne|Sucker Punch|p1a: Zebstrika
|-damage|p1a: Zebstrika|0 fnt
|-damage|p2a: Cacturne|0 fnt|[from] item: Life Orb
|faint|p1a: Zebstrika
|faint|p2a: Cacturne
|
|win|eokow
|c|☆thitanix|gg
|c|☆eokow|gg
|l|eokow
|j|eokow</script>
</div>
<div class="battle-log battle-log-inline"><div class="inner"><div class="battle-options"></div><div class="inner"><div class="chat"><small>thitanix joined.</small></div><div class="chat"><small>eokow joined.</small></div><div class=""><small>Format:</small> <br><strong>PU</strong></div><div class=""><small><em>Sleep Clause Mod:</em> Limit one foe put to sleep</small></div><div class=""><small><em>Species Clause:</em> Limit one of each Pokémon</small></div><div class=""><small><em>OHKO Clause:</em> OHKO moves are banned</small></div><div class=""><small><em>Moody Clause:</em> Moody is banned</small></div><div class=""><small><em>Evasion Moves Clause:</em> Evasion moves are banned</small></div><div class=""><small><em>Endless Battle Clause:</em> Forcing endless battles is banned</small></div><div class=""><small><em>HP Percentage Mod:</em> HP is shown in percentages</small></div><div class=""><small><em>Swagger Clause:</em> Swagger is banned</small></div><div class=""><small><em>Baton Pass Clause:</em> Limit one Baton Passer, can't pass Spe and other stats simultaneously</small></div><div class="chat battle-history"><strong>thitanix's team:</strong> <em style="color:#445566;display:block;">Arbok / Fraxure / Lapras / Golem / Dusknoir / Zebstrika</em></div><div class="chat battle-history"><strong>eokow's team:</strong> <em style="color:#445566;display:block;">Cacturne / Clefairy / Corsola / Girafarig / Drifblim / Wormadam-Sandy</em></div><div class="spacer battle-history"><br></div><div class="battle-history">Battle started between thitanix and eokow!<br></div><div class="spacer battle-history"><br></div><div class="battle-history">Go! <strong>Golem</strong>!<br></div><div class="spacer battle-history"><br></div><div class="battle-history">eokow sent out <strong>Corsola</strong>!<br></div><div class="spacer battle-history"><br></div><h2 class="battle-history">Turn 1</h2><div class="spacer battle-history"><br></div><div class="battle-history">Golem used <strong>Stealth Rock</strong>!<br></div><div class="battle-history"><small>Pointed stones float in the air around the opposing team!</small><br></div><div class="spacer battle-history"><br></div><div class="battle-history">The opposing Corsola used <strong>Scald</strong>!<br></div><div class="battle-history"><small>It's super effective!</small><br></div><div class="battle-history"><small>[Golem's Sturdy]</small><br><small>Golem endured the hit!</small><br></div><div class="battle-history"><small>(Golem lost <abbr title="−300/301">99.7%</abbr> of its health!)</small><br></div><div class="spacer battle-history"><br></div><h2 class="battle-history">Turn 2</h2><div class="spacer battle-history"><br></div><div class="battle-history"><small>Golem ate its Custap Berry!</small><br></div><div class="battle-history"><small>Golem's Custap Berry let it move first!</small><br></div><div class="spacer battle-history"><br></div><div class="battle-history">Golem used <strong>Explosion</strong>!<br></div><div class="battle-history"><small>It's not very effective...</small><br></div><div class="battle-history"><small>(The opposing Corsola lost <abbr title="−129/314">41.1%</abbr> of its health!)</small><br></div><div class="spacer battle-history"><br></div><div class="battle-history">Golem fainted!<br></div><div class="battle-history">The opposing Corsola used <strong>Power Gem</strong>!<br></div><div class="battle-history"><small>But there was no target...</small><br></div><div class="spacer battle-history"><br></div><div class="battle-history"><small>The opposing Corsola restored a little HP using its Leftovers!</small><br></div><div class="spacer battle-history"><br></div><div class="battle-history">Go! <strong>Dusknoir</strong>!<br></div><div class="battle-history"><small>[Dusknoir's Frisk]</small><br><small>Dusknoir frisked the opposing Corsola and found its Leftovers!</small><br></div><div class="spacer battle-history"><br></div><h2 class="battle-history">Turn 3</h2><div class="spacer battle-history"><br></div><div class="battle-history">Dusknoir used <strong>Earthquake</strong>!<br></div><div class="battle-history"><small>It's super effective!</small><br></div><div class="battle-history"><small>(The opposing Corsola lost <abbr title="−138/314">43.9%</abbr> of its health!)</small><br></div><div class="spacer battle-history"><br></div><div class="battle-history">The opposing Corsola used <strong>Toxic</strong>!<br></div><div class="battle-history"><small>Dusknoir was badly poisoned!</small><br></div><div class="spacer battle-history"><br></div><div class="battle-history"><small>The opposing Corsola restored a little HP using its Leftovers!</small><br></div><div class="battle-history"><small>Dusknoir was hurt by poison!</small><br></div><div class="spacer battle-history"><br></div><h2 class="battle-history">Turn 4</h2><div class="spacer battle-history"><br></div><div class="battle-history">eokow withdrew Corsola!<br></div><div class="battle-history">eokow sent out <strong>Drifblim</strong>!<br></div><div class="battle-history"><small>Pointed stones dug into the opposing Drifblim!</small><br></div><div class="spacer battle-history"><br></div><div class="battle-history">Dusknoir used <strong>Shadow Sneak</strong>!<br></div><div class="battle-history"><small>It's super effective!</small><br></div><div class="battle-history"><small>(The opposing Drifblim lost <abbr title="−170/441">38.5%</abbr> of its health!)</small><br></div><div class="spacer battle-history"><br></div><div class="battle-history"><small>Dusknoir restored a little HP using its Leftovers!</small><br></div><div class="battle-history"><small>Dusknoir was hurt by poison!</small><br></div><div class="spacer battle-history"><br></div><h2 class="battle-history">Turn 5</h2><div class="spacer battle-history"><br></div><div class="battle-history">eokow withdrew Drifblim!<br></div><div class="battle-history">eokow sent out <strong>Girafarig</strong>!<br></div><div class="battle-history"><small>Pointed stones dug into the opposing Girafarig!</small><br></div><div class="spacer battle-history"><br></div><div class="battle-history">Dusknoir used <strong>Shadow Sneak</strong>!<br></div><div class="battle-history"><small>It doesn't affect the opposing Girafarig...</small><br></div><div class="spacer battle-history"><br></div><div class="battle-history"><small>The opposing Girafarig restored a little HP using its Leftovers!</small><br></div><div class="battle-history"><small>Dusknoir restored a little HP using its Leftovers!</small><br></div><div class="battle-history"><small>Dusknoir was hurt by poison!</small><br></div><div class="spacer battle-history"><br></div><h2 class="battle-history">Turn 6</h2><div class="chat"><small>Ethandu54 joined.</small></div><div class="spacer battle-history"><br></div><div class="battle-history">The opposing Girafarig used <strong>Calm Mind</strong>!<br></div><div class="battle-history"><small>The opposing Girafarig's Special Attack rose!</small><br></div><div class="battle-history"><small>The opposing Girafarig's Special Defense rose!</small><br></div><div class="spacer battle-history"><br></div><div class="battle-history">Dusknoir used <strong>Will-O-Wisp</strong>!<br></div><div class="battle-history"><small>The opposing Girafarig was burned!</small><br></div><div class="spacer battle-history"><br></div><div class="battle-history"><small>The opposing Girafarig restored a little HP using its Leftovers!</small><br></div><div class="battle-history"><small>Dusknoir restored a little HP using its Leftovers!</small><br></div><div class="battle-history"><small>The opposing Girafarig was hurt by its burn!</small><br></div><div class="battle-history"><small>Dusknoir was hurt by poison!</small><br></div><div class="spacer battle-history"><br></div><h2 class="battle-history">Turn 7</h2><div class="chat"><small>Ethandu54 left.</small></div><div class="spacer battle-history"><br></div><div class="battle-history">Dusknoir, come back!<br></div><div class="battle-history">Go! <strong>Fraxure</strong>!<br></div><div class="battle-history"><small>[Fraxure's Mold Breaker]</small><br><small>Fraxure breaks the mold!</small><br></div><div class="spacer battle-history"><br></div><div class="battle-history">The opposing Girafarig used <strong>Psychic</strong>!<br></div><div class="battle-history"><small>(Fraxure lost <abbr title="−213/273">78.0%</abbr> of its health!)</small><br></div><div class="spacer battle-history"><br></div><div class="battle-history"><small>The opposing Girafarig restored a little HP using its Leftovers!</small><br></div><div class="battle-history"><small>The opposing Girafarig was hurt by its burn!</small><br></div><div class="spacer battle-history"><br></div><h2 class="battle-history">Turn 8</h2><div class="spacer battle-history"><br></div><div class="battle-history">The opposing Girafarig used <strong>Psychic</strong>!<br></div><div class="battle-history"><small>(Fraxure lost <abbr title="−60/273">22.0%</abbr> of its health!)</small><br></div><div class="spacer battle-history"><br></div><div class="battle-history">Fraxure fainted!<br></div><div class="spacer battle-history"><br></div><div class="battle-history"><small>The opposing Girafarig restored a little HP using its Leftovers!</small><br></div><div class="battle-history"><small>The opposing Girafarig was hurt by its burn!</small><br></div><div class="chat chatmessage-thitanix"><strong style="color:hsl(274,80%,53.288705046465424%)"><small>☆</small><span class="username" data-name="thitanix">thitanix</span>:</strong> <em>scarf ?</em></div><div class="chat chatmessage-eokow"><strong style="color:hsl(15,42%,46.589353408%)"><small>☆</small><span class="username" data-name="eokow">eokow</span>:</strong> <em>jsp</em></div><div class="spacer battle-history"><br></div><div class="battle-history">Go! <strong>Zebstrika</strong>!<br></div><div class="spacer battle-history"><br></div><h2 class="battle-history">Turn 9</h2><div class="chat chatmessage-thitanix"><strong style="color:hsl(274,80%,53.288705046465424%)"><small>☆</small><span class="username" data-name="thitanix">thitanix</span>:</strong> <em>XD</em></div><div class="spacer battle-history"><br></div><div class="battle-history">Zebstrika used <strong>Thunderbolt</strong>!<br></div><div class="battle-history"><small>(The opposing Girafarig lost <abbr title="−118/281">42.0%</abbr> of its health!)</small><br></div><div class="spacer battle-history"><br></div><div class="battle-history">The opposing Girafarig used <strong>Psychic</strong>!<br></div><div class="battle-history"><small>(Zebstrika lost <abbr title="−237/291">81.4%</abbr> of its health!)</small><br></div><div class="spacer battle-history"><br></div><div class="battle-history"><small>The opposing Girafarig restored a little HP using its Leftovers!</small><br></div><div class="battle-history"><small>The opposing Girafarig was hurt by its burn!</small><br></div><div class="spacer battle-history"><br></div><h2 class="battle-history">Turn 10</h2><div class="spacer battle-history"><br></div><div class="battle-history">eokow withdrew Girafarig!<br></div><div class="battle-history">eokow sent out <strong>Cacturne</strong>!<br></div><div class="battle-history"><small>Pointed stones dug into the opposing Cacturne!</small><br></div><div class="spacer battle-history"><br></div><div class="battle-history">Zebstrika used <strong>Volt Switch</strong>!<br></div><div class="battle-history"><small>It's not very effective...</small><br></div><div class="battle-history"><small>(The opposing Cacturne lost <abbr title="−69/326">21.2%</abbr> of its health!)</small><br></div><div class="spacer battle-history"><br></div><div class="battle-history">Zebstrika went back to thitanix!<br></div><div class="battle-history">Go! <strong>Arbok</strong>!<br></div><div class="battle-history"><small>[Arbok's Intimidate]</small><br></div><div class="battle-history"><small>The opposing Cacturne's Attack fell!</small><br></div><div class="spacer battle-history"><br></div><h2 class="battle-history">Turn 11</h2><div class="spacer battle-history"><br></div><div class="battle-history">eokow withdrew Cacturne!<br></div><div class="battle-history">eokow sent out Wormadam (<strong>Wormadam-Sandy</strong>)!<br></div><div class="battle-history"><small>Pointed stones dug into the opposing Wormadam!</small><br></div><div class="spacer battle-history"><br></div><div class="battle-history">Arbok used <strong>Coil</strong>!<br></div><div class="battle-history"><small>Arbok's Attack rose!</small><br></div><div class="battle-history"><small>Arbok's Defense rose!</small><br></div><div class="battle-history"><small>Arbok's accuracy rose!</small><br></div><div class="spacer battle-history"><br></div><div class="battle-history"><small>The opposing Wormadam restored a little HP using its Leftovers!</small><br></div><div class="spacer battle-history"><br></div><h2 class="battle-history">Turn 12</h2><div class="spacer battle-history"><br></div><div class="battle-history">Arbok used <strong>Earthquake</strong>!<br></div><div class="battle-history"><small>It's not very effective...</small><br></div><div class="battle-history"><small>(The opposing Wormadam lost <abbr title="−53/324">16.4%</abbr> of its health!)</small><br></div><div class="spacer battle-history"><br></div><div class="battle-history">The opposing Wormadam used <strong>Stealth Rock</strong>!<br></div><div class="battle-history"><small>Pointed stones float in the air around your team!</small><br></div><div class="spacer battle-history"><br></div><div class="battle-history"><small>The opposing Wormadam restored a little HP using its Leftovers!</small><br></div><div class="spacer battle-history"><br></div><h2 class="battle-history">Turn 13</h2><div class="spacer battle-history"><br></div><div class="battle-history">Arbok used <strong>Gunk Shot</strong>!<br></div><div class="battle-history"><small>It's not very effective...</small><br></div><div class="battle-history"><small>(The opposing Wormadam lost <abbr title="−96/324">29.6%</abbr> of its health!)</small><br></div><div class="spacer battle-history"><br></div><div class="battle-history">The opposing Wormadam used <strong>Earthquake</strong>!<br></div><div class="battle-history"><small>It's super effective!</small><br></div><div class="battle-history"><small>(Arbok lost <abbr title="−182/261">69.7%</abbr> of its health!)</small><br></div><div class="spacer battle-history"><br></div><div class="battle-history"><small>Arbok restored a little HP using its Black Sludge!</small><br></div><div class="battle-history"><small>The opposing Wormadam restored a little HP using its Leftovers!</small><br></div><div class="spacer battle-history"><br></div><h2 class="battle-history">Turn 14</h2><div class="spacer battle-history"><br></div><div class="battle-history">Arbok used <strong>Sucker Punch</strong>!<br></div><div class="battle-history"><small>(The opposing Wormadam lost <abbr title="−78/324">24.1%</abbr> of its health!)</small><br></div><div class="spacer battle-history"><br></div><div class="battle-history">The opposing Wormadam used <strong>Earthquake</strong>!<br></div><div class="battle-history"><small>It's super effective!</small><br></div><div class="battle-history"><small>(Arbok lost <abbr title="−95/261">36.4%</abbr> of its health!)</small><br></div><div class="spacer battle-history"><br></div><div class="battle-history">Arbok fainted!<br></div><div class="spacer battle-history"><br></div><div class="battle-history"><small>The opposing Wormadam restored a little HP using its Leftovers!</small><br></div><div class="spacer battle-history"><br></div><div class="battle-history">Go! <strong>Lapras</strong>!<br></div><div class="battle-history"><small>Pointed stones dug into Lapras!</small><br></div><div class="spacer battle-history"><br></div><h2 class="battle-history">Turn 15</h2><div class="spacer battle-history"><br></div><div class="battle-history">Lapras used <strong>Surf</strong>!<br></div><div class="battle-history"><small>It's super effective!</small><br></div><div class="battle-history"><small>(The opposing Wormadam lost <abbr title="−137/324">42.3%</abbr> of its health!)</small><br></div><div class="spacer battle-history"><br></div><div class="battle-history">The opposing Wormadam fainted!<br></div><div class="spacer battle-history"><br></div><div class="battle-history">eokow sent out <strong>Corsola</strong>!<br></div><div class="battle-history"><small>Pointed stones dug into the opposing Corsola!</small><br></div><div class="spacer battle-history"><br></div><h2 class="battle-history">Turn 16</h2><div class="spacer battle-history"><br></div><div class="battle-history">Lapras used <strong>Surf</strong>!<br></div><div class="battle-history"><small>(The opposing Corsola lost <abbr title="−150/314">47.8%</abbr> of its health!)</small><br></div><div class="spacer battle-history"><br></div><div class="battle-history">The opposing Corsola fainted!<br></div><div class="spacer battle-history"><br></div><div class="battle-history">eokow sent out <strong>Cacturne</strong>!<br></div><div class="battle-history"><small>Pointed stones dug into the opposing Cacturne!</small><br></div><div class="spacer battle-history"><br></div><h2 class="battle-history">Turn 17</h2><div class="spacer battle-history"><br></div><div class="battle-history">Lapras, come back!<br></div><div class="battle-history">Go! <strong>Dusknoir</strong>!<br></div><div class="battle-history"><small>Pointed stones dug into Dusknoir!</small><br></div><div class="battle-history"><small>[Dusknoir's Frisk]</small><br><small>Dusknoir frisked the opposing Cacturne and found its Life Orb!</small><br></div><div class="spacer battle-history"><br></div><div class="battle-history">The opposing Cacturne used <strong>Substitute</strong>!<br></div><div class="battle-history"><small>The opposing Cacturne put in a substitute!</small><br></div><div class="battle-history"><small>(The opposing Cacturne lost <abbr title="−81/326">24.8%</abbr> of its health!)</small><br></div><div class="spacer battle-history"><br></div><div class="battle-history"><small>Dusknoir restored a little HP using its Leftovers!</small><br></div><div class="battle-history"><small>Dusknoir was hurt by poison!</small><br></div><div class="spacer battle-history"><br></div><h2 class="battle-history">Turn 18</h2><div class="spacer battle-history"><br></div><div class="battle-history">The opposing Cacturne used <strong>Sucker Punch</strong>!<br></div><div class="battle-history"><small>It's super effective!</small><br></div><div class="battle-history"><small>(Dusknoir lost <abbr title="−132/294">44.9%</abbr> of its health!)</small><br></div><div class="battle-history"><small>The opposing Cacturne lost some of its HP!</small><br></div><div class="spacer battle-history"><br></div><div class="battle-history">Dusknoir fainted!<br></div><div class="spacer battle-history"><br></div><div class="battle-history">Go! <strong>Lapras</strong>!<br></div><div class="battle-history"><small>Pointed stones dug into Lapras!</small><br></div><div class="spacer battle-history"><br></div><h2 class="battle-history">Turn 19</h2><div class="spacer battle-history"><br></div><div class="battle-history">The opposing Cacturne used <strong>Seed Bomb</strong>!<br></div><div class="battle-history"><small>It's super effective!</small><br></div><div class="battle-history"><small>(Lapras lost <abbr title="−232/464">50%</abbr> of its health!)</small><br></div><div class="battle-history"><small>The opposing Cacturne lost some of its HP!</small><br></div><div class="spacer battle-history"><br></div><div class="battle-history">Lapras fainted!<br></div><div class="spacer battle-history"><br></div><div class="battle-history">Go! <strong>Zebstrika</strong>!<br></div><div class="battle-history"><small>Pointed stones dug into Zebstrika!</small><br></div><div class="spacer battle-history"><br></div><h2 class="battle-history">Turn 20</h2><div class="spacer battle-history"><br></div><div class="battle-history">The opposing Cacturne used <strong>Sucker Punch</strong>!<br></div><div class="battle-history"><small>(Zebstrika lost <abbr title="−18/291">6.2%</abbr> of its health!)</small><br></div><div class="battle-history"><small>The opposing Cacturne lost some of its HP!</small><br></div><div class="spacer battle-history"><br></div><div class="battle-history">Zebstrika fainted!<br></div><div class="battle-history">The opposing Cacturne fainted!<br></div><div class="spacer battle-history"><br></div><div class="battle-history"><strong>eokow</strong> won the battle!<br></div><div class="chat chatmessage-thitanix"><strong style="color:hsl(274,80%,53.288705046465424%)"><small>☆</small><span class="username" data-name="thitanix">thitanix</span>:</strong> <em>gg</em></div><div class="chat chatmessage-eokow"><strong style="color:hsl(15,42%,46.589353408%)"><small>☆</small><span class="username" data-name="eokow">eokow</span>:</strong> <em>gg</em></div><div class="chat"><small>eokow left.</small></div><div class="chat"><small>eokow joined.</small></div></div><div class="inner-preempt"></div></div></div>
</div>
<script>
let daily = Math.floor(Date.now()/1000/60/60/24);document.write('<script src="https://play.pokemonshowdown.com/js/replay-embed.js?version'+daily+'"></'+'script>');
</script>
