<!DOCTYPE html>
<meta charset="utf-8" />
<!-- version 1 -->
<title>PU replay: Queenslander2233 vs. hdsgerwe</title>
<style>
html,body {font-family:Verdana, sans-serif;font-size:10pt;margin:0;padding:0;}body{padding:12px 0;} .battle-log {font-family:Verdana, sans-serif;font-size:10pt;} .battle-log-inline {border:1px solid #AAAAAA;background:#EEF2F5;color:black;max-width:640px;margin:0 auto 80px;padding-bottom:5px;} .battle-log .inner {padding:4px 8px 0px 8px;} .battle-log .inner-preempt {padding:0 8px 4px 8px;} .battle-log .inner-after {margin-top:0.5em;} .battle-log h2 {margin:0.5em -8px;padding:4px 8px;border:1px solid #AAAAAA;background:#E0E7EA;border-left:0;border-right:0;font-family:Verdana, sans-serif;font-size:13pt;} .battle-log .chat {vertical-align:middle;padding:3px 0 3px 0;font-size:8pt;} .battle-log .chat strong {color:#40576A;} .battle-log .chat em {padding:1px 4px 1px 3px;color:#000000;font-style:normal;} .chat.mine {background:rgba(0,0,0,0.05);margin-left:-8px;margin-right:-8px;padding-left:8px;padding-right:8px;} .spoiler {color:#BBBBBB;background:#BBBBBB;padding:0px 3px;} .spoiler:hover, .spoiler:active, .spoiler-shown {color:#000000;background:#E2E2E2;padding:0px 3px;} .spoiler a {color:#BBBBBB;} .spoiler:hover a, .spoiler:active a, .spoiler-shown a {color:#2288CC;} .chat code, .chat .spoiler:hover code, .chat .spoiler:active code, .chat .spoiler-shown code {border:1px solid #C0C0C0;background:#EEEEEE;color:black;padding:0 2px;} .chat .spoiler code {border:1px solid #CCCCCC;background:#CCCCCC;color:#CCCCCC;} .battle-log .rated {padding:3px 4px;} .battle-log .rated strong {color:white;background:#89A;padding:1px 4px;border-radius:4px;} .spacer {margin-top:0.5em;} .message-announce {background:#6688AA;color:white;padding:1px 4px 2px;} .message-announce a, .broadcast-green a, .broadcast-blue a, .broadcast-red a {color:#DDEEFF;} .broadcast-green {background-color:#559955;color:white;padding:2px 4px;} .broadcast-blue {background-color:#6688AA;color:white;padding:2px 4px;} .infobox {border:1px solid #6688AA;padding:2px 4px;} .infobox-limited {max-height:200px;overflow:auto;overflow-x:hidden;} .broadcast-red {background-color:#AA5544;color:white;padding:2px 4px;} .message-learn-canlearn {font-weight:bold;color:#228822;text-decoration:underline;} .message-learn-cannotlearn {font-weight:bold;color:#CC2222;text-decoration:underline;} .message-effect-weak {font-weight:bold;color:#CC2222;} .message-effect-resist {font-weight:bold;color:#6688AA;} .message-effect-immune {font-weight:bold;color:#666666;} .message-learn-list {margin-top:0;margin-bottom:0;} .message-throttle-notice, .message-error {color:#992222;} .message-overflow, .chat small.message-overflow {font-size:0pt;} .message-overflow::before {font-size:9pt;content:'...';} .subtle {color:#3A4A66;}
</style>
<div class="wrapper replay-wrapper" style="max-width:1180px;margin:0 auto">
<input type="hidden" name="replayid" value="pu-559506877" />
<div class="battle"></div><div class="battle-log"></div><div class="replay-controls"></div><div class="replay-controls-2"></div>
<h1 style="font-weight:normal;text-align:center"><strong>PU</strong><br /><a href="http://pokemonshowdown.com/users/queenslander2233" class="subtle" target="_blank">Queenslander2233</a> vs. <a href="http://pokemonshowdown.com/users/hdsgerwe" class="subtle" target="_blank">hdsgerwe</a></h1>
<script type="text/plain" class="battle-log-data">|j|Queenslander2233
|j|hdsgerwe
|player|p1|Queenslander2233|2
|player|p2|hdsgerwe|126
|gametype|singles
|gen|6
|tier|PU
|rated
|seed|48658,55813,15870,13474
|rule|Sleep Clause Mod: Limit one foe put to sleep
|rule|Species Clause: Limit one of each Pokémon
|rule|OHKO Clause: OHKO moves are banned
|rule|Moody Clause: Moody is banned
|rule|Evasion Moves Clause: Evasion moves are banned
|rule|Endless Battle Clause: Forcing endless battles is banned
|rule|HP Percentage Mod: HP is shown in percentages
|clearpoke
|poke|p1|Quilladin, F|item
|poke|p1|Floatzel, F|item
|poke|p1|Arbok, F|item
|poke|p1|Metang, shiny|item
|poke|p1|Ampharos, F|item
|poke|p1|Monferno, F|item
|poke|p2|Shellder, F|item
|poke|p2|Slaking, M, shiny|item
|poke|p2|Clefairy, F|item
|poke|p2|Regice, shiny|item
|poke|p2|Dusclops, M|item
|poke|p2|Tropius, M|item
|rule|Swagger Clause: Swagger is banned
|rule|Baton Pass Clause: Limit one Baton Passer, can't pass Spe and other stats simultaneously
|teampreview
|c|☆Queenslander2233|glhf
|choice|team 1, team 2, team 3, team 4, team 5, team 6|team 1, team 2, team 3, team 4, team 5, team 6
|
|start
|switch|p1a: Quilladin|Quilladin, F|276\/276
|switch|p2a: Shellder|Shellder, F|201\/201
|turn|1
|choice|move taunt|move shellsmash
|
|move|p1a: Quilladin|Taunt|p2a: Shellder
|-start|p2a: Shellder|move: Taunt
|cant|p2a: Shellder|move: Taunt|Shell Smash
|
|upkeep
|turn|2
|choice|switch 4|move iciclespear
|
|switch|p1a: Metang|Metang, shiny|315\/315
|move|p2a: Shellder|Icicle Spear|p1a: Metang
|-resisted|p1a: Metang
|-damage|p1a: Metang|309\/315
|-resisted|p1a: Metang
|-damage|p1a: Metang|303\/315
|-resisted|p1a: Metang
|-damage|p1a: Metang|297\/315
|-resisted|p1a: Metang
|-damage|p1a: Metang|290\/315
|-resisted|p1a: Metang
|-damage|p1a: Metang|284\/315
|-hitcount|p1a: Metang|5
|
|upkeep
|turn|3
|choice|move stealthrock|switch 5
|
|switch|p2a: Dusclops|Dusclops, M|221\/221
|-ability|p2a: Dusclops|Pressure
|move|p1a: Metang|Stealth Rock|p2a: Dusclops
|-sidestart|p2: hdsgerwe|move: Stealth Rock
|
|upkeep
|turn|4
|choice|switch 2|move willowisp
|
|switch|p1a: Floatzel|Floatzel, F|311\/311
|move|p2a: Dusclops|Will-O-Wisp|p1a: Floatzel
|-immune|p1a: Floatzel|[msg]|[from] ability: Water Veil
|
|upkeep
|turn|5
|choice|switch 5|move nightshade
|
|switch|p1a: Ampharos|Ampharos, F|383\/383
|move|p2a: Dusclops|Night Shade|p1a: Ampharos
|-damage|p1a: Ampharos|283\/383
|
|upkeep
|turn|6
|choice|move voltswitch|move nightshade
|
|move|p1a: Ampharos|Volt Switch|p2a: Dusclops
|-damage|p2a: Dusclops|154\/221
|choice|switch 6|
|
|switch|p1a: Monferno|Monferno, F|269\/269
|move|p2a: Dusclops|Night Shade|p1a: Monferno
|-damage|p1a: Monferno|169\/269
|
|upkeep
|turn|7
|choice|move swordsdance|move painsplit
|
|move|p1a: Monferno|Swords Dance|p1a: Monferno
|-boost|p1a: Monferno|atk|2
|move|p2a: Dusclops|Pain Split|p1a: Monferno
|-sethp|p1a: Monferno|161\/269|p2a: Dusclops|161\/221|[from] move: Pain Split
|
|upkeep
|turn|8
|choice|move flareblitz|move nightshade
|
|move|p1a: Monferno|Flare Blitz|p2a: Dusclops
|-damage|p2a: Dusclops|26\/221
|-damage|p1a: Monferno|116\/269|[from] recoil|[of] p2a: Dusclops
|move|p2a: Dusclops|Night Shade|p1a: Monferno
|-damage|p1a: Monferno|16\/269
|
|upkeep
|turn|9
|choice|move flareblitz|move nightshade
|
|move|p1a: Monferno|Flare Blitz|p2a: Dusclops
|-damage|p2a: Dusclops|0 fnt
|-damage|p1a: Monferno|7\/269|[from] recoil|[of] p2a: Dusclops
|faint|p2a: Dusclops
|
|upkeep
|choice||switch 2
|
|switch|p2a: Slaking|Slaking, M, shiny|442\/442
|-damage|p2a: Slaking|387\/442|[from] Stealth Rock
|turn|10
|choice|switch 2|move retaliate
|
|switch|p1a: Metang|Metang, shiny|284\/315
|move|p2a: Slaking|Retaliate|p1a: Metang
|-resisted|p1a: Metang
|-damage|p1a: Metang|173\/315
|
|upkeep
|turn|11
|choice|move pursuit|switch 6
|
|-activate|p2a: Slaking|move: Pursuit
|move|p1a: Metang|Pursuit|p2a: Slaking|[from]Pursuit
|-damage|p2a: Slaking|317\/442
|switch|p2a: Tropius|Tropius, M|378\/378
|-damage|p2a: Tropius|284\/378|[from] Stealth Rock
|
|upkeep
|turn|12
|choice|move meteormash|move leechseed
|
|move|p1a: Metang|Meteor Mash|p2a: Tropius
|-damage|p2a: Tropius|158\/378
|-enditem|p2a: Tropius|Sitrus Berry|[eat]
|-heal|p2a: Tropius|252\/378|[from] item: Sitrus Berry
|move|p2a: Tropius|Leech Seed|p1a: Metang
|-start|p1a: Metang|move: Leech Seed
|
|-damage|p1a: Metang|134\/315|[from] Leech Seed|[of] p2a: Tropius
|-heal|p2a: Tropius|291\/378|[silent]
|upkeep
|turn|13
|choice|switch 4|move toxic
|
|switch|p1a: Quilladin|Quilladin, F|276\/276
|move|p2a: Tropius|Toxic|p1a: Quilladin
|-status|p1a: Quilladin|tox
|
|-damage|p1a: Quilladin|259\/276 tox|[from] psn
|-item|p2a: Tropius|Sitrus Berry|[from] ability: Harvest
|upkeep
|turn|14
|choice|move taunt|switch 3
|
|switch|p2a: Clefairy|Clefairy, F|282\/282
|move|p1a: Quilladin|Taunt|p2a: Clefairy
|-start|p2a: Clefairy|move: Taunt
|
|-damage|p1a: Quilladin|225\/276 tox|[from] psn
|upkeep
|turn|15
|choice|move spikes|move storedpower
|
|move|p1a: Quilladin|Spikes|p2a: Clefairy
|-sidestart|p2: hdsgerwe|Spikes
|move|p2a: Clefairy|Stored Power|p1a: Quilladin
|-damage|p1a: Quilladin|214\/276 tox
|
|-damage|p1a: Quilladin|163\/276 tox|[from] psn
|upkeep
|turn|16
|choice|switch 3|switch 5
|
|switch|p1a: Arbok|Arbok, F|279\/279
|-ability|p1a: Arbok|Intimidate|boost
|-unboost|p2a: Clefairy|atk|1
|switch|p2a: Shellder|Shellder, F|201\/201
|-damage|p2a: Shellder|176\/201|[from] Stealth Rock
|-damage|p2a: Shellder|151\/201|[from] Spikes
|
|upkeep
|turn|17
|choice|move earthquake|move explosion
|
|move|p1a: Arbok|Earthquake|p2a: Shellder
|-damage|p2a: Shellder|66\/201
|move|p2a: Shellder|Explosion|p1a: Arbok
|-crit|p1a: Arbok
|-damage|p1a: Arbok|0 fnt
|faint|p2a: Shellder
|faint|p1a: Arbok
|
|upkeep
|choice|switch 4|switch 6
|
|switch|p2a: Slaking|Slaking, M, shiny|317\/442
|switch|p1a: Metang|Metang, shiny|134\/315
|-damage|p2a: Slaking|262\/442|[from] Stealth Rock
|-damage|p2a: Slaking|207\/442|[from] Spikes
|turn|18
|choice|switch 3|move earthquake
|
|switch|p1a: Quilladin|Quilladin, F|163\/276 tox
|move|p2a: Slaking|Earthquake|p1a: Quilladin
|-resisted|p1a: Quilladin
|-damage|p1a: Quilladin|113\/276 tox
|
|-damage|p1a: Quilladin|96\/276 tox|[from] psn
|upkeep
|turn|19
|choice|move drainpunch|switch 5
|
|switch|p2a: Clefairy|Clefairy, F|282\/282
|move|p1a: Quilladin|Drain Punch|p2a: Clefairy
|-resisted|p2a: Clefairy
|-damage|p2a: Clefairy|261\/282
|-heal|p1a: Quilladin|107\/276 tox|[from] drain|[of] p2a: Clefairy
|
|-damage|p1a: Quilladin|73\/276 tox|[from] psn
|upkeep
|turn|20
|choice|move taunt|move storedpower
|
|move|p1a: Quilladin|Taunt|p2a: Clefairy
|-start|p2a: Clefairy|move: Taunt
|move|p2a: Clefairy|Stored Power|p1a: Quilladin
|-damage|p1a: Quilladin|62\/276 tox
|
|-damage|p1a: Quilladin|11\/276 tox|[from] psn
|upkeep
|turn|21
|choice|move woodhammer|move storedpower
|
|move|p1a: Quilladin|Wood Hammer|p2a: Clefairy
|-damage|p2a: Clefairy|158\/282
|-damage|p1a: Quilladin|0 fnt|[from] recoil|[of] p2a: Clefairy
|faint|p1a: Quilladin
|move|p2a: Clefairy|Stored Power|p1: Quilladin|[notarget]
|-notarget
|
|upkeep
|choice|switch 3|
|
|switch|p1a: Metang|Metang, shiny|134\/315
|turn|22
|choice|move meteormash|switch 3
|
|switch|p2a: Tropius|Tropius, M|291\/378
|-damage|p2a: Tropius|197\/378|[from] Stealth Rock
|move|p1a: Metang|Meteor Mash|p2a: Tropius
|-damage|p2a: Tropius|85\/378
|-boost|p1a: Metang|atk|1
|-enditem|p2a: Tropius|Sitrus Berry|[eat]
|-heal|p2a: Tropius|179\/378|[from] item: Sitrus Berry
|
|-item|p2a: Tropius|Sitrus Berry|[from] ability: Harvest
|upkeep
|-enditem|p2a: Tropius|Sitrus Berry|[eat]
|-heal|p2a: Tropius|273\/378|[from] item: Sitrus Berry
|turn|23
|choice|switch 6|move leechseed
|
|switch|p1a: Ampharos|Ampharos, F|283\/383
|move|p2a: Tropius|Leech Seed|p1a: Ampharos
|-start|p1a: Ampharos|move: Leech Seed
|
|-damage|p1a: Ampharos|236\/383|[from] Leech Seed|[of] p2a: Tropius
|-heal|p2a: Tropius|320\/378|[silent]
|-item|p2a: Tropius|Sitrus Berry|[from] ability: Harvest
|upkeep
|turn|24
|choice|move voltswitch|move protect
|
|move|p2a: Tropius|Protect|p2a: Tropius
|-singleturn|p2a: Tropius|Protect
|move|p1a: Ampharos|Volt Switch|p2a: Tropius
|-activate|p2a: Tropius|move: Protect
|
|-damage|p1a: Ampharos|189\/383|[from] Leech Seed|[of] p2a: Tropius
|-heal|p2a: Tropius|367\/378|[silent]
|upkeep
|turn|25
|choice|move hiddenpower|move toxic
|
|move|p1a: Ampharos|Hidden Power|p2a: Tropius
|-supereffective|p2a: Tropius
|-damage|p2a: Tropius|123\/378
|-enditem|p2a: Tropius|Sitrus Berry|[eat]
|-heal|p2a: Tropius|217\/378|[from] item: Sitrus Berry
|move|p2a: Tropius|Toxic|p1a: Ampharos
|-status|p1a: Ampharos|tox
|
|-damage|p1a: Ampharos|142\/383 tox|[from] Leech Seed|[of] p2a: Tropius
|-heal|p2a: Tropius|264\/378|[silent]
|-damage|p1a: Ampharos|119\/383 tox|[from] psn
|-item|p2a: Tropius|Sitrus Berry|[from] ability: Harvest
|upkeep
|turn|26
|choice|switch 5|move protect
|
|switch|p1a: Floatzel|Floatzel, F|311\/311
|move|p2a: Tropius|Protect|p2a: Tropius
|-fail|p2a: Tropius
|
|upkeep
|turn|27
|choice|move icebeam|move protect
|
|move|p2a: Tropius|Protect|p2a: Tropius
|-singleturn|p2a: Tropius|Protect
|move|p1a: Floatzel|Ice Beam|p2a: Tropius
|-activate|p2a: Tropius|move: Protect
|
|upkeep
|turn|28
|choice|move icebeam|switch 4
|
|switch|p2a: Regice|Regice, shiny|364\/364
|-damage|p2a: Regice|319\/364|[from] Spikes
|-damage|p2a: Regice|228\/364|[from] Stealth Rock
|move|p1a: Floatzel|Ice Beam|p2a: Regice
|-resisted|p2a: Regice
|-damage|p2a: Regice|207\/364
|-damage|p1a: Floatzel|280\/311|[from] item: Life Orb
|
|-heal|p2a: Regice|229\/364|[from] item: Leftovers
|upkeep
|turn|29
|choice|switch 5|move chargebeam
|
|switch|p1a: Ampharos|Ampharos, F|119\/383 tox
|move|p2a: Regice|Charge Beam|p1a: Ampharos
|-resisted|p1a: Ampharos
|-damage|p1a: Ampharos|96\/383 tox
|-boost|p2a: Regice|spa|1
|
|-heal|p2a: Regice|251\/364|[from] item: Leftovers
|-damage|p1a: Ampharos|73\/383 tox|[from] psn
|upkeep
|turn|30
|choice|move focusblast|move chargebeam
|
|move|p1a: Ampharos|Focus Blast|p2a: Regice|[miss]
|-miss|p1a: Ampharos|p2a: Regice
|move|p2a: Regice|Charge Beam|p1a: Ampharos
|-resisted|p1a: Ampharos
|-damage|p1a: Ampharos|42\/383 tox
|-boost|p2a: Regice|spa|1
|
|-heal|p2a: Regice|273\/364|[from] item: Leftovers
|-damage|p1a: Ampharos|0 fnt|[from] psn
|upkeep
|faint|p1a: Ampharos
|choice|switch 2|
|
|switch|p1a: Monferno|Monferno, F|7\/269
|turn|31
|choice|move closecombat|switch 5
|
|switch|p2a: Slaking|Slaking, M, shiny|207\/442
|-damage|p2a: Slaking|152\/442|[from] Stealth Rock
|-damage|p2a: Slaking|97\/442|[from] Spikes
|move|p1a: Monferno|Close Combat|p2a: Slaking
|-supereffective|p2a: Slaking
|-damage|p2a: Slaking|0 fnt
|-unboost|p1a: Monferno|def|1
|-unboost|p1a: Monferno|spd|1
|faint|p2a: Slaking
|
|upkeep
|choice||switch 3
|
|switch|p2a: Clefairy|Clefairy, F|158\/282
|turn|32
|choice|switch 5|move softboiled
|
|switch|p1a: Floatzel|Floatzel, F|280\/311
|move|p2a: Clefairy|Soft-Boiled|p2a: Clefairy
|-heal|p2a: Clefairy|282\/282
|
|upkeep
|turn|33
|choice|switch 6|move toxic
|
|switch|p1a: Metang|Metang, shiny|134\/315
|move|p2a: Clefairy|Toxic|p1a: Metang
|-immune|p1a: Metang|[msg]
|
|upkeep
|turn|34
|choice|move meteormash|switch 4
|
|switch|p2a: Tropius|Tropius, M|264\/378
|-damage|p2a: Tropius|170\/378|[from] Stealth Rock
|-enditem|p2a: Tropius|Sitrus Berry|[eat]
|-heal|p2a: Tropius|264\/378|[from] item: Sitrus Berry
|move|p1a: Metang|Meteor Mash|p2a: Tropius
|-damage|p2a: Tropius|144\/378
|
|-item|p2a: Tropius|Sitrus Berry|[from] ability: Harvest
|upkeep
|-enditem|p2a: Tropius|Sitrus Berry|[eat]
|-heal|p2a: Tropius|238\/378|[from] item: Sitrus Berry
|turn|35
|choice|switch 6|move leechseed
|
|switch|p1a: Floatzel|Floatzel, F|280\/311
|move|p2a: Tropius|Leech Seed|p1a: Floatzel
|-start|p1a: Floatzel|move: Leech Seed
|
|-damage|p1a: Floatzel|242\/311|[from] Leech Seed|[of] p2a: Tropius
|-heal|p2a: Tropius|276\/378|[silent]
|upkeep
|turn|36
|choice|move icebeam|move protect
|
|move|p2a: Tropius|Protect|p2a: Tropius
|-singleturn|p2a: Tropius|Protect
|move|p1a: Floatzel|Ice Beam|p2a: Tropius
|-activate|p2a: Tropius|move: Protect
|
|-damage|p1a: Floatzel|204\/311|[from] Leech Seed|[of] p2a: Tropius
|-heal|p2a: Tropius|314\/378|[silent]
|-item|p2a: Tropius|Sitrus Berry|[from] ability: Harvest
|upkeep
|turn|37
|choice|move hydropump|switch 5
|
|switch|p2a: Regice|Regice, shiny|273\/364
|-damage|p2a: Regice|228\/364|[from] Spikes
|-damage|p2a: Regice|137\/364|[from] Stealth Rock
|move|p1a: Floatzel|Hydro Pump|p2a: Regice
|-damage|p2a: Regice|47\/364
|-damage|p1a: Floatzel|173\/311|[from] item: Life Orb
|
|-heal|p2a: Regice|69\/364|[from] item: Leftovers
|-damage|p1a: Floatzel|135\/311|[from] Leech Seed|[of] p2a: Regice
|-heal|p2a: Regice|107\/364|[silent]
|upkeep
|turn|38
|choice|switch 6|move rest
|
|switch|p1a: Metang|Metang, shiny|134\/315
|move|p2a: Regice|Rest|p2a: Regice
|-status|p2a: Regice|slp
|-heal|p2a: Regice|364\/364 slp|[silent]
|-status|p2a: Regice|slp|[from] move: Rest
|
|upkeep
|turn|39
|choice|move meteormash|switch 5
|
|switch|p2a: Tropius|Tropius, M|314\/378
|-damage|p2a: Tropius|220\/378|[from] Stealth Rock
|move|p1a: Metang|Meteor Mash|p2a: Tropius
|-damage|p2a: Tropius|94\/378
|-enditem|p2a: Tropius|Sitrus Berry|[eat]
|-heal|p2a: Tropius|188\/378|[from] item: Sitrus Berry
|
|upkeep
|turn|40
|choice|move meteormash|move leechseed
|
|move|p1a: Metang|Meteor Mash|p2a: Tropius
|-damage|p2a: Tropius|62\/378
|move|p2a: Tropius|Leech Seed|p1a: Metang
|-start|p1a: Metang|move: Leech Seed
|
|-damage|p1a: Metang|95\/315|[from] Leech Seed|[of] p2a: Tropius
|-heal|p2a: Tropius|101\/378|[silent]
|-item|p2a: Tropius|Sitrus Berry|[from] ability: Harvest
|upkeep
|-enditem|p2a: Tropius|Sitrus Berry|[eat]
|-heal|p2a: Tropius|195\/378|[from] item: Sitrus Berry
|turn|41
|choice|switch 5|move roost
|
|switch|p1a: Monferno|Monferno, F|7\/269
|move|p2a: Tropius|Roost|p2a: Tropius
|-heal|p2a: Tropius|378\/378
|
|-item|p2a: Tropius|Sitrus Berry|[from] ability: Harvest
|upkeep
|turn|42
|choice|move flareblitz|move protect
|
|move|p2a: Tropius|Protect|p2a: Tropius
|-singleturn|p2a: Tropius|Protect
|move|p1a: Monferno|Flare Blitz|p2a: Tropius
|-activate|p2a: Tropius|move: Protect
|
|upkeep
|turn|43
|choice|move swordsdance|switch 4
|
|switch|p2a: Clefairy|Clefairy, F|282\/282
|move|p1a: Monferno|Swords Dance|p1a: Monferno
|-boost|p1a: Monferno|atk|2
|
|upkeep
|turn|44
|choice|move flareblitz|move storedpower
|
|move|p1a: Monferno|Flare Blitz|p2a: Clefairy
|-crit|p2a: Clefairy
|-damage|p2a: Clefairy|0 fnt
|-damage|p1a: Monferno|0 fnt|[from] recoil|[of] p2a: Clefairy
|faint|p2a: Clefairy
|faint|p1a: Monferno
|
|upkeep
|choice|switch 6|switch 4
|
|switch|p1a: Floatzel|Floatzel, F|135\/311
|switch|p2a: Tropius|Tropius, M|378\/378
|-damage|p2a: Tropius|284\/378|[from] Stealth Rock
|turn|45
|choice|move icebeam|move protect
|
|move|p2a: Tropius|Protect|p2a: Tropius
|-singleturn|p2a: Tropius|Protect
|move|p1a: Floatzel|Ice Beam|p2a: Tropius
|-activate|p2a: Tropius|move: Protect
|
|upkeep
|turn|46
|choice|switch 5|switch 5
|
|switch|p1a: Metang|Metang, shiny|95\/315
|switch|p2a: Regice|Regice, shiny|364\/364 slp
|-damage|p2a: Regice|273\/364 slp|[from] Stealth Rock
|-damage|p2a: Regice|228\/364 slp|[from] Spikes
|
|-heal|p2a: Regice|250\/364 slp|[from] item: Leftovers
|upkeep
|turn|47
|choice|move pursuit|switch 5
|
|-activate|p2a: Regice|move: Pursuit
|move|p1a: Metang|Pursuit|p2a: Regice|[from]Pursuit
|-damage|p2a: Regice|172\/364 slp
|switch|p2a: Tropius|Tropius, M|284\/378
|-damage|p2a: Tropius|190\/378|[from] Stealth Rock
|
|upkeep
|turn|48
|choice|move meteormash|move leechseed
|
|move|p1a: Metang|Meteor Mash|p2a: Tropius
|-damage|p2a: Tropius|73\/378
|-enditem|p2a: Tropius|Sitrus Berry|[eat]
|-heal|p2a: Tropius|167\/378|[from] item: Sitrus Berry
|move|p2a: Tropius|Leech Seed|p1a: Metang
|-start|p1a: Metang|move: Leech Seed
|
|-damage|p1a: Metang|56\/315|[from] Leech Seed|[of] p2a: Tropius
|-heal|p2a: Tropius|206\/378|[silent]
|upkeep
|turn|49
|choice|switch 5|move protect
|
|switch|p1a: Floatzel|Floatzel, F|135\/311
|move|p2a: Tropius|Protect|p2a: Tropius
|-fail|p2a: Tropius
|
|upkeep
|turn|50
|choice|switch 5|move protect
|
|switch|p1a: Metang|Metang, shiny|56\/315
|move|p2a: Tropius|Protect|p2a: Tropius
|-fail|p2a: Tropius
|
|upkeep
|turn|51
|choice|switch 5|move leechseed
|
|switch|p1a: Floatzel|Floatzel, F|135\/311
|move|p2a: Tropius|Leech Seed|p1a: Floatzel
|-start|p1a: Floatzel|move: Leech Seed
|
|-damage|p1a: Floatzel|97\/311|[from] Leech Seed|[of] p2a: Tropius
|-heal|p2a: Tropius|244\/378|[silent]
|-item|p2a: Tropius|Sitrus Berry|[from] ability: Harvest
|upkeep
|turn|52
|choice|move icebeam|move protect
|
|move|p2a: Tropius|Protect|p2a: Tropius
|-singleturn|p2a: Tropius|Protect
|move|p1a: Floatzel|Ice Beam|p2a: Tropius
|-activate|p2a: Tropius|move: Protect
|
|-damage|p1a: Floatzel|59\/311|[from] Leech Seed|[of] p2a: Tropius
|-heal|p2a: Tropius|282\/378|[silent]
|upkeep
|turn|53
|choice|move icebeam|move roost
|
|move|p1a: Floatzel|Ice Beam|p2a: Tropius
|-supereffective|p2a: Tropius
|-crit|p2a: Tropius
|-damage|p2a: Tropius|0 fnt
|-damage|p1a: Floatzel|28\/311|[from] item: Life Orb
|faint|p2a: Tropius
|
|upkeep
|choice||switch 5
|
|switch|p2a: Regice|Regice, shiny|172\/364 slp
|-damage|p2a: Regice|81\/364 slp|[from] Stealth Rock
|-damage|p2a: Regice|36\/364 slp|[from] Spikes
|turn|54
|c|☆Queenslander2233|gg
|choice|move aquajet|move snore
|
|move|p1a: Floatzel|Aqua Jet|p2a: Regice
|-damage|p2a: Regice|0 fnt
|-damage|p1a: Floatzel|0 fnt|[from] item: Life Orb
|faint|p2a: Regice
|faint|p1a: Floatzel
|
|win|Queenslander2233
|l|hdsgerwe
|raw|Queenslander2233's rating: 1016 &rarr; <strong>1052<\/strong><br \/>(+36 for winning)
|raw|hdsgerwe's rating: 1000 &rarr; <strong>1000<\/strong><br \/>(+0 for losing)</script>
</div>
<div class="battle-log battle-log-inline"><div class="inner"><div class="battle-options"></div><div class="inner"><div class="chat"><small>Queenslander2233 joined.</small></div><div class="chat"><small>hdsgerwe joined.</small></div><div class=""><small>Format:</small> <br><strong>PU</strong></div><div class="rated"><strong>Rated battle</strong></div><div class=""><small><em>Sleep Clause Mod:</em> Limit one foe put to sleep</small></div><div class=""><small><em>Species Clause:</em> Limit one of each Pokémon</small></div><div class=""><small><em>OHKO Clause:</em> OHKO moves are banned</small></div><div class=""><small><em>Moody Clause:</em> Moody is banned</small></div><div class=""><small><em>Evasion Moves Clause:</em> Evasion moves are banned</small></div><div class=""><small><em>Endless Battle Clause:</em> Forcing endless battles is banned</small></div><div class=""><small><em>HP Percentage Mod:</em> HP is shown in percentages</small></div><div class=""><small><em>Swagger Clause:</em> Swagger is banned</small></div><div class=""><small><em>Baton Pass Clause:</em> Limit one Baton Passer, can't pass Spe and other stats simultaneously</small></div><div class="chat battle-history"><strong>Queenslander2233's team:</strong> <em style="color:#445566;display:block;">Quilladin / Floatzel / Arbok / Metang / Ampharos / Monferno</em></div><div class="chat battle-history"><strong>hdsgerwe's team:</strong> <em style="color:#445566;display:block;">Shellder / Slaking / Clefairy / Regice / Dusclops / Tropius</em></div><div class="chat chatmessage-queenslander2233"><strong style="color:hsl(256,86%,57.30509127946602%)"><small>☆</small><span class="username" data-name="Queenslander2233">Queenslander2233</span>:</strong> <em>glhf</em></div><div class="spacer battle-history"><br></div><div class="battle-history">Battle started between Queenslander2233 and hdsgerwe!<br></div><div class="spacer battle-history"><br></div><div class="battle-history">Go! <strong>Quilladin</strong>!<br></div><div class="spacer battle-history"><br></div><div class="battle-history">hdsgerwe sent out <strong>Shellder</strong>!<br></div><div class="spacer battle-history"><br></div><h2 class="battle-history">Turn 1</h2><div class="spacer battle-history"><br></div><div class="battle-history">Quilladin used <strong>Taunt</strong>!<br></div><div class="battle-history"><small>The opposing Shellder fell for the taunt!</small><br></div><div class="spacer battle-history"><br></div><div class="battle-history">The opposing Shellder can't use Shell Smash after the taunt!<br></div><div class="spacer battle-history"><br></div><h2 class="battle-history">Turn 2</h2><div class="spacer battle-history"><br></div><div class="battle-history">Quilladin, come back!<br></div><div class="battle-history">Go! <strong>Metang</strong>!<br></div><div class="spacer battle-history"><br></div><div class="battle-history">The opposing Shellder used <strong>Icicle Spear</strong>!<br></div><div class="battle-history"><small>It's not very effective...</small><br></div><div class="battle-history"><small>(Metang lost <abbr title="−6/315">1.9%</abbr> of its health!)</small><br></div><div class="battle-history"><small>It's not very effective...</small><br></div><div class="battle-history"><small>(Metang lost <abbr title="−6/315">1.9%</abbr> of its health!)</small><br></div><div class="battle-history"><small>It's not very effective...</small><br></div><div class="battle-history"><small>(Metang lost <abbr title="−6/315">1.9%</abbr> of its health!)</small><br></div><div class="battle-history"><small>It's not very effective...</small><br></div><div class="battle-history"><small>(Metang lost <abbr title="−7/315">2.2%</abbr> of its health!)</small><br></div><div class="battle-history"><small>It's not very effective...</small><br></div><div class="battle-history"><small>(Metang lost <abbr title="−6/315">1.9%</abbr> of its health!)</small><br></div><div class="battle-history"><small>Hit 5 times!</small><br></div><div class="spacer battle-history"><br></div><h2 class="battle-history">Turn 3</h2><div class="spacer battle-history"><br></div><div class="battle-history">hdsgerwe withdrew Shellder!<br></div><div class="battle-history">hdsgerwe sent out <strong>Dusclops</strong>!<br></div><div class="battle-history"><small>[The opposing Dusclops's Pressure]</small><br><small>The opposing Dusclops is exerting its pressure!</small><br></div><div class="spacer battle-history"><br></div><div class="battle-history">Metang used <strong>Stealth Rock</strong>!<br></div><div class="battle-history"><small>Pointed stones float in the air around the opposing team!</small><br></div><div class="spacer battle-history"><br></div><h2 class="battle-history">Turn 4</h2><div class="spacer battle-history"><br></div><div class="battle-history">Metang, come back!<br></div><div class="battle-history">Go! <strong>Floatzel</strong>!<br></div><div class="spacer battle-history"><br></div><div class="battle-history">The opposing Dusclops used <strong>Will-O-Wisp</strong>!<br></div><div class="battle-history"><small>[Floatzel's Water Veil]</small><br><small>It doesn't affect Floatzel...</small><br></div><div class="spacer battle-history"><br></div><h2 class="battle-history">Turn 5</h2><div class="spacer battle-history"><br></div><div class="battle-history">Floatzel, come back!<br></div><div class="battle-history">Go! <strong>Ampharos</strong>!<br></div><div class="spacer battle-history"><br></div><div class="battle-history">The opposing Dusclops used <strong>Night Shade</strong>!<br></div><div class="battle-history"><small>(Ampharos lost <abbr title="−100/383">26.1%</abbr> of its health!)</small><br></div><div class="spacer battle-history"><br></div><h2 class="battle-history">Turn 6</h2><div class="spacer battle-history"><br></div><div class="battle-history">Ampharos used <strong>Volt Switch</strong>!<br></div><div class="battle-history"><small>(The opposing Dusclops lost <abbr title="−67/221">30.3%</abbr> of its health!)</small><br></div><div class="spacer battle-history"><br></div><div class="battle-history">Ampharos went back to Queenslander2233!<br></div><div class="battle-history">Go! <strong>Monferno</strong>!<br></div><div class="spacer battle-history"><br></div><div class="battle-history">The opposing Dusclops used <strong>Night Shade</strong>!<br></div><div class="battle-history"><small>(Monferno lost <abbr title="−100/269">37.2%</abbr> of its health!)</small><br></div><div class="spacer battle-history"><br></div><h2 class="battle-history">Turn 7</h2><div class="spacer battle-history"><br></div><div class="battle-history">Monferno used <strong>Swords Dance</strong>!<br></div><div class="battle-history"><small>Monferno's Attack rose sharply!</small><br></div><div class="spacer battle-history"><br></div><div class="battle-history">The opposing Dusclops used <strong>Pain Split</strong>!<br></div><div class="battle-history"><small>The battlers shared their pain!</small><br></div><div class="spacer battle-history"><br></div><h2 class="battle-history">Turn 8</h2><div class="spacer battle-history"><br></div><div class="battle-history">Monferno used <strong>Flare Blitz</strong>!<br></div><div class="battle-history"><small>(The opposing Dusclops lost <abbr title="−135/221">61.1%</abbr> of its health!)</small><br></div><div class="battle-history"><small>Monferno is damaged by the recoil!</small><br></div><div class="spacer battle-history"><br></div><div class="battle-history">The opposing Dusclops used <strong>Night Shade</strong>!<br></div><div class="battle-history"><small>(Monferno lost <abbr title="−100/269">37.2%</abbr> of its health!)</small><br></div><div class="spacer battle-history"><br></div><h2 class="battle-history">Turn 9</h2><div class="spacer battle-history"><br></div><div class="battle-history">Monferno used <strong>Flare Blitz</strong>!<br></div><div class="battle-history"><small>(The opposing Dusclops lost <abbr title="−26/221">11.8%</abbr> of its health!)</small><br></div><div class="battle-history"><small>Monferno is damaged by the recoil!</small><br></div><div class="spacer battle-history"><br></div><div class="battle-history">The opposing Dusclops fainted!<br></div><div class="spacer battle-history"><br></div><div class="battle-history">hdsgerwe sent out <strong>Slaking</strong>!<br></div><div class="battle-history"><small>Pointed stones dug into the opposing Slaking!</small><br></div><div class="spacer battle-history"><br></div><h2 class="battle-history">Turn 10</h2><div class="spacer battle-history"><br></div><div class="battle-history">Monferno, come back!<br></div><div class="battle-history">Go! <strong>Metang</strong>!<br></div><div class="spacer battle-history"><br></div><div class="battle-history">The opposing Slaking used <strong>Retaliate</strong>!<br></div><div class="battle-history"><small>It's not very effective...</small><br></div><div class="battle-history"><small>(Metang lost <abbr title="−111/315">35.2%</abbr> of its health!)</small><br></div><div class="spacer battle-history"><br></div><h2 class="battle-history">Turn 11</h2><div class="spacer battle-history"><br></div><div class="battle-history"><small>(The opposing Slaking is being withdrawn...)</small><br></div><div class="spacer battle-history"><br></div><div class="battle-history">Metang used <strong>Pursuit</strong>!<br></div><div class="battle-history"><small>(The opposing Slaking lost <abbr title="−70/442">15.8%</abbr> of its health!)</small><br></div><div class="spacer battle-history"><br></div><div class="battle-history">hdsgerwe withdrew Slaking!<br></div><div class="battle-history">hdsgerwe sent out <strong>Tropius</strong>!<br></div><div class="battle-history"><small>Pointed stones dug into the opposing Tropius!</small><br></div><div class="spacer battle-history"><br></div><h2 class="battle-history">Turn 12</h2><div class="spacer battle-history"><br></div><div class="battle-history">Metang used <strong>Meteor Mash</strong>!<br></div><div class="battle-history"><small>(The opposing Tropius lost <abbr title="−126/378">33.3%</abbr> of its health!)</small><br></div><div class="battle-history"><small>The opposing Tropius ate its Sitrus Berry!</small><br></div><div class="battle-history"><small>The opposing Tropius restored HP using its Sitrus Berry!</small><br></div><div class="spacer battle-history"><br></div><div class="battle-history">The opposing Tropius used <strong>Leech Seed</strong>!<br></div><div class="battle-history"><small>Metang was seeded!</small><br></div><div class="spacer battle-history"><br></div><div class="battle-history"><small>Metang's health is sapped by Leech Seed!</small><br></div><div class="spacer battle-history"><br></div><h2 class="battle-history">Turn 13</h2><div class="spacer battle-history"><br></div><div class="battle-history">Metang, come back!<br></div><div class="battle-history">Go! <strong>Quilladin</strong>!<br></div><div class="spacer battle-history"><br></div><div class="battle-history">The opposing Tropius used <strong>Toxic</strong>!<br></div><div class="battle-history"><small>Quilladin was badly poisoned!</small><br></div><div class="spacer battle-history"><br></div><div class="battle-history"><small>Quilladin was hurt by poison!</small><br></div><div class="battle-history"><small>[The opposing Tropius's Harvest]</small><br><small>The opposing Tropius harvested one Sitrus Berry!</small><br></div><div class="spacer battle-history"><br></div><h2 class="battle-history">Turn 14</h2><div class="spacer battle-history"><br></div><div class="battle-history">hdsgerwe withdrew Tropius!<br></div><div class="battle-history">hdsgerwe sent out <strong>Clefairy</strong>!<br></div><div class="spacer battle-history"><br></div><div class="battle-history">Quilladin used <strong>Taunt</strong>!<br></div><div class="battle-history"><small>The opposing Clefairy fell for the taunt!</small><br></div><div class="spacer battle-history"><br></div><div class="battle-history"><small>Quilladin was hurt by poison!</small><br></div><div class="spacer battle-history"><br></div><h2 class="battle-history">Turn 15</h2><div class="spacer battle-history"><br></div><div class="battle-history">Quilladin used <strong>Spikes</strong>!<br></div><div class="battle-history"><small>Spikes were scattered on the ground all around the opposing team!</small><br></div><div class="spacer battle-history"><br></div><div class="battle-history">The opposing Clefairy used <strong>Stored Power</strong>!<br></div><div class="battle-history"><small>(Quilladin lost <abbr title="−11/276">4.0%</abbr> of its health!)</small><br></div><div class="spacer battle-history"><br></div><div class="battle-history"><small>Quilladin was hurt by poison!</small><br></div><div class="spacer battle-history"><br></div><h2 class="battle-history">Turn 16</h2><div class="spacer battle-history"><br></div><div class="battle-history">Quilladin, come back!<br></div><div class="battle-history">Go! <strong>Arbok</strong>!<br></div><div class="battle-history"><small>[Arbok's Intimidate]</small><br></div><div class="battle-history"><small>The opposing Clefairy's Attack fell!</small><br></div><div class="spacer battle-history"><br></div><div class="battle-history">hdsgerwe withdrew Clefairy!<br></div><div class="battle-history">hdsgerwe sent out <strong>Shellder</strong>!<br></div><div class="battle-history"><small>Pointed stones dug into the opposing Shellder!</small><br></div><div class="battle-history"><small>The opposing Shellder is hurt by the spikes!</small><br></div><div class="spacer battle-history"><br></div><h2 class="battle-history">Turn 17</h2><div class="spacer battle-history"><br></div><div class="battle-history">Arbok used <strong>Earthquake</strong>!<br></div><div class="battle-history"><small>(The opposing Shellder lost <abbr title="−85/201">42.3%</abbr> of its health!)</small><br></div><div class="spacer battle-history"><br></div><div class="battle-history">The opposing Shellder used <strong>Explosion</strong>!<br></div><div class="battle-history"><small>A critical hit!</small><br></div><div class="battle-history"><small>(Arbok lost <abbr title="−279/279">100%</abbr> of its health!)</small><br></div><div class="spacer battle-history"><br></div><div class="battle-history">The opposing Shellder fainted!<br></div><div class="battle-history">Arbok fainted!<br></div><div class="spacer battle-history"><br></div><div class="battle-history">hdsgerwe sent out <strong>Slaking</strong>!<br></div><div class="spacer battle-history"><br></div><div class="battle-history">Go! <strong>Metang</strong>!<br></div><div class="battle-history"><small>Pointed stones dug into the opposing Slaking!</small><br></div><div class="battle-history"><small>The opposing Slaking is hurt by the spikes!</small><br></div><div class="spacer battle-history"><br></div><h2 class="battle-history">Turn 18</h2><div class="spacer battle-history"><br></div><div class="battle-history">Metang, come back!<br></div><div class="battle-history">Go! <strong>Quilladin</strong>!<br></div><div class="spacer battle-history"><br></div><div class="battle-history">The opposing Slaking used <strong>Earthquake</strong>!<br></div><div class="battle-history"><small>It's not very effective...</small><br></div><div class="battle-history"><small>(Quilladin lost <abbr title="−50/276">18.1%</abbr> of its health!)</small><br></div><div class="spacer battle-history"><br></div><div class="battle-history"><small>Quilladin was hurt by poison!</small><br></div><div class="spacer battle-history"><br></div><h2 class="battle-history">Turn 19</h2><div class="spacer battle-history"><br></div><div class="battle-history">hdsgerwe withdrew Slaking!<br></div><div class="battle-history">hdsgerwe sent out <strong>Clefairy</strong>!<br></div><div class="spacer battle-history"><br></div><div class="battle-history">Quilladin used <strong>Drain Punch</strong>!<br></div><div class="battle-history"><small>It's not very effective...</small><br></div><div class="battle-history"><small>(The opposing Clefairy lost <abbr title="−21/282">7.4%</abbr> of its health!)</small><br></div><div class="battle-history"><small>The opposing Clefairy had its energy drained!</small><br></div><div class="spacer battle-history"><br></div><div class="battle-history"><small>Quilladin was hurt by poison!</small><br></div><div class="spacer battle-history"><br></div><h2 class="battle-history">Turn 20</h2><div class="spacer battle-history"><br></div><div class="battle-history">Quilladin used <strong>Taunt</strong>!<br></div><div class="battle-history"><small>The opposing Clefairy fell for the taunt!</small><br></div><div class="spacer battle-history"><br></div><div class="battle-history">The opposing Clefairy used <strong>Stored Power</strong>!<br></div><div class="battle-history"><small>(Quilladin lost <abbr title="−11/276">4.0%</abbr> of its health!)</small><br></div><div class="spacer battle-history"><br></div><div class="battle-history"><small>Quilladin was hurt by poison!</small><br></div><div class="spacer battle-history"><br></div><h2 class="battle-history">Turn 21</h2><div class="spacer battle-history"><br></div><div class="battle-history">Quilladin used <strong>Wood Hammer</strong>!<br></div><div class="battle-history"><small>(The opposing Clefairy lost <abbr title="−103/282">36.5%</abbr> of its health!)</small><br></div><div class="battle-history"><small>Quilladin is damaged by the recoil!</small><br></div><div class="spacer battle-history"><br></div><div class="battle-history">Quilladin fainted!<br></div><div class="battle-history">The opposing Clefairy used <strong>Stored Power</strong>!<br></div><div class="battle-history"><small>But there was no target...</small><br></div><div class="spacer battle-history"><br></div><div class="battle-history">Go! <strong>Metang</strong>!<br></div><div class="spacer battle-history"><br></div><h2 class="battle-history">Turn 22</h2><div class="spacer battle-history"><br></div><div class="battle-history">hdsgerwe withdrew Clefairy!<br></div><div class="battle-history">hdsgerwe sent out <strong>Tropius</strong>!<br></div><div class="battle-history"><small>Pointed stones dug into the opposing Tropius!</small><br></div><div class="spacer battle-history"><br></div><div class="battle-history">Metang used <strong>Meteor Mash</strong>!<br></div><div class="battle-history"><small>(The opposing Tropius lost <abbr title="−112/378">29.6%</abbr> of its health!)</small><br></div><div class="battle-history"><small>Metang's Attack rose!</small><br></div><div class="battle-history"><small>The opposing Tropius ate its Sitrus Berry!</small><br></div><div class="battle-history"><small>The opposing Tropius restored HP using its Sitrus Berry!</small><br></div><div class="spacer battle-history"><br></div><div class="battle-history"><small>[The opposing Tropius's Harvest]</small><br><small>The opposing Tropius harvested one Sitrus Berry!</small><br></div><div class="spacer battle-history"><br></div><div class="battle-history"><small>The opposing Tropius ate its Sitrus Berry!</small><br></div><div class="battle-history"><small>The opposing Tropius restored HP using its Sitrus Berry!</small><br></div><div class="spacer battle-history"><br></div><h2 class="battle-history">Turn 23</h2><div class="spacer battle-history"><br></div><div class="battle-history">Metang, come back!<br></div><div class="battle-history">Go! <strong>Ampharos</strong>!<br></div><div class="spacer battle-history"><br></div><div class="battle-history">The opposing Tropius used <strong>Leech Seed</strong>!<br></div><div class="battle-history"><small>Ampharos was seeded!</small><br></div><div class="spacer battle-history"><br></div><div class="battle-history"><small>Ampharos's health is sapped by Leech Seed!</small><br></div><div class="battle-history"><small>[The opposing Tropius's Harvest]</small><br><small>The opposing Tropius harvested one Sitrus Berry!</small><br></div><div class="spacer battle-history"><br></div><h2 class="battle-history">Turn 24</h2><div class="spacer battle-history"><br></div><div class="battle-history">The opposing Tropius used <strong>Protect</strong>!<br></div><div class="battle-history"><small>The opposing Tropius protected itself!</small><br></div><div class="spacer battle-history"><br></div><div class="battle-history">Ampharos used <strong>Volt Switch</strong>!<br></div><div class="battle-history"><small>The opposing Tropius protected itself!</small><br></div><div class="spacer battle-history"><br></div><div class="battle-history"><small>Ampharos's health is sapped by Leech Seed!</small><br></div><div class="spacer battle-history"><br></div><h2 class="battle-history">Turn 25</h2><div class="spacer battle-history"><br></div><div class="battle-history">Ampharos used <strong>Hidden Power</strong>!<br></div><div class="battle-history"><small>It's super effective!</small><br></div><div class="battle-history"><small>(The opposing Tropius lost <abbr title="−244/378">64.6%</abbr> of its health!)</small><br></div><div class="battle-history"><small>The opposing Tropius ate its Sitrus Berry!</small><br></div><div class="battle-history"><small>The opposing Tropius restored HP using its Sitrus Berry!</small><br></div><div class="spacer battle-history"><br></div><div class="battle-history">The opposing Tropius used <strong>Toxic</strong>!<br></div><div class="battle-history"><small>Ampharos was badly poisoned!</small><br></div><div class="spacer battle-history"><br></div><div class="battle-history"><small>Ampharos's health is sapped by Leech Seed!</small><br></div><div class="battle-history"><small>Ampharos was hurt by poison!</small><br></div><div class="battle-history"><small>[The opposing Tropius's Harvest]</small><br><small>The opposing Tropius harvested one Sitrus Berry!</small><br></div><div class="spacer battle-history"><br></div><h2 class="battle-history">Turn 26</h2><div class="spacer battle-history"><br></div><div class="battle-history">Ampharos, come back!<br></div><div class="battle-history">Go! <strong>Floatzel</strong>!<br></div><div class="spacer battle-history"><br></div><div class="battle-history">The opposing Tropius used <strong>Protect</strong>!<br></div><div class="battle-history"><small>But it failed!</small><br></div><div class="spacer battle-history"><br></div><h2 class="battle-history">Turn 27</h2><div class="spacer battle-history"><br></div><div class="battle-history">The opposing Tropius used <strong>Protect</strong>!<br></div><div class="battle-history"><small>The opposing Tropius protected itself!</small><br></div><div class="spacer battle-history"><br></div><div class="battle-history">Floatzel used <strong>Ice Beam</strong>!<br></div><div class="battle-history"><small>The opposing Tropius protected itself!</small><br></div><div class="spacer battle-history"><br></div><h2 class="battle-history">Turn 28</h2><div class="spacer battle-history"><br></div><div class="battle-history">hdsgerwe withdrew Tropius!<br></div><div class="battle-history">hdsgerwe sent out <strong>Regice</strong>!<br></div><div class="battle-history"><small>The opposing Regice is hurt by the spikes!</small><br></div><div class="battle-history"><small>Pointed stones dug into the opposing Regice!</small><br></div><div class="spacer battle-history"><br></div><div class="battle-history">Floatzel used <strong>Ice Beam</strong>!<br></div><div class="battle-history"><small>It's not very effective...</small><br></div><div class="battle-history"><small>(The opposing Regice lost <abbr title="−21/364">5.8%</abbr> of its health!)</small><br></div><div class="battle-history"><small>Floatzel lost some of its HP!</small><br></div><div class="spacer battle-history"><br></div><div class="battle-history"><small>The opposing Regice restored a little HP using its Leftovers!</small><br></div><div class="spacer battle-history"><br></div><h2 class="battle-history">Turn 29</h2><div class="spacer battle-history"><br></div><div class="battle-history">Floatzel, come back!<br></div><div class="battle-history">Go! <strong>Ampharos</strong>!<br></div><div class="spacer battle-history"><br></div><div class="battle-history">The opposing Regice used <strong>Charge Beam</strong>!<br></div><div class="battle-history"><small>It's not very effective...</small><br></div><div class="battle-history"><small>(Ampharos lost <abbr title="−23/383">6.0%</abbr> of its health!)</small><br></div><div class="battle-history"><small>The opposing Regice's Special Attack rose!</small><br></div><div class="spacer battle-history"><br></div><div class="battle-history"><small>The opposing Regice restored a little HP using its Leftovers!</small><br></div><div class="battle-history"><small>Ampharos was hurt by poison!</small><br></div><div class="spacer battle-history"><br></div><h2 class="battle-history">Turn 30</h2><div class="spacer battle-history"><br></div><div class="battle-history">Ampharos used <strong>Focus Blast</strong>!<br></div><div class="battle-history"><small>The opposing Regice avoided the attack!</small><br></div><div class="spacer battle-history"><br></div><div class="battle-history">The opposing Regice used <strong>Charge Beam</strong>!<br></div><div class="battle-history"><small>It's not very effective...</small><br></div><div class="battle-history"><small>(Ampharos lost <abbr title="−31/383">8.1%</abbr> of its health!)</small><br></div><div class="battle-history"><small>The opposing Regice's Special Attack rose!</small><br></div><div class="spacer battle-history"><br></div><div class="battle-history"><small>The opposing Regice restored a little HP using its Leftovers!</small><br></div><div class="battle-history"><small>Ampharos was hurt by poison!</small><br></div><div class="spacer battle-history"><br></div><div class="battle-history">Ampharos fainted!<br></div><div class="spacer battle-history"><br></div><div class="battle-history">Go! <strong>Monferno</strong>!<br></div><div class="spacer battle-history"><br></div><h2 class="battle-history">Turn 31</h2><div class="spacer battle-history"><br></div><div class="battle-history">hdsgerwe withdrew Regice!<br></div><div class="battle-history">hdsgerwe sent out <strong>Slaking</strong>!<br></div><div class="battle-history"><small>Pointed stones dug into the opposing Slaking!</small><br></div><div class="battle-history"><small>The opposing Slaking is hurt by the spikes!</small><br></div><div class="spacer battle-history"><br></div><div class="battle-history">Monferno used <strong>Close Combat</strong>!<br></div><div class="battle-history"><small>It's super effective!</small><br></div><div class="battle-history"><small>(The opposing Slaking lost <abbr title="−97/442">21.9%</abbr> of its health!)</small><br></div><div class="battle-history"><small>Monferno's Defense fell!</small><br></div><div class="battle-history"><small>Monferno's Special Defense fell!</small><br></div><div class="spacer battle-history"><br></div><div class="battle-history">The opposing Slaking fainted!<br></div><div class="spacer battle-history"><br></div><div class="battle-history">hdsgerwe sent out <strong>Clefairy</strong>!<br></div><div class="spacer battle-history"><br></div><h2 class="battle-history">Turn 32</h2><div class="spacer battle-history"><br></div><div class="battle-history">Monferno, come back!<br></div><div class="battle-history">Go! <strong>Floatzel</strong>!<br></div><div class="spacer battle-history"><br></div><div class="battle-history">The opposing Clefairy used <strong>Soft-Boiled</strong>!<br></div><div class="battle-history"><small>The opposing Clefairy restored its HP.</small><br></div><div class="spacer battle-history"><br></div><h2 class="battle-history">Turn 33</h2><div class="spacer battle-history"><br></div><div class="battle-history">Floatzel, come back!<br></div><div class="battle-history">Go! <strong>Metang</strong>!<br></div><div class="spacer battle-history"><br></div><div class="battle-history">The opposing Clefairy used <strong>Toxic</strong>!<br></div><div class="battle-history"><small>It doesn't affect Metang...</small><br></div><div class="spacer battle-history"><br></div><h2 class="battle-history">Turn 34</h2><div class="spacer battle-history"><br></div><div class="battle-history">hdsgerwe withdrew Clefairy!<br></div><div class="battle-history">hdsgerwe sent out <strong>Tropius</strong>!<br></div><div class="battle-history"><small>Pointed stones dug into the opposing Tropius!</small><br></div><div class="battle-history"><small>The opposing Tropius ate its Sitrus Berry!</small><br></div><div class="battle-history"><small>The opposing Tropius restored HP using its Sitrus Berry!</small><br></div><div class="spacer battle-history"><br></div><div class="battle-history">Metang used <strong>Meteor Mash</strong>!<br></div><div class="battle-history"><small>(The opposing Tropius lost <abbr title="−120/378">31.7%</abbr> of its health!)</small><br></div><div class="spacer battle-history"><br></div><div class="battle-history"><small>[The opposing Tropius's Harvest]</small><br><small>The opposing Tropius harvested one Sitrus Berry!</small><br></div><div class="spacer battle-history"><br></div><div class="battle-history"><small>The opposing Tropius ate its Sitrus Berry!</small><br></div><div class="battle-history"><small>The opposing Tropius restored HP using its Sitrus Berry!</small><br></div><div class="spacer battle-history"><br></div><h2 class="battle-history">Turn 35</h2><div class="spacer battle-history"><br></div><div class="battle-history">Metang, come back!<br></div><div class="battle-history">Go! <strong>Floatzel</strong>!<br></div><div class="spacer battle-history"><br></div><div class="battle-history">The opposing Tropius used <strong>Leech Seed</strong>!<br></div><div class="battle-history"><small>Floatzel was seeded!</small><br></div><div class="spacer battle-history"><br></div><div class="battle-history"><small>Floatzel's health is sapped by Leech Seed!</small><br></div><div class="spacer battle-history"><br></div><h2 class="battle-history">Turn 36</h2><div class="spacer battle-history"><br></div><div class="battle-history">The opposing Tropius used <strong>Protect</strong>!<br></div><div class="battle-history"><small>The opposing Tropius protected itself!</small><br></div><div class="spacer battle-history"><br></div><div class="battle-history">Floatzel used <strong>Ice Beam</strong>!<br></div><div class="battle-history"><small>The opposing Tropius protected itself!</small><br></div><div class="spacer battle-history"><br></div><div class="battle-history"><small>Floatzel's health is sapped by Leech Seed!</small><br></div><div class="battle-history"><small>[The opposing Tropius's Harvest]</small><br><small>The opposing Tropius harvested one Sitrus Berry!</small><br></div><div class="spacer battle-history"><br></div><h2 class="battle-history">Turn 37</h2><div class="spacer battle-history"><br></div><div class="battle-history">hdsgerwe withdrew Tropius!<br></div><div class="battle-history">hdsgerwe sent out <strong>Regice</strong>!<br></div><div class="battle-history"><small>The opposing Regice is hurt by the spikes!</small><br></div><div class="battle-history"><small>Pointed stones dug into the opposing Regice!</small><br></div><div class="spacer battle-history"><br></div><div class="battle-history">Floatzel used <strong>Hydro Pump</strong>!<br></div><div class="battle-history"><small>(The opposing Regice lost <abbr title="−90/364">24.7%</abbr> of its health!)</small><br></div><div class="battle-history"><small>Floatzel lost some of its HP!</small><br></div><div class="spacer battle-history"><br></div><div class="battle-history"><small>The opposing Regice restored a little HP using its Leftovers!</small><br></div><div class="battle-history"><small>Floatzel's health is sapped by Leech Seed!</small><br></div><div class="spacer battle-history"><br></div><h2 class="battle-history">Turn 38</h2><div class="spacer battle-history"><br></div><div class="battle-history">Floatzel, come back!<br></div><div class="battle-history">Go! <strong>Metang</strong>!<br></div><div class="spacer battle-history"><br></div><div class="battle-history">The opposing Regice used <strong>Rest</strong>!<br></div><div class="battle-history"><small>The opposing Regice fell asleep!</small><br></div><div class="battle-history"><small>The opposing Regice slept and became healthy!</small><br></div><div class="spacer battle-history"><br></div><h2 class="battle-history">Turn 39</h2><div class="spacer battle-history"><br></div><div class="battle-history">hdsgerwe withdrew Regice!<br></div><div class="battle-history">hdsgerwe sent out <strong>Tropius</strong>!<br></div><div class="battle-history"><small>Pointed stones dug into the opposing Tropius!</small><br></div><div class="spacer battle-history"><br></div><div class="battle-history">Metang used <strong>Meteor Mash</strong>!<br></div><div class="battle-history"><small>(The opposing Tropius lost <abbr title="−126/378">33.3%</abbr> of its health!)</small><br></div><div class="battle-history"><small>The opposing Tropius ate its Sitrus Berry!</small><br></div><div class="battle-history"><small>The opposing Tropius restored HP using its Sitrus Berry!</small><br></div><div class="spacer battle-history"><br></div><h2 class="battle-history">Turn 40</h2><div class="spacer battle-history"><br></div><div class="battle-history">Metang used <strong>Meteor Mash</strong>!<br></div><div class="battle-history"><small>(The opposing Tropius lost <abbr title="−126/378">33.3%</abbr> of its health!)</small><br></div><div class="spacer battle-history"><br></div><div class="battle-history">The opposing Tropius used <strong>Leech Seed</strong>!<br></div><div class="battle-history"><small>Metang was seeded!</small><br></div><div class="spacer battle-history"><br></div><div class="battle-history"><small>Metang's health is sapped by Leech Seed!</small><br></div><div class="battle-history"><small>[The opposing Tropius's Harvest]</small><br><small>The opposing Tropius harvested one Sitrus Berry!</small><br></div><div class="spacer battle-history"><br></div><div class="battle-history"><small>The opposing Tropius ate its Sitrus Berry!</small><br></div><div class="battle-history"><small>The opposing Tropius restored HP using its Sitrus Berry!</small><br></div><div class="spacer battle-history"><br></div><h2 class="battle-history">Turn 41</h2><div class="spacer battle-history"><br></div><div class="battle-history">Metang, come back!<br></div><div class="battle-history">Go! <strong>Monferno</strong>!<br></div><div class="spacer battle-history"><br></div><div class="battle-history">The opposing Tropius used <strong>Roost</strong>!<br></div><div class="battle-history"><small>The opposing Tropius restored its HP.</small><br></div><div class="spacer battle-history"><br></div><div class="battle-history"><small>[The opposing Tropius's Harvest]</small><br><small>The opposing Tropius harvested one Sitrus Berry!</small><br></div><div class="spacer battle-history"><br></div><h2 class="battle-history">Turn 42</h2><div class="spacer battle-history"><br></div><div class="battle-history">The opposing Tropius used <strong>Protect</strong>!<br></div><div class="battle-history"><small>The opposing Tropius protected itself!</small><br></div><div class="spacer battle-history"><br></div><div class="battle-history">Monferno used <strong>Flare Blitz</strong>!<br></div><div class="battle-history"><small>The opposing Tropius protected itself!</small><br></div><div class="spacer battle-history"><br></div><h2 class="battle-history">Turn 43</h2><div class="spacer battle-history"><br></div><div class="battle-history">hdsgerwe withdrew Tropius!<br></div><div class="battle-history">hdsgerwe sent out <strong>Clefairy</strong>!<br></div><div class="spacer battle-history"><br></div><div class="battle-history">Monferno used <strong>Swords Dance</strong>!<br></div><div class="battle-history"><small>Monferno's Attack rose sharply!</small><br></div><div class="spacer battle-history"><br></div><h2 class="battle-history">Turn 44</h2><div class="spacer battle-history"><br></div><div class="battle-history">Monferno used <strong>Flare Blitz</strong>!<br></div><div class="battle-history"><small>A critical hit!</small><br></div><div class="battle-history"><small>(The opposing Clefairy lost <abbr title="−282/282">100%</abbr> of its health!)</small><br></div><div class="battle-history"><small>Monferno is damaged by the recoil!</small><br></div><div class="spacer battle-history"><br></div><div class="battle-history">The opposing Clefairy fainted!<br></div><div class="battle-history">Monferno fainted!<br></div><div class="spacer battle-history"><br></div><div class="battle-history">Go! <strong>Floatzel</strong>!<br></div><div class="spacer battle-history"><br></div><div class="battle-history">hdsgerwe sent out <strong>Tropius</strong>!<br></div><div class="battle-history"><small>Pointed stones dug into the opposing Tropius!</small><br></div><div class="spacer battle-history"><br></div><h2 class="battle-history">Turn 45</h2><div class="spacer battle-history"><br></div><div class="battle-history">The opposing Tropius used <strong>Protect</strong>!<br></div><div class="battle-history"><small>The opposing Tropius protected itself!</small><br></div><div class="spacer battle-history"><br></div><div class="battle-history">Floatzel used <strong>Ice Beam</strong>!<br></div><div class="battle-history"><small>The opposing Tropius protected itself!</small><br></div><div class="spacer battle-history"><br></div><h2 class="battle-history">Turn 46</h2><div class="spacer battle-history"><br></div><div class="battle-history">Floatzel, come back!<br></div><div class="battle-history">Go! <strong>Metang</strong>!<br></div><div class="spacer battle-history"><br></div><div class="battle-history">hdsgerwe withdrew Tropius!<br></div><div class="battle-history">hdsgerwe sent out <strong>Regice</strong>!<br></div><div class="battle-history"><small>Pointed stones dug into the opposing Regice!</small><br></div><div class="battle-history"><small>The opposing Regice is hurt by the spikes!</small><br></div><div class="spacer battle-history"><br></div><div class="battle-history"><small>The opposing Regice restored a little HP using its Leftovers!</small><br></div><div class="spacer battle-history"><br></div><h2 class="battle-history">Turn 47</h2><div class="spacer battle-history"><br></div><div class="battle-history"><small>(The opposing Regice is being withdrawn...)</small><br></div><div class="spacer battle-history"><br></div><div class="battle-history">Metang used <strong>Pursuit</strong>!<br></div><div class="battle-history"><small>(The opposing Regice lost <abbr title="−78/364">21.4%</abbr> of its health!)</small><br></div><div class="spacer battle-history"><br></div><div class="battle-history">hdsgerwe withdrew Regice!<br></div><div class="battle-history">hdsgerwe sent out <strong>Tropius</strong>!<br></div><div class="battle-history"><small>Pointed stones dug into the opposing Tropius!</small><br></div><div class="spacer battle-history"><br></div><h2 class="battle-history">Turn 48</h2><div class="spacer battle-history"><br></div><div class="battle-history">Metang used <strong>Meteor Mash</strong>!<br></div><div class="battle-history"><small>(The opposing Tropius lost <abbr title="−117/378">31.0%</abbr> of its health!)</small><br></div><div class="battle-history"><small>The opposing Tropius ate its Sitrus Berry!</small><br></div><div class="battle-history"><small>The opposing Tropius restored HP using its Sitrus Berry!</small><br></div><div class="spacer battle-history"><br></div><div class="battle-history">The opposing Tropius used <strong>Leech Seed</strong>!<br></div><div class="battle-history"><small>Metang was seeded!</small><br></div><div class="spacer battle-history"><br></div><div class="battle-history"><small>Metang's health is sapped by Leech Seed!</small><br></div><div class="spacer battle-history"><br></div><h2 class="battle-history">Turn 49</h2><div class="spacer battle-history"><br></div><div class="battle-history">Metang, come back!<br></div><div class="battle-history">Go! <strong>Floatzel</strong>!<br></div><div class="spacer battle-history"><br></div><div class="battle-history">The opposing Tropius used <strong>Protect</strong>!<br></div><div class="battle-history"><small>But it failed!</small><br></div><div class="spacer battle-history"><br></div><h2 class="battle-history">Turn 50</h2><div class="spacer battle-history"><br></div><div class="battle-history">Floatzel, come back!<br></div><div class="battle-history">Go! <strong>Metang</strong>!<br></div><div class="spacer battle-history"><br></div><div class="battle-history">The opposing Tropius used <strong>Protect</strong>!<br></div><div class="battle-history"><small>But it failed!</small><br></div><div class="spacer battle-history"><br></div><h2 class="battle-history">Turn 51</h2><div class="spacer battle-history"><br></div><div class="battle-history">Metang, come back!<br></div><div class="battle-history">Go! <strong>Floatzel</strong>!<br></div><div class="spacer battle-history"><br></div><div class="battle-history">The opposing Tropius used <strong>Leech Seed</strong>!<br></div><div class="battle-history"><small>Floatzel was seeded!</small><br></div><div class="spacer battle-history"><br></div><div class="battle-history"><small>Floatzel's health is sapped by Leech Seed!</small><br></div><div class="battle-history"><small>[The opposing Tropius's Harvest]</small><br><small>The opposing Tropius harvested one Sitrus Berry!</small><br></div><div class="spacer battle-history"><br></div><h2 class="battle-history">Turn 52</h2><div class="spacer battle-history"><br></div><div class="battle-history">The opposing Tropius used <strong>Protect</strong>!<br></div><div class="battle-history"><small>The opposing Tropius protected itself!</small><br></div><div class="spacer battle-history"><br></div><div class="battle-history">Floatzel used <strong>Ice Beam</strong>!<br></div><div class="battle-history"><small>The opposing Tropius protected itself!</small><br></div><div class="spacer battle-history"><br></div><div class="battle-history"><small>Floatzel's health is sapped by Leech Seed!</small><br></div><div class="spacer battle-history"><br></div><h2 class="battle-history">Turn 53</h2><div class="spacer battle-history"><br></div><div class="battle-history">Floatzel used <strong>Ice Beam</strong>!<br></div><div class="battle-history"><small>It's super effective!</small><br></div><div class="battle-history"><small>A critical hit!</small><br></div><div class="battle-history"><small>(The opposing Tropius lost <abbr title="−282/378">74.6%</abbr> of its health!)</small><br></div><div class="battle-history"><small>Floatzel lost some of its HP!</small><br></div><div class="spacer battle-history"><br></div><div class="battle-history">The opposing Tropius fainted!<br></div><div class="spacer battle-history"><br></div><div class="battle-history">hdsgerwe sent out <strong>Regice</strong>!<br></div><div class="battle-history"><small>Pointed stones dug into the opposing Regice!</small><br></div><div class="battle-history"><small>The opposing Regice is hurt by the spikes!</small><br></div><div class="spacer battle-history"><br></div><h2 class="battle-history">Turn 54</h2><div class="chat chatmessage-queenslander2233"><strong style="color:hsl(256,86%,57.30509127946602%)"><small>☆</small><span class="username" data-name="Queenslander2233">Queenslander2233</span>:</strong> <em>gg</em></div><div class="spacer battle-history"><br></div><div class="battle-history">Floatzel used <strong>Aqua Jet</strong>!<br></div><div class="battle-history"><small>(The opposing Regice lost <abbr title="−36/364">9.9%</abbr> of its health!)</small><br></div><div class="battle-history"><small>Floatzel lost some of its HP!</small><br></div><div class="spacer battle-history"><br></div><div class="battle-history">The opposing Regice fainted!<br></div><div class="battle-history">Floatzel fainted!<br></div><div class="spacer battle-history"><br></div><div class="battle-history"><strong>Queenslander2233</strong> won the battle!<br></div><div class="chat"><small>hdsgerwe left.</small></div><div class="chat">Queenslander2233's rating: 1016 → <strong>1052</strong><br>(+36 for winning)</div><div class="chat">hdsgerwe's rating: 1000 → <strong>1000</strong><br>(+0 for losing)</div></div><div class="inner-preempt"></div></div></div>
</div>
<script>
let daily = Math.floor(Date.now()/1000/60/60/24);document.write('<script src="https://play.pokemonshowdown.com/js/replay-embed.js?version'+daily+'"></'+'script>');
</script>
