<!DOCTYPE html>
<meta charset="utf-8" />
<!-- version 1 -->
<title>PU replay: Slowbroth vs. Conor3197</title>
<style>
html,body {font-family:Verdana, sans-serif;font-size:10pt;margin:0;padding:0;}body{padding:12px 0;} .battle-log {font-family:Verdana, sans-serif;font-size:10pt;} .battle-log-inline {border:1px solid #AAAAAA;background:#EEF2F5;color:black;max-width:640px;margin:0 auto 80px;padding-bottom:5px;} .battle-log .inner {padding:4px 8px 0px 8px;} .battle-log .inner-preempt {padding:0 8px 4px 8px;} .battle-log .inner-after {margin-top:0.5em;} .battle-log h2 {margin:0.5em -8px;padding:4px 8px;border:1px solid #AAAAAA;background:#E0E7EA;border-left:0;border-right:0;font-family:Verdana, sans-serif;font-size:13pt;} .battle-log .chat {vertical-align:middle;padding:3px 0 3px 0;font-size:8pt;} .battle-log .chat strong {color:#40576A;} .battle-log .chat em {padding:1px 4px 1px 3px;color:#000000;font-style:normal;} .chat.mine {background:rgba(0,0,0,0.05);margin-left:-8px;margin-right:-8px;padding-left:8px;padding-right:8px;} .spoiler {color:#BBBBBB;background:#BBBBBB;padding:0px 3px;} .spoiler:hover, .spoiler:active, .spoiler-shown {color:#000000;background:#E2E2E2;padding:0px 3px;} .spoiler a {color:#BBBBBB;} .spoiler:hover a, .spoiler:active a, .spoiler-shown a {color:#2288CC;} .chat code, .chat .spoiler:hover code, .chat .spoiler:active code, .chat .spoiler-shown code {border:1px solid #C0C0C0;background:#EEEEEE;color:black;padding:0 2px;} .chat .spoiler code {border:1px solid #CCCCCC;background:#CCCCCC;color:#CCCCCC;} .battle-log .rated {padding:3px 4px;} .battle-log .rated strong {color:white;background:#89A;padding:1px 4px;border-radius:4px;} .spacer {margin-top:0.5em;} .message-announce {background:#6688AA;color:white;padding:1px 4px 2px;} .message-announce a, .broadcast-green a, .broadcast-blue a, .broadcast-red a {color:#DDEEFF;} .broadcast-green {background-color:#559955;color:white;padding:2px 4px;} .broadcast-blue {background-color:#6688AA;color:white;padding:2px 4px;} .infobox {border:1px solid #6688AA;padding:2px 4px;} .infobox-limited {max-height:200px;overflow:auto;overflow-x:hidden;} .broadcast-red {background-color:#AA5544;color:white;padding:2px 4px;} .message-learn-canlearn {font-weight:bold;color:#228822;text-decoration:underline;} .message-learn-cannotlearn {font-weight:bold;color:#CC2222;text-decoration:underline;} .message-effect-weak {font-weight:bold;color:#CC2222;} .message-effect-resist {font-weight:bold;color:#6688AA;} .message-effect-immune {font-weight:bold;color:#666666;} .message-learn-list {margin-top:0;margin-bottom:0;} .message-throttle-notice, .message-error {color:#992222;} .message-overflow, .chat small.message-overflow {font-size:0pt;} .message-overflow::before {font-size:9pt;content:'...';} .subtle {color:#3A4A66;}
</style>
<div class="wrapper replay-wrapper" style="max-width:1180px;margin:0 auto">
<input type="hidden" name="replayid" value="pu-545920363" />
<div class="battle"></div><div class="battle-log"></div><div class="replay-controls"></div><div class="replay-controls-2"></div>
<h1 style="font-weight:normal;text-align:center"><strong>PU</strong><br /><a href="http://pokemonshowdown.com/users/slowbroth" class="subtle" target="_blank">Slowbroth</a> vs. <a href="http://pokemonshowdown.com/users/conor3197" class="subtle" target="_blank">Conor3197</a></h1>
<script type="text/plain" class="battle-log-data">|j|Slowbroth
|j|Conor3197
|player|p1|Slowbroth|277
|player|p2|Conor3197|1
|gametype|singles
|gen|6
|tier|PU
|seed|44321,13151,33163,29113
|rule|Sleep Clause Mod: Limit one foe put to sleep
|rule|Species Clause: Limit one of each Pokémon
|rule|OHKO Clause: OHKO moves are banned
|rule|Moody Clause: Moody is banned
|rule|Evasion Moves Clause: Evasion moves are banned
|rule|Endless Battle Clause: Forcing endless battles is banned
|rule|HP Percentage Mod: HP is shown in percentages
|clearpoke
|poke|p1|Bronzor|item
|poke|p1|Avalugg, M|item
|poke|p1|Muk, F|item
|poke|p2|Flareon, M|item
|poke|p2|Leafeon, F|item
|poke|p2|Golem, M|item
|rule|Swagger Clause: Swagger is banned
|rule|Baton Pass Clause: Limit one Baton Passer, can't pass Spe and other stats simultaneously
|teampreview
|c|☆Conor3197|glhf
|c|☆Slowbroth|u2
|j|EeveeLution∞Army
|choice|team 3, team 2, team 1|team 1, team 2, team 3
|
|start
|switch|p1a: Muk|Muk, F|391\/391
|switch|p2a: Nick(i)|Flareon, M|334\/334
|turn|1
|choice|move gunkshot|move charm
|
|move|p2a: Nick(i)|Charm|p1a: Muk
|-unboost|p1a: Muk|atk|2
|move|p1a: Muk|Gunk Shot|p2a: Nick(i)|[miss]
|-miss|p1a: Muk|p2a: Nick(i)
|
|upkeep
|turn|2
|c|☆Slowbroth|oh
|choice|move gunkshot|move charm
|
|move|p2a: Nick(i)|Charm|p1a: Muk
|-unboost|p1a: Muk|atk|2
|move|p1a: Muk|Gunk Shot|p2a: Nick(i)|[miss]
|-miss|p1a: Muk|p2a: Nick(i)
|
|upkeep
|turn|3
|choice|move gunkshot|move charm
|
|move|p2a: Nick(i)|Charm|p1a: Muk
|-unboost|p1a: Muk|atk|2
|move|p1a: Muk|Gunk Shot|p2a: Nick(i)|[miss]
|-miss|p1a: Muk|p2a: Nick(i)
|
|upkeep
|turn|4
|choice|move gunkshot|move charm
|
|move|p2a: Nick(i)|Charm|p1a: Muk
|-unboost|p1a: Muk|atk|0
|move|p1a: Muk|Gunk Shot|p2a: Nick(i)
|-damage|p2a: Nick(i)|237\/334
|-damage|p1a: Muk|352\/391|[from] item: Life Orb
|
|-heal|p2a: Nick(i)|257\/334|[from] item: Leftovers
|upkeep
|turn|5
|choice|move gunkshot|move confide
|
|move|p2a: Nick(i)|Confide|p1a: Muk
|-unboost|p1a: Muk|spa|1
|move|p1a: Muk|Gunk Shot|p2a: Nick(i)
|-damage|p2a: Nick(i)|160\/334
|-status|p2a: Nick(i)|psn
|-damage|p1a: Muk|313\/391|[from] item: Life Orb
|
|-heal|p2a: Nick(i)|180\/334 psn|[from] item: Leftovers
|-damage|p2a: Nick(i)|139\/334 psn|[from] psn
|upkeep
|turn|6
|j|babouZL
|choice|move gunkshot|move charm
|
|move|p2a: Nick(i)|Charm|p1a: Muk
|-unboost|p1a: Muk|atk|0
|move|p1a: Muk|Gunk Shot|p2a: Nick(i)
|-damage|p2a: Nick(i)|48\/334 psn
|-damage|p1a: Muk|274\/391|[from] item: Life Orb
|
|-heal|p2a: Nick(i)|68\/334 psn|[from] item: Leftovers
|-damage|p2a: Nick(i)|27\/334 psn|[from] psn
|upkeep
|turn|7
|choice|move shadowsneak|move rest
|
|move|p1a: Muk|Shadow Sneak|p2a: Nick(i)
|-damage|p2a: Nick(i)|6\/334 psn
|-damage|p1a: Muk|235\/391|[from] item: Life Orb
|move|p2a: Nick(i)|Rest|p2a: Nick(i)
|-status|p2a: Nick(i)|slp
|-heal|p2a: Nick(i)|334\/334 slp|[silent]
|-status|p2a: Nick(i)|slp|[from] move: Rest
|
|upkeep
|turn|8
|l|babouZL
|choice|move gunkshot|move charm
|
|cant|p2a: Nick(i)|slp
|move|p1a: Muk|Gunk Shot|p2a: Nick(i)
|-damage|p2a: Nick(i)|229\/334 slp
|-damage|p1a: Muk|196\/391|[from] item: Life Orb
|
|-heal|p2a: Nick(i)|249\/334 slp|[from] item: Leftovers
|upkeep
|turn|9
|choice|move gunkshot|move charm
|
|cant|p2a: Nick(i)|slp
|move|p1a: Muk|Gunk Shot|p2a: Nick(i)
|-damage|p2a: Nick(i)|159\/334 slp
|-damage|p1a: Muk|157\/391|[from] item: Life Orb
|
|-heal|p2a: Nick(i)|179\/334 slp|[from] item: Leftovers
|upkeep
|turn|10
|choice|move shadowsneak|move charm
|
|move|p1a: Muk|Shadow Sneak|p2a: Nick(i)
|-damage|p2a: Nick(i)|154\/334 slp
|-damage|p1a: Muk|118\/391|[from] item: Life Orb
|-curestatus|p2a: Nick(i)|slp|[msg]
|move|p2a: Nick(i)|Charm|p1a: Muk
|-unboost|p1a: Muk|atk|0
|
|-heal|p2a: Nick(i)|174\/334|[from] item: Leftovers
|upkeep
|turn|11
|choice|move shadowsneak|move confide
|
|move|p1a: Muk|Shadow Sneak|p2a: Nick(i)
|-damage|p2a: Nick(i)|151\/334
|-damage|p1a: Muk|79\/391|[from] item: Life Orb
|move|p2a: Nick(i)|Confide|p1a: Muk
|-unboost|p1a: Muk|spa|1
|
|-heal|p2a: Nick(i)|171\/334|[from] item: Leftovers
|upkeep
|turn|12
|j|babouZL
|choice|move firepunch|move confide
|
|move|p2a: Nick(i)|Confide|p1a: Muk
|-unboost|p1a: Muk|spa|1
|move|p1a: Muk|Fire Punch|p2a: Nick(i)
|-start|p2a: Nick(i)|ability: Flash Fire
|
|-heal|p2a: Nick(i)|191\/334|[from] item: Leftovers
|upkeep
|turn|13
|l|babouZL
|choice|move firepunch|move toxic
|
|move|p2a: Nick(i)|Toxic|p1a: Muk
|-immune|p1a: Muk|[msg]
|move|p1a: Muk|Fire Punch|p2a: Nick(i)
|-immune|p2a: Nick(i)|[msg]|[from] ability: Flash Fire
|
|-heal|p2a: Nick(i)|211\/334|[from] item: Leftovers
|upkeep
|turn|14
|choice|move firepunch|move toxic
|
|move|p2a: Nick(i)|Toxic|p1a: Muk
|-immune|p1a: Muk|[msg]
|move|p1a: Muk|Fire Punch|p2a: Nick(i)
|-immune|p2a: Nick(i)|[msg]|[from] ability: Flash Fire
|
|-heal|p2a: Nick(i)|231\/334|[from] item: Leftovers
|upkeep
|turn|15
|choice|move firepunch|move toxic
|
|move|p2a: Nick(i)|Toxic|p1a: Muk
|-immune|p1a: Muk|[msg]
|move|p1a: Muk|Fire Punch|p2a: Nick(i)
|-immune|p2a: Nick(i)|[msg]|[from] ability: Flash Fire
|
|-heal|p2a: Nick(i)|251\/334|[from] item: Leftovers
|upkeep
|turn|16
|choice|move firepunch|move toxic
|
|move|p2a: Nick(i)|Toxic|p1a: Muk
|-immune|p1a: Muk|[msg]
|move|p1a: Muk|Fire Punch|p2a: Nick(i)
|-immune|p2a: Nick(i)|[msg]|[from] ability: Flash Fire
|
|-heal|p2a: Nick(i)|271\/334|[from] item: Leftovers
|upkeep
|turn|17
|choice|move firepunch|move toxic
|
|move|p2a: Nick(i)|Toxic|p1a: Muk|[miss]
|-miss|p2a: Nick(i)|p1a: Muk
|move|p1a: Muk|Fire Punch|p2a: Nick(i)
|-immune|p2a: Nick(i)|[msg]|[from] ability: Flash Fire
|
|-heal|p2a: Nick(i)|291\/334|[from] item: Leftovers
|upkeep
|turn|18
|choice|move firepunch|move toxic
|
|move|p2a: Nick(i)|Toxic|p1a: Muk
|-immune|p1a: Muk|[msg]
|move|p1a: Muk|Fire Punch|p2a: Nick(i)
|-immune|p2a: Nick(i)|[msg]|[from] ability: Flash Fire
|
|-heal|p2a: Nick(i)|311\/334|[from] item: Leftovers
|upkeep
|turn|19
|choice|move firepunch|move toxic
|
|move|p2a: Nick(i)|Toxic|p1a: Muk
|-immune|p1a: Muk|[msg]
|move|p1a: Muk|Fire Punch|p2a: Nick(i)
|-immune|p2a: Nick(i)|[msg]|[from] ability: Flash Fire
|
|-heal|p2a: Nick(i)|331\/334|[from] item: Leftovers
|upkeep
|turn|20
|choice|move firepunch|move toxic
|
|move|p2a: Nick(i)|Toxic|p1a: Muk
|-immune|p1a: Muk|[msg]
|move|p1a: Muk|Fire Punch|p2a: Nick(i)
|-immune|p2a: Nick(i)|[msg]|[from] ability: Flash Fire
|
|-heal|p2a: Nick(i)|334\/334|[from] item: Leftovers
|upkeep
|turn|21
|choice|move firepunch|move toxic
|
|move|p2a: Nick(i)|Toxic|p1a: Muk
|-immune|p1a: Muk|[msg]
|move|p1a: Muk|Fire Punch|p2a: Nick(i)
|-immune|p2a: Nick(i)|[msg]|[from] ability: Flash Fire
|
|upkeep
|turn|22
|choice|move firepunch|move toxic
|
|move|p2a: Nick(i)|Toxic|p1a: Muk|[miss]
|-miss|p2a: Nick(i)|p1a: Muk
|move|p1a: Muk|Fire Punch|p2a: Nick(i)
|-immune|p2a: Nick(i)|[msg]|[from] ability: Flash Fire
|
|upkeep
|turn|23
|choice|move firepunch|move toxic
|
|move|p2a: Nick(i)|Toxic|p1a: Muk|[miss]
|-miss|p2a: Nick(i)|p1a: Muk
|move|p1a: Muk|Fire Punch|p2a: Nick(i)
|-immune|p2a: Nick(i)|[msg]|[from] ability: Flash Fire
|
|upkeep
|turn|24
|c| EeveeLution∞Army|Does flareon not have any attacks lol
|choice|move firepunch|move toxic
|
|move|p2a: Nick(i)|Toxic|p1a: Muk
|-immune|p1a: Muk|[msg]
|move|p1a: Muk|Fire Punch|p2a: Nick(i)
|-immune|p2a: Nick(i)|[msg]|[from] ability: Flash Fire
|
|upkeep
|turn|25
|choice|move firepunch|move toxic
|
|move|p2a: Nick(i)|Toxic|p1a: Muk
|-immune|p1a: Muk|[msg]
|move|p1a: Muk|Fire Punch|p2a: Nick(i)
|-immune|p2a: Nick(i)|[msg]|[from] ability: Flash Fire
|
|upkeep
|turn|26
|c|☆Conor3197|no lol
|choice|move firepunch|move toxic
|
|move|p2a: Nick(i)|Toxic|p1a: Muk
|-immune|p1a: Muk|[msg]
|move|p1a: Muk|Fire Punch|p2a: Nick(i)
|-immune|p2a: Nick(i)|[msg]|[from] ability: Flash Fire
|
|upkeep
|turn|27
|choice|move firepunch|move toxic
|
|move|p2a: Nick(i)|Toxic|p1a: Muk
|-immune|p1a: Muk|[msg]
|move|p1a: Muk|Fire Punch|p2a: Nick(i)
|-immune|p2a: Nick(i)|[msg]|[from] ability: Flash Fire
|
|upkeep
|turn|28
|choice|move firepunch|move toxic
|
|move|p2a: Nick(i)|Toxic|p1a: Muk
|-immune|p1a: Muk|[msg]
|move|p1a: Muk|Fire Punch|p2a: Nick(i)
|-immune|p2a: Nick(i)|[msg]|[from] ability: Flash Fire
|
|upkeep
|turn|29
|choice|move icepunch|move charm
|
|move|p2a: Nick(i)|Charm|p1a: Muk
|-unboost|p1a: Muk|atk|0
|move|p1a: Muk|Ice Punch|p2a: Nick(i)
|-resisted|p2a: Nick(i)
|-crit|p2a: Nick(i)
|-damage|p2a: Nick(i)|218\/334
|-status|p2a: Nick(i)|frz
|-damage|p1a: Muk|40\/391|[from] item: Life Orb
|
|-heal|p2a: Nick(i)|238\/334 frz|[from] item: Leftovers
|upkeep
|turn|30
|c|☆Slowbroth|ay
|c|☆Conor3197|at least lo kills him
|choice|move icepunch|move charm
|
|cant|p2a: Nick(i)|frz
|move|p1a: Muk|Ice Punch|p2a: Nick(i)
|-resisted|p2a: Nick(i)
|-damage|p2a: Nick(i)|217\/334 frz
|-damage|p1a: Muk|1\/391|[from] item: Life Orb
|
|-heal|p2a: Nick(i)|237\/334 frz|[from] item: Leftovers
|upkeep
|turn|31
|choice|move shadowsneak|move charm
|
|move|p1a: Muk|Shadow Sneak|p2a: Nick(i)
|-damage|p2a: Nick(i)|214\/334 frz
|-damage|p1a: Muk|0 fnt|[from] item: Life Orb
|faint|p1a: Muk
|cant|p2a: Nick(i)|frz
|
|-heal|p2a: Nick(i)|234\/334 frz|[from] item: Leftovers
|upkeep
|c|☆Slowbroth|gg
|c|☆Conor3197|gg
|-message|Slowbroth forfeited.
|
|win|Conor3197
|player|p1
|player|p2</script>
</div>
<div class="battle-log battle-log-inline"><div class="inner"><div class="battle-options"></div><div class="inner"><div class="chat"><small>Slowbroth joined.</small></div><div class="chat"><small>Conor3197 joined.</small></div><div class=""><small>Format:</small> <br><strong>PU</strong></div><div class=""><small><em>Sleep Clause Mod:</em> Limit one foe put to sleep</small></div><div class=""><small><em>Species Clause:</em> Limit one of each Pokémon</small></div><div class=""><small><em>OHKO Clause:</em> OHKO moves are banned</small></div><div class=""><small><em>Moody Clause:</em> Moody is banned</small></div><div class=""><small><em>Evasion Moves Clause:</em> Evasion moves are banned</small></div><div class=""><small><em>Endless Battle Clause:</em> Forcing endless battles is banned</small></div><div class=""><small><em>HP Percentage Mod:</em> HP is shown in percentages</small></div><div class=""><small><em>Swagger Clause:</em> Swagger is banned</small></div><div class=""><small><em>Baton Pass Clause:</em> Limit one Baton Passer, can't pass Spe and other stats simultaneously</small></div><div class="chat battle-history"><strong>Slowbroth's team:</strong> <em style="color:#445566;display:block;">Bronzor / Avalugg / Muk</em></div><div class="chat battle-history"><strong>Conor3197's team:</strong> <em style="color:#445566;display:block;">Flareon / Leafeon / Golem</em></div><div class="chat chatmessage-conor3197"><strong style="color:hsl(265,42%,57.476014254075196%)"><small>☆</small><span class="username" data-name="Conor3197">Conor3197</span>:</strong> <em>glhf</em></div><div class="chat chatmessage-slowbroth"><strong style="color:hsl(317,62%,48.816815154816716%)"><small>☆</small><span class="username" data-name="Slowbroth">Slowbroth</span>:</strong> <em>u2</em></div><div class="chat"><small>EeveeLution∞Army joined.</small></div><div class="spacer battle-history"><br></div><div class="battle-history">Battle started between Slowbroth and Conor3197!<br></div><div class="spacer battle-history"><br></div><div class="battle-history">Go! <strong>Muk</strong>!<br></div><div class="spacer battle-history"><br></div><div class="battle-history">Conor3197 sent out Nick(i) (<strong>Flareon</strong>)!<br></div><div class="spacer battle-history"><br></div><h2 class="battle-history">Turn 1</h2><div class="spacer battle-history"><br></div><div class="battle-history">The opposing Nick(i) used <strong>Charm</strong>!<br></div><div class="battle-history"><small>Muk's Attack fell harshly!</small><br></div><div class="spacer battle-history"><br></div><div class="battle-history">Muk used <strong>Gunk Shot</strong>!<br></div><div class="battle-history"><small>The opposing Nick(i) avoided the attack!</small><br></div><div class="spacer battle-history"><br></div><h2 class="battle-history">Turn 2</h2><div class="chat chatmessage-slowbroth"><strong style="color:hsl(317,62%,48.816815154816716%)"><small>☆</small><span class="username" data-name="Slowbroth">Slowbroth</span>:</strong> <em>oh</em></div><div class="spacer battle-history"><br></div><div class="battle-history">The opposing Nick(i) used <strong>Charm</strong>!<br></div><div class="battle-history"><small>Muk's Attack fell harshly!</small><br></div><div class="spacer battle-history"><br></div><div class="battle-history">Muk used <strong>Gunk Shot</strong>!<br></div><div class="battle-history"><small>The opposing Nick(i) avoided the attack!</small><br></div><div class="spacer battle-history"><br></div><h2 class="battle-history">Turn 3</h2><div class="spacer battle-history"><br></div><div class="battle-history">The opposing Nick(i) used <strong>Charm</strong>!<br></div><div class="battle-history"><small>Muk's Attack fell harshly!</small><br></div><div class="spacer battle-history"><br></div><div class="battle-history">Muk used <strong>Gunk Shot</strong>!<br></div><div class="battle-history"><small>The opposing Nick(i) avoided the attack!</small><br></div><div class="spacer battle-history"><br></div><h2 class="battle-history">Turn 4</h2><div class="spacer battle-history"><br></div><div class="battle-history">The opposing Nick(i) used <strong>Charm</strong>!<br></div><div class="battle-history"><small>Muk's Attack won't go any lower!</small><br></div><div class="spacer battle-history"><br></div><div class="battle-history">Muk used <strong>Gunk Shot</strong>!<br></div><div class="battle-history"><small>(The opposing Nick(i) lost <abbr title="−97/334">29.0%</abbr> of its health!)</small><br></div><div class="battle-history"><small>Muk lost some of its HP!</small><br></div><div class="spacer battle-history"><br></div><div class="battle-history"><small>The opposing Nick(i) restored a little HP using its Leftovers!</small><br></div><div class="spacer battle-history"><br></div><h2 class="battle-history">Turn 5</h2><div class="spacer battle-history"><br></div><div class="battle-history">The opposing Nick(i) used <strong>Confide</strong>!<br></div><div class="battle-history"><small>Muk's Special Attack fell!</small><br></div><div class="spacer battle-history"><br></div><div class="battle-history">Muk used <strong>Gunk Shot</strong>!<br></div><div class="battle-history"><small>(The opposing Nick(i) lost <abbr title="−97/334">29.0%</abbr> of its health!)</small><br></div><div class="battle-history"><small>The opposing Nick(i) was poisoned!</small><br></div><div class="battle-history"><small>Muk lost some of its HP!</small><br></div><div class="spacer battle-history"><br></div><div class="battle-history"><small>The opposing Nick(i) restored a little HP using its Leftovers!</small><br></div><div class="battle-history"><small>The opposing Nick(i) was hurt by poison!</small><br></div><div class="spacer battle-history"><br></div><h2 class="battle-history">Turn 6</h2><div class="chat"><small>babouZL joined.</small></div><div class="spacer battle-history"><br></div><div class="battle-history">The opposing Nick(i) used <strong>Charm</strong>!<br></div><div class="battle-history"><small>Muk's Attack won't go any lower!</small><br></div><div class="spacer battle-history"><br></div><div class="battle-history">Muk used <strong>Gunk Shot</strong>!<br></div><div class="battle-history"><small>(The opposing Nick(i) lost <abbr title="−91/334">27.2%</abbr> of its health!)</small><br></div><div class="battle-history"><small>Muk lost some of its HP!</small><br></div><div class="spacer battle-history"><br></div><div class="battle-history"><small>The opposing Nick(i) restored a little HP using its Leftovers!</small><br></div><div class="battle-history"><small>The opposing Nick(i) was hurt by poison!</small><br></div><div class="spacer battle-history"><br></div><h2 class="battle-history">Turn 7</h2><div class="spacer battle-history"><br></div><div class="battle-history">Muk used <strong>Shadow Sneak</strong>!<br></div><div class="battle-history"><small>(The opposing Nick(i) lost <abbr title="−21/334">6.3%</abbr> of its health!)</small><br></div><div class="battle-history"><small>Muk lost some of its HP!</small><br></div><div class="spacer battle-history"><br></div><div class="battle-history">The opposing Nick(i) used <strong>Rest</strong>!<br></div><div class="battle-history"><small>The opposing Nick(i) fell asleep!</small><br></div><div class="battle-history"><small>The opposing Nick(i) slept and became healthy!</small><br></div><div class="spacer battle-history"><br></div><h2 class="battle-history">Turn 8</h2><div class="chat"><small>babouZL left.</small></div><div class="spacer battle-history"><br></div><div class="battle-history">The opposing Nick(i) is fast asleep.<br></div><div class="spacer battle-history"><br></div><div class="battle-history">Muk used <strong>Gunk Shot</strong>!<br></div><div class="battle-history"><small>(The opposing Nick(i) lost <abbr title="−105/334">31.4%</abbr> of its health!)</small><br></div><div class="battle-history"><small>Muk lost some of its HP!</small><br></div><div class="spacer battle-history"><br></div><div class="battle-history"><small>The opposing Nick(i) restored a little HP using its Leftovers!</small><br></div><div class="spacer battle-history"><br></div><h2 class="battle-history">Turn 9</h2><div class="spacer battle-history"><br></div><div class="battle-history">The opposing Nick(i) is fast asleep.<br></div><div class="spacer battle-history"><br></div><div class="battle-history">Muk used <strong>Gunk Shot</strong>!<br></div><div class="battle-history"><small>(The opposing Nick(i) lost <abbr title="−90/334">26.9%</abbr> of its health!)</small><br></div><div class="battle-history"><small>Muk lost some of its HP!</small><br></div><div class="spacer battle-history"><br></div><div class="battle-history"><small>The opposing Nick(i) restored a little HP using its Leftovers!</small><br></div><div class="spacer battle-history"><br></div><h2 class="battle-history">Turn 10</h2><div class="spacer battle-history"><br></div><div class="battle-history">Muk used <strong>Shadow Sneak</strong>!<br></div><div class="battle-history"><small>(The opposing Nick(i) lost <abbr title="−25/334">7.5%</abbr> of its health!)</small><br></div><div class="battle-history"><small>Muk lost some of its HP!</small><br></div><div class="battle-history"><small>The opposing Nick(i) woke up!</small><br></div><div class="spacer battle-history"><br></div><div class="battle-history">The opposing Nick(i) used <strong>Charm</strong>!<br></div><div class="battle-history"><small>Muk's Attack won't go any lower!</small><br></div><div class="spacer battle-history"><br></div><div class="battle-history"><small>The opposing Nick(i) restored a little HP using its Leftovers!</small><br></div><div class="spacer battle-history"><br></div><h2 class="battle-history">Turn 11</h2><div class="spacer battle-history"><br></div><div class="battle-history">Muk used <strong>Shadow Sneak</strong>!<br></div><div class="battle-history"><small>(The opposing Nick(i) lost <abbr title="−23/334">6.9%</abbr> of its health!)</small><br></div><div class="battle-history"><small>Muk lost some of its HP!</small><br></div><div class="spacer battle-history"><br></div><div class="battle-history">The opposing Nick(i) used <strong>Confide</strong>!<br></div><div class="battle-history"><small>Muk's Special Attack fell!</small><br></div><div class="spacer battle-history"><br></div><div class="battle-history"><small>The opposing Nick(i) restored a little HP using its Leftovers!</small><br></div><div class="spacer battle-history"><br></div><h2 class="battle-history">Turn 12</h2><div class="chat"><small>babouZL joined.</small></div><div class="spacer battle-history"><br></div><div class="battle-history">The opposing Nick(i) used <strong>Confide</strong>!<br></div><div class="battle-history"><small>Muk's Special Attack fell!</small><br></div><div class="spacer battle-history"><br></div><div class="battle-history">Muk used <strong>Fire Punch</strong>!<br></div><div class="battle-history"><small>[The opposing Nick(i)'s Flash Fire]</small><br><small>The power of the opposing Nick(i)'s Fire-type moves rose!</small><br></div><div class="spacer battle-history"><br></div><div class="battle-history"><small>The opposing Nick(i) restored a little HP using its Leftovers!</small><br></div><div class="spacer battle-history"><br></div><h2 class="battle-history">Turn 13</h2><div class="chat"><small>babouZL left.</small></div><div class="spacer battle-history"><br></div><div class="battle-history">The opposing Nick(i) used <strong>Toxic</strong>!<br></div><div class="battle-history"><small>It doesn't affect Muk...</small><br></div><div class="spacer battle-history"><br></div><div class="battle-history">Muk used <strong>Fire Punch</strong>!<br></div><div class="battle-history"><small>[The opposing Nick(i)'s Flash Fire]</small><br><small>It doesn't affect the opposing Nick(i)...</small><br></div><div class="spacer battle-history"><br></div><div class="battle-history"><small>The opposing Nick(i) restored a little HP using its Leftovers!</small><br></div><div class="spacer battle-history"><br></div><h2 class="battle-history">Turn 14</h2><div class="spacer battle-history"><br></div><div class="battle-history">The opposing Nick(i) used <strong>Toxic</strong>!<br></div><div class="battle-history"><small>It doesn't affect Muk...</small><br></div><div class="spacer battle-history"><br></div><div class="battle-history">Muk used <strong>Fire Punch</strong>!<br></div><div class="battle-history"><small>[The opposing Nick(i)'s Flash Fire]</small><br><small>It doesn't affect the opposing Nick(i)...</small><br></div><div class="spacer battle-history"><br></div><div class="battle-history"><small>The opposing Nick(i) restored a little HP using its Leftovers!</small><br></div><div class="spacer battle-history"><br></div><h2 class="battle-history">Turn 15</h2><div class="spacer battle-history"><br></div><div class="battle-history">The opposing Nick(i) used <strong>Toxic</strong>!<br></div><div class="battle-history"><small>It doesn't affect Muk...</small><br></div><div class="spacer battle-history"><br></div><div class="battle-history">Muk used <strong>Fire Punch</strong>!<br></div><div class="battle-history"><small>[The opposing Nick(i)'s Flash Fire]</small><br><small>It doesn't affect the opposing Nick(i)...</small><br></div><div class="spacer battle-history"><br></div><div class="battle-history"><small>The opposing Nick(i) restored a little HP using its Leftovers!</small><br></div><div class="spacer battle-history"><br></div><h2 class="battle-history">Turn 16</h2><div class="spacer battle-history"><br></div><div class="battle-history">The opposing Nick(i) used <strong>Toxic</strong>!<br></div><div class="battle-history"><small>It doesn't affect Muk...</small><br></div><div class="spacer battle-history"><br></div><div class="battle-history">Muk used <strong>Fire Punch</strong>!<br></div><div class="battle-history"><small>[The opposing Nick(i)'s Flash Fire]</small><br><small>It doesn't affect the opposing Nick(i)...</small><br></div><div class="spacer battle-history"><br></div><div class="battle-history"><small>The opposing Nick(i) restored a little HP using its Leftovers!</small><br></div><div class="spacer battle-history"><br></div><h2 class="battle-history">Turn 17</h2><div class="spacer battle-history"><br></div><div class="battle-history">The opposing Nick(i) used <strong>Toxic</strong>!<br></div><div class="battle-history"><small>Muk avoided the attack!</small><br></div><div class="spacer battle-history"><br></div><div class="battle-history">Muk used <strong>Fire Punch</strong>!<br></div><div class="battle-history"><small>[The opposing Nick(i)'s Flash Fire]</small><br><small>It doesn't affect the opposing Nick(i)...</small><br></div><div class="spacer battle-history"><br></div><div class="battle-history"><small>The opposing Nick(i) restored a little HP using its Leftovers!</small><br></div><div class="spacer battle-history"><br></div><h2 class="battle-history">Turn 18</h2><div class="spacer battle-history"><br></div><div class="battle-history">The opposing Nick(i) used <strong>Toxic</strong>!<br></div><div class="battle-history"><small>It doesn't affect Muk...</small><br></div><div class="spacer battle-history"><br></div><div class="battle-history">Muk used <strong>Fire Punch</strong>!<br></div><div class="battle-history"><small>[The opposing Nick(i)'s Flash Fire]</small><br><small>It doesn't affect the opposing Nick(i)...</small><br></div><div class="spacer battle-history"><br></div><div class="battle-history"><small>The opposing Nick(i) restored a little HP using its Leftovers!</small><br></div><div class="spacer battle-history"><br></div><h2 class="battle-history">Turn 19</h2><div class="spacer battle-history"><br></div><div class="battle-history">The opposing Nick(i) used <strong>Toxic</strong>!<br></div><div class="battle-history"><small>It doesn't affect Muk...</small><br></div><div class="spacer battle-history"><br></div><div class="battle-history">Muk used <strong>Fire Punch</strong>!<br></div><div class="battle-history"><small>[The opposing Nick(i)'s Flash Fire]</small><br><small>It doesn't affect the opposing Nick(i)...</small><br></div><div class="spacer battle-history"><br></div><div class="battle-history"><small>The opposing Nick(i) restored a little HP using its Leftovers!</small><br></div><div class="spacer battle-history"><br></div><h2 class="battle-history">Turn 20</h2><div class="spacer battle-history"><br></div><div class="battle-history">The opposing Nick(i) used <strong>Toxic</strong>!<br></div><div class="battle-history"><small>It doesn't affect Muk...</small><br></div><div class="spacer battle-history"><br></div><div class="battle-history">Muk used <strong>Fire Punch</strong>!<br></div><div class="battle-history"><small>[The opposing Nick(i)'s Flash Fire]</small><br><small>It doesn't affect the opposing Nick(i)...</small><br></div><div class="spacer battle-history"><br></div><div class="battle-history"><small>The opposing Nick(i) restored a little HP using its Leftovers!</small><br></div><div class="spacer battle-history"><br></div><h2 class="battle-history">Turn 21</h2><div class="spacer battle-history"><br></div><div class="battle-history">The opposing Nick(i) used <strong>Toxic</strong>!<br></div><div class="battle-history"><small>It doesn't affect Muk...</small><br></div><div class="spacer battle-history"><br></div><div class="battle-history">Muk used <strong>Fire Punch</strong>!<br></div><div class="battle-history"><small>[The opposing Nick(i)'s Flash Fire]</small><br><small>It doesn't affect the opposing Nick(i)...</small><br></div><div class="spacer battle-history"><br></div><h2 class="battle-history">Turn 22</h2><div class="spacer battle-history"><br></div><div class="battle-history">The opposing Nick(i) used <strong>Toxic</strong>!<br></div><div class="battle-history"><small>Muk avoided the attack!</small><br></div><div class="spacer battle-history"><br></div><div class="battle-history">Muk used <strong>Fire Punch</strong>!<br></div><div class="battle-history"><small>[The opposing Nick(i)'s Flash Fire]</small><br><small>It doesn't affect the opposing Nick(i)...</small><br></div><div class="spacer battle-history"><br></div><h2 class="battle-history">Turn 23</h2><div class="spacer battle-history"><br></div><div class="battle-history">The opposing Nick(i) used <strong>Toxic</strong>!<br></div><div class="battle-history"><small>Muk avoided the attack!</small><br></div><div class="spacer battle-history"><br></div><div class="battle-history">Muk used <strong>Fire Punch</strong>!<br></div><div class="battle-history"><small>[The opposing Nick(i)'s Flash Fire]</small><br><small>It doesn't affect the opposing Nick(i)...</small><br></div><div class="spacer battle-history"><br></div><h2 class="battle-history">Turn 24</h2><div class="chat chatmessage-eeveelutionarmy"><strong style="color:hsl(314,85%,41%)"><small> </small><span class="username" data-name="EeveeLution∞Army">EeveeLution∞Army</span>:</strong> <em>Does flareon not have any attacks lol</em></div><div class="spacer battle-history"><br></div><div class="battle-history">The opposing Nick(i) used <strong>Toxic</strong>!<br></div><div class="battle-history"><small>It doesn't affect Muk...</small><br></div><div class="spacer battle-history"><br></div><div class="battle-history">Muk used <strong>Fire Punch</strong>!<br></div><div class="battle-history"><small>[The opposing Nick(i)'s Flash Fire]</small><br><small>It doesn't affect the opposing Nick(i)...</small><br></div><div class="spacer battle-history"><br></div><h2 class="battle-history">Turn 25</h2><div class="spacer battle-history"><br></div><div class="battle-history">The opposing Nick(i) used <strong>Toxic</strong>!<br></div><div class="battle-history"><small>It doesn't affect Muk...</small><br></div><div class="spacer battle-history"><br></div><div class="battle-history">Muk used <strong>Fire Punch</strong>!<br></div><div class="battle-history"><small>[The opposing Nick(i)'s Flash Fire]</small><br><small>It doesn't affect the opposing Nick(i)...</small><br></div><div class="spacer battle-history"><br></div><h2 class="battle-history">Turn 26</h2><div class="chat chatmessage-conor3197"><strong style="color:hsl(265,42%,57.476014254075196%)"><small>☆</small><span class="username" data-name="Conor3197">Conor3197</span>:</strong> <em>no lol</em></div><div class="spacer battle-history"><br></div><div class="battle-history">The opposing Nick(i) used <strong>Toxic</strong>!<br></div><div class="battle-history"><small>It doesn't affect Muk...</small><br></div><div class="spacer battle-history"><br></div><div class="battle-history">Muk used <strong>Fire Punch</strong>!<br></div><div class="battle-history"><small>[The opposing Nick(i)'s Flash Fire]</small><br><small>It doesn't affect the opposing Nick(i)...</small><br></div><div class="spacer battle-history"><br></div><h2 class="battle-history">Turn 27</h2><div class="spacer battle-history"><br></div><div class="battle-history">The opposing Nick(i) used <strong>Toxic</strong>!<br></div><div class="battle-history"><small>It doesn't affect Muk...</small><br></div><div class="spacer battle-history"><br></div><div class="battle-history">Muk used <strong>Fire Punch</strong>!<br></div><div class="battle-history"><small>[The opposing Nick(i)'s Flash Fire]</small><br><small>It doesn't affect the opposing Nick(i)...</small><br></div><div class="spacer battle-history"><br></div><h2 class="battle-history">Turn 28</h2><div class="spacer battle-history"><br></div><div class="battle-history">The opposing Nick(i) used <strong>Toxic</strong>!<br></div><div class="battle-history"><small>It doesn't affect Muk...</small><br></div><div class="spacer battle-history"><br></div><div class="battle-history">Muk used <strong>Fire Punch</strong>!<br></div><div class="battle-history"><small>[The opposing Nick(i)'s Flash Fire]</small><br><small>It doesn't affect the opposing Nick(i)...</small><br></div><div class="spacer battle-history"><br></div><h2 class="battle-history">Turn 29</h2><div class="spacer battle-history"><br></div><div class="battle-history">The opposing Nick(i) used <strong>Charm</strong>!<br></div><div class="battle-history"><small>Muk's Attack won't go any lower!</small><br></div><div class="spacer battle-history"><br></div><div class="battle-history">Muk used <strong>Ice Punch</strong>!<br></div><div class="battle-history"><small>It's not very effective...</small><br></div><div class="battle-history"><small>A critical hit!</small><br></div><div class="battle-history"><small>(The opposing Nick(i) lost <abbr title="−116/334">34.7%</abbr> of its health!)</small><br></div><div class="battle-history"><small>The opposing Nick(i) was frozen solid!</small><br></div><div class="battle-history"><small>Muk lost some of its HP!</small><br></div><div class="spacer battle-history"><br></div><div class="battle-history"><small>The opposing Nick(i) restored a little HP using its Leftovers!</small><br></div><div class="spacer battle-history"><br></div><h2 class="battle-history">Turn 30</h2><div class="chat chatmessage-slowbroth"><strong style="color:hsl(317,62%,48.816815154816716%)"><small>☆</small><span class="username" data-name="Slowbroth">Slowbroth</span>:</strong> <em>ay</em></div><div class="chat chatmessage-conor3197"><strong style="color:hsl(265,42%,57.476014254075196%)"><small>☆</small><span class="username" data-name="Conor3197">Conor3197</span>:</strong> <em>at least lo kills him</em></div><div class="spacer battle-history"><br></div><div class="battle-history">The opposing Nick(i) is frozen solid!<br></div><div class="spacer battle-history"><br></div><div class="battle-history">Muk used <strong>Ice Punch</strong>!<br></div><div class="battle-history"><small>It's not very effective...</small><br></div><div class="battle-history"><small>(The opposing Nick(i) lost <abbr title="−21/334">6.3%</abbr> of its health!)</small><br></div><div class="battle-history"><small>Muk lost some of its HP!</small><br></div><div class="spacer battle-history"><br></div><div class="battle-history"><small>The opposing Nick(i) restored a little HP using its Leftovers!</small><br></div><div class="spacer battle-history"><br></div><h2 class="battle-history">Turn 31</h2><div class="spacer battle-history"><br></div><div class="battle-history">Muk used <strong>Shadow Sneak</strong>!<br></div><div class="battle-history"><small>(The opposing Nick(i) lost <abbr title="−23/334">6.9%</abbr> of its health!)</small><br></div><div class="battle-history"><small>Muk lost some of its HP!</small><br></div><div class="spacer battle-history"><br></div><div class="battle-history">Muk fainted!<br></div><div class="battle-history">The opposing Nick(i) is frozen solid!<br></div><div class="spacer battle-history"><br></div><div class="battle-history"><small>The opposing Nick(i) restored a little HP using its Leftovers!</small><br></div><div class="chat chatmessage-slowbroth"><strong style="color:hsl(317,62%,48.816815154816716%)"><small>☆</small><span class="username" data-name="Slowbroth">Slowbroth</span>:</strong> <em>gg</em></div><div class="chat chatmessage-conor3197"><strong style="color:hsl(265,42%,57.476014254075196%)"><small>☆</small><span class="username" data-name="Conor3197">Conor3197</span>:</strong> <em>gg</em></div><div class="spacer battle-history"><br></div><div class="battle-history"><small>Slowbroth forfeited.</small><br></div><div class="spacer battle-history"><br></div><div class="battle-history"><strong>Conor3197</strong> won the battle!<br></div></div><div class="inner-preempt"></div></div></div>
</div>
<script>
let daily = Math.floor(Date.now()/1000/60/60/24);document.write('<script src="https://play.pokemonshowdown.com/js/replay-embed.js?version'+daily+'"></'+'script>');
</script>
