<!DOCTYPE html>
<meta charset="utf-8" />
<!-- version 1 -->
<title>PU replay: ShuckleDeath vs. ShirubaRoketto</title>
<style>
html,body {font-family:Verdana, sans-serif;font-size:10pt;margin:0;padding:0;}body{padding:12px 0;} .battle-log {font-family:Verdana, sans-serif;font-size:10pt;} .battle-log-inline {border:1px solid #AAAAAA;background:#EEF2F5;color:black;max-width:640px;margin:0 auto 80px;padding-bottom:5px;} .battle-log .inner {padding:4px 8px 0px 8px;} .battle-log .inner-preempt {padding:0 8px 4px 8px;} .battle-log .inner-after {margin-top:0.5em;} .battle-log h2 {margin:0.5em -8px;padding:4px 8px;border:1px solid #AAAAAA;background:#E0E7EA;border-left:0;border-right:0;font-family:Verdana, sans-serif;font-size:13pt;} .battle-log .chat {vertical-align:middle;padding:3px 0 3px 0;font-size:8pt;} .battle-log .chat strong {color:#40576A;} .battle-log .chat em {padding:1px 4px 1px 3px;color:#000000;font-style:normal;} .chat.mine {background:rgba(0,0,0,0.05);margin-left:-8px;margin-right:-8px;padding-left:8px;padding-right:8px;} .spoiler {color:#BBBBBB;background:#BBBBBB;padding:0px 3px;} .spoiler:hover, .spoiler:active, .spoiler-shown {color:#000000;background:#E2E2E2;padding:0px 3px;} .spoiler a {color:#BBBBBB;} .spoiler:hover a, .spoiler:active a, .spoiler-shown a {color:#2288CC;} .chat code, .chat .spoiler:hover code, .chat .spoiler:active code, .chat .spoiler-shown code {border:1px solid #C0C0C0;background:#EEEEEE;color:black;padding:0 2px;} .chat .spoiler code {border:1px solid #CCCCCC;background:#CCCCCC;color:#CCCCCC;} .battle-log .rated {padding:3px 4px;} .battle-log .rated strong {color:white;background:#89A;padding:1px 4px;border-radius:4px;} .spacer {margin-top:0.5em;} .message-announce {background:#6688AA;color:white;padding:1px 4px 2px;} .message-announce a, .broadcast-green a, .broadcast-blue a, .broadcast-red a {color:#DDEEFF;} .broadcast-green {background-color:#559955;color:white;padding:2px 4px;} .broadcast-blue {background-color:#6688AA;color:white;padding:2px 4px;} .infobox {border:1px solid #6688AA;padding:2px 4px;} .infobox-limited {max-height:200px;overflow:auto;overflow-x:hidden;} .broadcast-red {background-color:#AA5544;color:white;padding:2px 4px;} .message-learn-canlearn {font-weight:bold;color:#228822;text-decoration:underline;} .message-learn-cannotlearn {font-weight:bold;color:#CC2222;text-decoration:underline;} .message-effect-weak {font-weight:bold;color:#CC2222;} .message-effect-resist {font-weight:bold;color:#6688AA;} .message-effect-immune {font-weight:bold;color:#666666;} .message-learn-list {margin-top:0;margin-bottom:0;} .message-throttle-notice, .message-error {color:#992222;} .message-overflow, .chat small.message-overflow {font-size:0pt;} .message-overflow::before {font-size:9pt;content:'...';} .subtle {color:#3A4A66;}
</style>
<div class="wrapper replay-wrapper" style="max-width:1180px;margin:0 auto">
<input type="hidden" name="replayid" value="pu-555692625" />
<div class="battle"></div><div class="battle-log"></div><div class="replay-controls"></div><div class="replay-controls-2"></div>
<h1 style="font-weight:normal;text-align:center"><strong>PU</strong><br /><a href="http://pokemonshowdown.com/users/shuckledeath" class="subtle" target="_blank">ShuckleDeath</a> vs. <a href="http://pokemonshowdown.com/users/shirubaroketto" class="subtle" target="_blank">ShirubaRoketto</a></h1>
<script type="text/plain" class="battle-log-data">|j|ShuckleDeath
|j|ShirubaRoketto
|player|p1|ShuckleDeath|58
|player|p2|ShirubaRoketto|10
|gametype|singles
|gen|6
|tier|PU
|rated
|seed|60068,59172,123,9478
|rule|Sleep Clause Mod: Limit one foe put to sleep
|rule|Species Clause: Limit one of each Pokémon
|rule|OHKO Clause: OHKO moves are banned
|rule|Moody Clause: Moody is banned
|rule|Evasion Moves Clause: Evasion moves are banned
|rule|Endless Battle Clause: Forcing endless battles is banned
|rule|HP Percentage Mod: HP is shown in percentages
|clearpoke
|poke|p1|Shedinja|item
|poke|p1|Natu, M|item
|poke|p1|Ditto|item
|poke|p1|Vibrava, M|item
|poke|p1|Clefairy, F|item
|poke|p1|Muk, M|item
|poke|p2|Carbink|item
|poke|p2|Marowak, M|item
|poke|p2|Dusclops, M, shiny|item
|poke|p2|Ursaring, M|item
|poke|p2|Mawile, F|item
|poke|p2|Beheeyem, M|item
|rule|Swagger Clause: Swagger is banned
|rule|Baton Pass Clause: Limit one Baton Passer, can't pass Spe and other stats simultaneously
|teampreview
|choice|team 2, team 1, team 3, team 4, team 5, team 6|team 2, team 1, team 3, team 4, team 5, team 6
|
|start
|switch|p1a: Natu|Natu, M|283\/283
|switch|p2a: Marowak|Marowak, M|324\/324
|turn|1
|choice|switch 4|move knockoff
|
|switch|p1a: Vibrava|Vibrava, M|303\/303
|move|p2a: Marowak|Knock Off|p1a: Vibrava
|-damage|p1a: Vibrava|169\/303
|-enditem|p1a: Vibrava|Eviolite|[from] move: Knock Off|[of] p2a: Marowak
|
|upkeep
|turn|2
|choice|move uturn|switch 2
|
|switch|p2a: Carbink|Carbink|304\/304
|move|p1a: Vibrava|U-turn|p2a: Carbink
|-resisted|p2a: Carbink
|-damage|p2a: Carbink|292\/304
|choice|switch 4|
|
|switch|p1a: Natu|Natu, M|283\/283
|
|upkeep
|turn|3
|choice|move thunderwave|move trickroom
|
|move|p1a: Natu|Thunder Wave|p2a: Carbink
|-status|p2a: Carbink|par
|cant|p2a: Carbink|par
|
|upkeep
|turn|4
|choice|move psychic|move trickroom
|
|move|p1a: Natu|Psychic|p2a: Carbink
|-damage|p2a: Carbink|238\/304 par
|move|p2a: Carbink|Trick Room|p2a: Carbink
|-fieldstart|move: Trick Room|[of] p2a: Carbink
|
|upkeep
|turn|5
|choice|move psychic|switch 2
|
|switch|p2a: Marowak|Marowak, M|324\/324
|move|p1a: Natu|Psychic|p2a: Marowak
|-damage|p2a: Marowak|227\/324
|
|upkeep
|turn|6
|choice|switch 4|move knockoff
|
|switch|p1a: Vibrava|Vibrava, M|169\/303
|move|p2a: Marowak|Knock Off|p1a: Vibrava
|-damage|p1a: Vibrava|46\/303
|
|upkeep
|turn|7
|choice|move earthquake|move knockoff
|
|move|p2a: Marowak|Knock Off|p1a: Vibrava
|-damage|p1a: Vibrava|0 fnt
|faint|p1a: Vibrava
|
|upkeep
|choice|switch 5|
|
|switch|p1a: Clefairy|Clefairy, F|344\/344
|turn|8
|choice|move moonblast|switch 5
|
|switch|p2a: Mawile|Mawile, F|304\/304
|move|p1a: Clefairy|Moonblast|p2a: Mawile
|-resisted|p2a: Mawile
|-crit|p2a: Mawile
|-damage|p2a: Mawile|213\/304
|
|-fieldend|move: Trick Room
|upkeep
|turn|9
|choice|switch 2|switch 2
|
|switch|p1a: Shedinja|Shedinja|1\/1
|switch|p2a: Carbink|Carbink|238\/304 par
|
|upkeep
|turn|10
|choice|switch 4|switch 5
|
|switch|p1a: Natu|Natu, M|283\/283
|switch|p2a: Marowak|Marowak, M|227\/324
|
|upkeep
|turn|11
|choice|move psychic|move knockoff
|
|move|p1a: Natu|Psychic|p2a: Marowak
|-damage|p2a: Marowak|140\/324
|move|p2a: Marowak|Knock Off|p1a: Natu
|-supereffective|p1a: Natu
|-damage|p1a: Natu|0 fnt
|-enditem|p1a: Natu|Eviolite|[from] move: Knock Off|[of] p2a: Marowak
|faint|p1a: Natu
|
|upkeep
|c|☆ShuckleDeath|tfw my team loses to marowak
|choice|switch 3|
|
|switch|p1a: Ditto|Ditto|300\/300
|-transform|p1a: Ditto|p2a: Marowak|[from] ability: Imposter
|turn|12
|choice|move earthquake|switch 5
|
|switch|p2a: Carbink|Carbink|238\/304 par
|move|p1a: Ditto|Earthquake|p2a: Carbink
|-supereffective|p2a: Carbink
|-damage|p2a: Carbink|82\/304 par
|
|upkeep
|turn|13
|choice|move earthquake|switch 3
|
|switch|p2a: Dusclops|Dusclops, M, shiny|284\/284
|-item|p1a: Ditto|Choice Scarf|[from] ability: Frisk|[of] p2a: Dusclops|[identify]
|move|p1a: Ditto|Earthquake|p2a: Dusclops
|-damage|p2a: Dusclops|226\/284
|
|upkeep
|turn|14
|choice|switch 2|move willowisp
|
|switch|p1a: Clefairy|Clefairy, F|344\/344
|move|p2a: Dusclops|Will-O-Wisp|p1a: Clefairy
|-status|p1a: Clefairy|brn
|
|upkeep
|turn|15
|choice|move stealthrock|switch 2
|
|switch|p2a: Mawile|Mawile, F|213\/304
|move|p1a: Clefairy|Stealth Rock|p2a: Mawile
|-sidestart|p2: ShirubaRoketto|move: Stealth Rock
|
|upkeep
|turn|16
|choice|switch 2|move ironhead
|
|switch|p1a: Ditto|Ditto|300\/300
|-transform|p1a: Ditto|p2a: Mawile|[from] ability: Imposter
|move|p2a: Mawile|Iron Head|p1a: Ditto
|-damage|p1a: Ditto|66\/300
|
|upkeep
|turn|17
|choice|move ironhead|move suckerpunch
|
|move|p2a: Mawile|Sucker Punch|p1a: Ditto
|-resisted|p1a: Ditto
|-damage|p1a: Ditto|9\/300
|-damage|p2a: Mawile|183\/304|[from] item: Life Orb
|move|p1a: Ditto|Iron Head|p2a: Mawile
|-damage|p2a: Mawile|0 fnt
|faint|p2a: Mawile
|
|upkeep
|choice||switch 2
|
|switch|p2a: Dusclops|Dusclops, M, shiny|226\/284
|-damage|p2a: Dusclops|191\/284|[from] Stealth Rock
|-item|p1a: Ditto|Choice Scarf|[from] ability: Frisk|[of] p2a: Dusclops|[identify]
|turn|18
|choice|move ironhead|move nightshade
|
|move|p1a: Ditto|Iron Head|p2a: Dusclops
|-damage|p2a: Dusclops|131\/284
|move|p2a: Dusclops|Night Shade|p1a: Ditto
|-damage|p1a: Ditto|0 fnt
|faint|p1a: Ditto
|
|upkeep
|choice|switch 4|
|
|switch|p1a: Shedinja|Shedinja|1\/1
|turn|19
|choice|move shadowsneak|move willowisp
|
|move|p1a: Shedinja|Shadow Sneak|p2a: Dusclops
|-supereffective|p2a: Dusclops
|-damage|p2a: Dusclops|83\/284
|move|p2a: Dusclops|Will-O-Wisp|p1a: Shedinja|[miss]
|-miss|p2a: Dusclops|p1a: Shedinja
|
|upkeep
|turn|20
|choice|move shadowsneak|move trickroom
|
|move|p1a: Shedinja|Shadow Sneak|p2a: Dusclops
|-supereffective|p2a: Dusclops
|-damage|p2a: Dusclops|33\/284
|move|p2a: Dusclops|Trick Room|p2a: Dusclops
|-fieldstart|move: Trick Room|[of] p2a: Dusclops
|
|upkeep
|turn|21
|choice|move shadowsneak|move willowisp
|
|move|p1a: Shedinja|Shadow Sneak|p2a: Dusclops
|-supereffective|p2a: Dusclops
|-damage|p2a: Dusclops|0 fnt
|faint|p2a: Dusclops
|
|upkeep
|j|quagsgone
|choice||switch 4
|
|switch|p2a: Ursaring|Ursaring, M|384\/384
|-damage|p2a: Ursaring|336\/384|[from] Stealth Rock
|turn|22
|choice|switch 2|move crunch
|
|switch|p1a: Clefairy|Clefairy, F|344\/344 brn
|move|p2a: Ursaring|Crunch|p1a: Clefairy
|-resisted|p1a: Clefairy
|-damage|p1a: Clefairy|283\/344 brn
|-unboost|p1a: Clefairy|def|1
|
|-status|p2a: Ursaring|brn|[from] item: Flame Orb
|upkeep
|turn|23
|choice|switch 2|move facade
|
|switch|p1a: Shedinja|Shedinja|1\/1
|move|p2a: Ursaring|Facade|p1a: Shedinja
|-immune|p1a: Shedinja|[msg]
|
|-damage|p2a: Ursaring|288\/384 brn|[from] brn
|upkeep
|turn|24
|choice|switch 2|move facade
|
|switch|p1a: Clefairy|Clefairy, F|283\/344 brn
|move|p2a: Ursaring|Facade|p1a: Clefairy
|-damage|p1a: Clefairy|0 fnt
|faint|p1a: Clefairy
|
|-damage|p2a: Ursaring|240\/384 brn|[from] brn
|-fieldend|move: Trick Room
|upkeep
|c| quagsgone|sheddy<3
|c|☆ShuckleDeath|this team autoloses
|c|☆ShuckleDeath|to everything lol
|c| quagsgone|loool
|choice|switch 2|
|
|switch|p1a: Shedinja|Shedinja|1\/1
|turn|25
|choice|move xscissor|move crunch
|
|move|p1a: Shedinja|X-Scissor|p2a: Ursaring
|-damage|p2a: Ursaring|84\/384 brn
|move|p2a: Ursaring|Crunch|p1a: Shedinja
|-supereffective|p1a: Shedinja
|-enditem|p1a: Shedinja|Focus Sash
|-damage|p1a: Shedinja|1\/1
|
|-damage|p2a: Ursaring|36\/384 brn|[from] brn
|upkeep
|turn|26
|choice|move xscissor|move crunch
|
|move|p1a: Shedinja|X-Scissor|p2a: Ursaring
|-damage|p2a: Ursaring|0 fnt
|faint|p2a: Ursaring
|
|upkeep
|choice||switch 3
|
|switch|p2a: Carbink|Carbink|82\/304 par
|-damage|p2a: Carbink|44\/304 par|[from] Stealth Rock
|turn|27
|choice|move xscissor|move trickroom
|
|move|p1a: Shedinja|X-Scissor|p2a: Carbink
|-resisted|p2a: Carbink
|-damage|p2a: Carbink|12\/304 par
|move|p2a: Carbink|Trick Room|p2a: Carbink
|-fieldstart|move: Trick Room|[of] p2a: Carbink
|
|upkeep
|turn|28
|choice|move xscissor|move explosion
|
|cant|p2a: Carbink|par
|move|p1a: Shedinja|X-Scissor|p2a: Carbink
|-resisted|p2a: Carbink
|-damage|p2a: Carbink|0 fnt
|faint|p2a: Carbink
|
|upkeep
|choice||switch 5
|
|switch|p2a: Marowak|Marowak, M|140\/324
|-damage|p2a: Marowak|120\/324|[from] Stealth Rock
|turn|29
|choice|switch 6|move knockoff
|
|switch|p1a: Muk|Muk, M|414\/414
|move|p2a: Marowak|Knock Off|p1a: Muk
|-damage|p1a: Muk|174\/414
|-activate|p1a: Muk|ability: Sticky Hold
|
|-heal|p1a: Muk|199\/414|[from] item: Black Sludge
|upkeep
|turn|30
|choice|move poisonjab|move knockoff
|
|move|p2a: Marowak|Knock Off|p1a: Muk
|-damage|p1a: Muk|0 fnt
|-enditem|p1a: Muk|Black Sludge|[from] move: Knock Off|[of] p2a: Marowak
|faint|p1a: Muk
|
|upkeep
|choice|switch 6|
|
|switch|p1a: Shedinja|Shedinja|1\/1
|turn|31
|choice|move shadowsneak|move knockoff
|
|move|p1a: Shedinja|Shadow Sneak|p2a: Marowak
|-damage|p2a: Marowak|62\/324
|move|p2a: Marowak|Knock Off|p1a: Shedinja
|-supereffective|p1a: Shedinja
|-damage|p1a: Shedinja|0 fnt
|faint|p1a: Shedinja
|
|win|ShirubaRoketto
|c|☆ShuckleDeath|gg
|raw|ShuckleDeath's rating: 1471 &rarr; <strong>1454<\/strong><br \/>(-17 for losing)
|raw|ShirubaRoketto's rating: 1517 &rarr; <strong>1535<\/strong><br \/>(+18 for winning)
|c|☆ShirubaRoketto|gg
|l|ShuckleDeath
|l|quagsgone</script>
</div>
<div class="battle-log battle-log-inline"><div class="inner"><div class="battle-options"></div><div class="inner"><div class="chat"><small>ShuckleDeath joined.</small></div><div class="chat"><small>ShirubaRoketto joined.</small></div><div class=""><small>Format:</small> <br><strong>PU</strong></div><div class="rated"><strong>Rated battle</strong></div><div class=""><small><em>Sleep Clause Mod:</em> Limit one foe put to sleep</small></div><div class=""><small><em>Species Clause:</em> Limit one of each Pokémon</small></div><div class=""><small><em>OHKO Clause:</em> OHKO moves are banned</small></div><div class=""><small><em>Moody Clause:</em> Moody is banned</small></div><div class=""><small><em>Evasion Moves Clause:</em> Evasion moves are banned</small></div><div class=""><small><em>Endless Battle Clause:</em> Forcing endless battles is banned</small></div><div class=""><small><em>HP Percentage Mod:</em> HP is shown in percentages</small></div><div class=""><small><em>Swagger Clause:</em> Swagger is banned</small></div><div class=""><small><em>Baton Pass Clause:</em> Limit one Baton Passer, can't pass Spe and other stats simultaneously</small></div><div class="chat battle-history"><strong>ShuckleDeath's team:</strong> <em style="color:#445566;display:block;">Shedinja / Natu / Ditto / Vibrava / Clefairy / Muk</em></div><div class="chat battle-history"><strong>ShirubaRoketto's team:</strong> <em style="color:#445566;display:block;">Carbink / Marowak / Dusclops / Ursaring / Mawile / Beheeyem</em></div><div class="spacer battle-history"><br></div><div class="battle-history">Battle started between ShuckleDeath and ShirubaRoketto!<br></div><div class="spacer battle-history"><br></div><div class="battle-history">Go! <strong>Natu</strong>!<br></div><div class="spacer battle-history"><br></div><div class="battle-history">ShirubaRoketto sent out <strong>Marowak</strong>!<br></div><div class="spacer battle-history"><br></div><h2 class="battle-history">Turn 1</h2><div class="spacer battle-history"><br></div><div class="battle-history">Natu, come back!<br></div><div class="battle-history">Go! <strong>Vibrava</strong>!<br></div><div class="spacer battle-history"><br></div><div class="battle-history">The opposing Marowak used <strong>Knock Off</strong>!<br></div><div class="battle-history"><small>(Vibrava lost <abbr title="−134/303">44.2%</abbr> of its health!)</small><br></div><div class="battle-history"><small>The opposing Marowak knocked off Vibrava's Eviolite!</small><br></div><div class="spacer battle-history"><br></div><h2 class="battle-history">Turn 2</h2><div class="spacer battle-history"><br></div><div class="battle-history">ShirubaRoketto withdrew Marowak!<br></div><div class="battle-history">ShirubaRoketto sent out <strong>Carbink</strong>!<br></div><div class="spacer battle-history"><br></div><div class="battle-history">Vibrava used <strong>U-turn</strong>!<br></div><div class="battle-history"><small>It's not very effective...</small><br></div><div class="battle-history"><small>(The opposing Carbink lost <abbr title="−12/304">3.9%</abbr> of its health!)</small><br></div><div class="spacer battle-history"><br></div><div class="battle-history">Vibrava went back to ShuckleDeath!<br></div><div class="battle-history">Go! <strong>Natu</strong>!<br></div><div class="spacer battle-history"><br></div><h2 class="battle-history">Turn 3</h2><div class="spacer battle-history"><br></div><div class="battle-history">Natu used <strong>Thunder Wave</strong>!<br></div><div class="battle-history"><small>The opposing Carbink is paralyzed! It may be unable to move!</small><br></div><div class="spacer battle-history"><br></div><div class="battle-history">The opposing Carbink is paralyzed! It can't move!<br></div><div class="spacer battle-history"><br></div><h2 class="battle-history">Turn 4</h2><div class="spacer battle-history"><br></div><div class="battle-history">Natu used <strong>Psychic</strong>!<br></div><div class="battle-history"><small>(The opposing Carbink lost <abbr title="−54/304">17.8%</abbr> of its health!)</small><br></div><div class="spacer battle-history"><br></div><div class="battle-history">The opposing Carbink used <strong>Trick Room</strong>!<br></div><div class="battle-history"><small>The opposing Carbink twisted the dimensions!</small><br></div><div class="spacer battle-history"><br></div><h2 class="battle-history">Turn 5</h2><div class="spacer battle-history"><br></div><div class="battle-history">ShirubaRoketto withdrew Carbink!<br></div><div class="battle-history">ShirubaRoketto sent out <strong>Marowak</strong>!<br></div><div class="spacer battle-history"><br></div><div class="battle-history">Natu used <strong>Psychic</strong>!<br></div><div class="battle-history"><small>(The opposing Marowak lost <abbr title="−97/324">29.9%</abbr> of its health!)</small><br></div><div class="spacer battle-history"><br></div><h2 class="battle-history">Turn 6</h2><div class="spacer battle-history"><br></div><div class="battle-history">Natu, come back!<br></div><div class="battle-history">Go! <strong>Vibrava</strong>!<br></div><div class="spacer battle-history"><br></div><div class="battle-history">The opposing Marowak used <strong>Knock Off</strong>!<br></div><div class="battle-history"><small>(Vibrava lost <abbr title="−123/303">40.6%</abbr> of its health!)</small><br></div><div class="spacer battle-history"><br></div><h2 class="battle-history">Turn 7</h2><div class="spacer battle-history"><br></div><div class="battle-history">The opposing Marowak used <strong>Knock Off</strong>!<br></div><div class="battle-history"><small>(Vibrava lost <abbr title="−46/303">15.2%</abbr> of its health!)</small><br></div><div class="spacer battle-history"><br></div><div class="battle-history">Vibrava fainted!<br></div><div class="spacer battle-history"><br></div><div class="battle-history">Go! <strong>Clefairy</strong>!<br></div><div class="spacer battle-history"><br></div><h2 class="battle-history">Turn 8</h2><div class="spacer battle-history"><br></div><div class="battle-history">ShirubaRoketto withdrew Marowak!<br></div><div class="battle-history">ShirubaRoketto sent out <strong>Mawile</strong>!<br></div><div class="spacer battle-history"><br></div><div class="battle-history">Clefairy used <strong>Moonblast</strong>!<br></div><div class="battle-history"><small>It's not very effective...</small><br></div><div class="battle-history"><small>A critical hit!</small><br></div><div class="battle-history"><small>(The opposing Mawile lost <abbr title="−91/304">29.9%</abbr> of its health!)</small><br></div><div class="spacer battle-history"><br></div><div class="battle-history"><small>The twisted dimensions returned to normal!</small><br></div><div class="spacer battle-history"><br></div><h2 class="battle-history">Turn 9</h2><div class="spacer battle-history"><br></div><div class="battle-history">Clefairy, come back!<br></div><div class="battle-history">Go! <strong>Shedinja</strong>!<br></div><div class="spacer battle-history"><br></div><div class="battle-history">ShirubaRoketto withdrew Mawile!<br></div><div class="battle-history">ShirubaRoketto sent out <strong>Carbink</strong>!<br></div><div class="spacer battle-history"><br></div><h2 class="battle-history">Turn 10</h2><div class="spacer battle-history"><br></div><div class="battle-history">Shedinja, come back!<br></div><div class="battle-history">Go! <strong>Natu</strong>!<br></div><div class="spacer battle-history"><br></div><div class="battle-history">ShirubaRoketto withdrew Carbink!<br></div><div class="battle-history">ShirubaRoketto sent out <strong>Marowak</strong>!<br></div><div class="spacer battle-history"><br></div><h2 class="battle-history">Turn 11</h2><div class="spacer battle-history"><br></div><div class="battle-history">Natu used <strong>Psychic</strong>!<br></div><div class="battle-history"><small>(The opposing Marowak lost <abbr title="−87/324">26.9%</abbr> of its health!)</small><br></div><div class="spacer battle-history"><br></div><div class="battle-history">The opposing Marowak used <strong>Knock Off</strong>!<br></div><div class="battle-history"><small>It's super effective!</small><br></div><div class="battle-history"><small>(Natu lost <abbr title="−283/283">100%</abbr> of its health!)</small><br></div><div class="battle-history"><small>The opposing Marowak knocked off Natu's Eviolite!</small><br></div><div class="spacer battle-history"><br></div><div class="battle-history">Natu fainted!<br></div><div class="chat chatmessage-shuckledeath"><strong style="color:hsl(351,56%,48.145736073283295%)"><small>☆</small><span class="username" data-name="ShuckleDeath">ShuckleDeath</span>:</strong> <em>tfw my team loses to marowak</em></div><div class="spacer battle-history"><br></div><div class="battle-history">Go! <strong>Ditto</strong>!<br></div><div class="battle-history"><small>[Ditto's Imposter]</small><br>Ditto transformed into Marowak!<br></div><div class="spacer battle-history"><br></div><h2 class="battle-history">Turn 12</h2><div class="spacer battle-history"><br></div><div class="battle-history">ShirubaRoketto withdrew Marowak!<br></div><div class="battle-history">ShirubaRoketto sent out <strong>Carbink</strong>!<br></div><div class="spacer battle-history"><br></div><div class="battle-history">Ditto used <strong>Earthquake</strong>!<br></div><div class="battle-history"><small>It's super effective!</small><br></div><div class="battle-history"><small>(The opposing Carbink lost <abbr title="−156/304">51.3%</abbr> of its health!)</small><br></div><div class="spacer battle-history"><br></div><h2 class="battle-history">Turn 13</h2><div class="spacer battle-history"><br></div><div class="battle-history">ShirubaRoketto withdrew Carbink!<br></div><div class="battle-history">ShirubaRoketto sent out <strong>Dusclops</strong>!<br></div><div class="battle-history"><small>[The opposing Dusclops's Frisk]</small><br><small>The opposing Dusclops frisked Ditto and found its Choice Scarf!</small><br></div><div class="spacer battle-history"><br></div><div class="battle-history">Ditto used <strong>Earthquake</strong>!<br></div><div class="battle-history"><small>(The opposing Dusclops lost <abbr title="−58/284">20.4%</abbr> of its health!)</small><br></div><div class="spacer battle-history"><br></div><h2 class="battle-history">Turn 14</h2><div class="spacer battle-history"><br></div><div class="battle-history">Ditto, come back!<br></div><div class="battle-history">Go! <strong>Clefairy</strong>!<br></div><div class="spacer battle-history"><br></div><div class="battle-history">The opposing Dusclops used <strong>Will-O-Wisp</strong>!<br></div><div class="battle-history"><small>Clefairy was burned!</small><br></div><div class="spacer battle-history"><br></div><h2 class="battle-history">Turn 15</h2><div class="spacer battle-history"><br></div><div class="battle-history">ShirubaRoketto withdrew Dusclops!<br></div><div class="battle-history">ShirubaRoketto sent out <strong>Mawile</strong>!<br></div><div class="spacer battle-history"><br></div><div class="battle-history">Clefairy used <strong>Stealth Rock</strong>!<br></div><div class="battle-history"><small>Pointed stones float in the air around the opposing team!</small><br></div><div class="spacer battle-history"><br></div><h2 class="battle-history">Turn 16</h2><div class="spacer battle-history"><br></div><div class="battle-history">Clefairy, come back!<br></div><div class="battle-history">Go! <strong>Ditto</strong>!<br></div><div class="battle-history"><small>[Ditto's Imposter]</small><br>Ditto transformed into Mawile!<br></div><div class="spacer battle-history"><br></div><div class="battle-history">The opposing Mawile used <strong>Iron Head</strong>!<br></div><div class="battle-history"><small>(Ditto lost <abbr title="−234/300">78%</abbr> of its health!)</small><br></div><div class="spacer battle-history"><br></div><h2 class="battle-history">Turn 17</h2><div class="spacer battle-history"><br></div><div class="battle-history">The opposing Mawile used <strong>Sucker Punch</strong>!<br></div><div class="battle-history"><small>It's not very effective...</small><br></div><div class="battle-history"><small>(Ditto lost <abbr title="−57/300">19%</abbr> of its health!)</small><br></div><div class="battle-history"><small>The opposing Mawile lost some of its HP!</small><br></div><div class="spacer battle-history"><br></div><div class="battle-history">Ditto used <strong>Iron Head</strong>!<br></div><div class="battle-history"><small>(The opposing Mawile lost <abbr title="−183/304">60.2%</abbr> of its health!)</small><br></div><div class="spacer battle-history"><br></div><div class="battle-history">The opposing Mawile fainted!<br></div><div class="spacer battle-history"><br></div><div class="battle-history">ShirubaRoketto sent out <strong>Dusclops</strong>!<br></div><div class="battle-history"><small>Pointed stones dug into the opposing Dusclops!</small><br></div><div class="battle-history"><small>[The opposing Dusclops's Frisk]</small><br><small>The opposing Dusclops frisked Ditto and found its Choice Scarf!</small><br></div><div class="spacer battle-history"><br></div><h2 class="battle-history">Turn 18</h2><div class="spacer battle-history"><br></div><div class="battle-history">Ditto used <strong>Iron Head</strong>!<br></div><div class="battle-history"><small>(The opposing Dusclops lost <abbr title="−60/284">21.1%</abbr> of its health!)</small><br></div><div class="spacer battle-history"><br></div><div class="battle-history">The opposing Dusclops used <strong>Night Shade</strong>!<br></div><div class="battle-history"><small>(Ditto lost <abbr title="−9/300">3%</abbr> of its health!)</small><br></div><div class="spacer battle-history"><br></div><div class="battle-history">Ditto fainted!<br></div><div class="spacer battle-history"><br></div><div class="battle-history">Go! <strong>Shedinja</strong>!<br></div><div class="spacer battle-history"><br></div><h2 class="battle-history">Turn 19</h2><div class="spacer battle-history"><br></div><div class="battle-history">Shedinja used <strong>Shadow Sneak</strong>!<br></div><div class="battle-history"><small>It's super effective!</small><br></div><div class="battle-history"><small>(The opposing Dusclops lost <abbr title="−48/284">16.9%</abbr> of its health!)</small><br></div><div class="spacer battle-history"><br></div><div class="battle-history">The opposing Dusclops used <strong>Will-O-Wisp</strong>!<br></div><div class="battle-history"><small>Shedinja avoided the attack!</small><br></div><div class="spacer battle-history"><br></div><h2 class="battle-history">Turn 20</h2><div class="spacer battle-history"><br></div><div class="battle-history">Shedinja used <strong>Shadow Sneak</strong>!<br></div><div class="battle-history"><small>It's super effective!</small><br></div><div class="battle-history"><small>(The opposing Dusclops lost <abbr title="−50/284">17.6%</abbr> of its health!)</small><br></div><div class="spacer battle-history"><br></div><div class="battle-history">The opposing Dusclops used <strong>Trick Room</strong>!<br></div><div class="battle-history"><small>The opposing Dusclops twisted the dimensions!</small><br></div><div class="spacer battle-history"><br></div><h2 class="battle-history">Turn 21</h2><div class="spacer battle-history"><br></div><div class="battle-history">Shedinja used <strong>Shadow Sneak</strong>!<br></div><div class="battle-history"><small>It's super effective!</small><br></div><div class="battle-history"><small>(The opposing Dusclops lost <abbr title="−33/284">11.6%</abbr> of its health!)</small><br></div><div class="spacer battle-history"><br></div><div class="battle-history">The opposing Dusclops fainted!<br></div><div class="chat"><small>quagsgone joined.</small></div><div class="spacer battle-history"><br></div><div class="battle-history">ShirubaRoketto sent out <strong>Ursaring</strong>!<br></div><div class="battle-history"><small>Pointed stones dug into the opposing Ursaring!</small><br></div><div class="spacer battle-history"><br></div><h2 class="battle-history">Turn 22</h2><div class="spacer battle-history"><br></div><div class="battle-history">Shedinja, come back!<br></div><div class="battle-history">Go! <strong>Clefairy</strong>!<br></div><div class="spacer battle-history"><br></div><div class="battle-history">The opposing Ursaring used <strong>Crunch</strong>!<br></div><div class="battle-history"><small>It's not very effective...</small><br></div><div class="battle-history"><small>(Clefairy lost <abbr title="−61/344">17.7%</abbr> of its health!)</small><br></div><div class="battle-history"><small>Clefairy's Defense fell!</small><br></div><div class="spacer battle-history"><br></div><div class="battle-history"><small>The opposing Ursaring was burned!</small><br></div><div class="spacer battle-history"><br></div><h2 class="battle-history">Turn 23</h2><div class="spacer battle-history"><br></div><div class="battle-history">Clefairy, come back!<br></div><div class="battle-history">Go! <strong>Shedinja</strong>!<br></div><div class="spacer battle-history"><br></div><div class="battle-history">The opposing Ursaring used <strong>Facade</strong>!<br></div><div class="battle-history"><small>It doesn't affect Shedinja...</small><br></div><div class="spacer battle-history"><br></div><div class="battle-history"><small>The opposing Ursaring was hurt by its burn!</small><br></div><div class="spacer battle-history"><br></div><h2 class="battle-history">Turn 24</h2><div class="spacer battle-history"><br></div><div class="battle-history">Shedinja, come back!<br></div><div class="battle-history">Go! <strong>Clefairy</strong>!<br></div><div class="spacer battle-history"><br></div><div class="battle-history">The opposing Ursaring used <strong>Facade</strong>!<br></div><div class="battle-history"><small>(Clefairy lost <abbr title="−283/344">82.3%</abbr> of its health!)</small><br></div><div class="spacer battle-history"><br></div><div class="battle-history">Clefairy fainted!<br></div><div class="spacer battle-history"><br></div><div class="battle-history"><small>The opposing Ursaring was hurt by its burn!</small><br></div><div class="battle-history"><small>The twisted dimensions returned to normal!</small><br></div><div class="chat chatmessage-quagsgone"><strong style="color:hsl(283,77%,45.76726876648347%)"><small> </small><span class="username" data-name="quagsgone">quagsgone</span>:</strong> <em>sheddy&lt;3</em></div><div class="chat chatmessage-shuckledeath"><strong style="color:hsl(351,56%,48.145736073283295%)"><small>☆</small><span class="username" data-name="ShuckleDeath">ShuckleDeath</span>:</strong> <em>this team autoloses</em></div><div class="chat chatmessage-shuckledeath"><strong style="color:hsl(351,56%,48.145736073283295%)"><small>☆</small><span class="username" data-name="ShuckleDeath">ShuckleDeath</span>:</strong> <em>to everything lol</em></div><div class="chat chatmessage-quagsgone"><strong style="color:hsl(283,77%,45.76726876648347%)"><small> </small><span class="username" data-name="quagsgone">quagsgone</span>:</strong> <em>loool</em></div><div class="spacer battle-history"><br></div><div class="battle-history">Go! <strong>Shedinja</strong>!<br></div><div class="spacer battle-history"><br></div><h2 class="battle-history">Turn 25</h2><div class="spacer battle-history"><br></div><div class="battle-history">Shedinja used <strong>X-Scissor</strong>!<br></div><div class="battle-history"><small>(The opposing Ursaring lost <abbr title="−156/384">40.6%</abbr> of its health!)</small><br></div><div class="spacer battle-history"><br></div><div class="battle-history">The opposing Ursaring used <strong>Crunch</strong>!<br></div><div class="battle-history"><small>It's super effective!</small><br></div><div class="battle-history"><small>Shedinja hung on using its Focus Sash!</small><br></div><div class="battle-history"><small>(Shedinja lost <abbr title="0/1">0%</abbr> of its health!)</small><br></div><div class="spacer battle-history"><br></div><div class="battle-history"><small>The opposing Ursaring was hurt by its burn!</small><br></div><div class="spacer battle-history"><br></div><h2 class="battle-history">Turn 26</h2><div class="spacer battle-history"><br></div><div class="battle-history">Shedinja used <strong>X-Scissor</strong>!<br></div><div class="battle-history"><small>(The opposing Ursaring lost <abbr title="−36/384">9.4%</abbr> of its health!)</small><br></div><div class="spacer battle-history"><br></div><div class="battle-history">The opposing Ursaring fainted!<br></div><div class="spacer battle-history"><br></div><div class="battle-history">ShirubaRoketto sent out <strong>Carbink</strong>!<br></div><div class="battle-history"><small>Pointed stones dug into the opposing Carbink!</small><br></div><div class="spacer battle-history"><br></div><h2 class="battle-history">Turn 27</h2><div class="spacer battle-history"><br></div><div class="battle-history">Shedinja used <strong>X-Scissor</strong>!<br></div><div class="battle-history"><small>It's not very effective...</small><br></div><div class="battle-history"><small>(The opposing Carbink lost <abbr title="−32/304">10.5%</abbr> of its health!)</small><br></div><div class="spacer battle-history"><br></div><div class="battle-history">The opposing Carbink used <strong>Trick Room</strong>!<br></div><div class="battle-history"><small>The opposing Carbink twisted the dimensions!</small><br></div><div class="spacer battle-history"><br></div><h2 class="battle-history">Turn 28</h2><div class="spacer battle-history"><br></div><div class="battle-history">The opposing Carbink is paralyzed! It can't move!<br></div><div class="spacer battle-history"><br></div><div class="battle-history">Shedinja used <strong>X-Scissor</strong>!<br></div><div class="battle-history"><small>It's not very effective...</small><br></div><div class="battle-history"><small>(The opposing Carbink lost <abbr title="−12/304">3.9%</abbr> of its health!)</small><br></div><div class="spacer battle-history"><br></div><div class="battle-history">The opposing Carbink fainted!<br></div><div class="spacer battle-history"><br></div><div class="battle-history">ShirubaRoketto sent out <strong>Marowak</strong>!<br></div><div class="battle-history"><small>Pointed stones dug into the opposing Marowak!</small><br></div><div class="spacer battle-history"><br></div><h2 class="battle-history">Turn 29</h2><div class="spacer battle-history"><br></div><div class="battle-history">Shedinja, come back!<br></div><div class="battle-history">Go! <strong>Muk</strong>!<br></div><div class="spacer battle-history"><br></div><div class="battle-history">The opposing Marowak used <strong>Knock Off</strong>!<br></div><div class="battle-history"><small>(Muk lost <abbr title="−240/414">58.0%</abbr> of its health!)</small><br></div><div class="battle-history"><small>[Muk's Sticky Hold]</small><br><small>Muk's item cannot be removed!</small><br></div><div class="spacer battle-history"><br></div><div class="battle-history"><small>Muk restored a little HP using its Black Sludge!</small><br></div><div class="spacer battle-history"><br></div><h2 class="battle-history">Turn 30</h2><div class="spacer battle-history"><br></div><div class="battle-history">The opposing Marowak used <strong>Knock Off</strong>!<br></div><div class="battle-history"><small>(Muk lost <abbr title="−199/414">48.1%</abbr> of its health!)</small><br></div><div class="battle-history"><small>The opposing Marowak knocked off Muk's Black Sludge!</small><br></div><div class="spacer battle-history"><br></div><div class="battle-history">Muk fainted!<br></div><div class="spacer battle-history"><br></div><div class="battle-history">Go! <strong>Shedinja</strong>!<br></div><div class="spacer battle-history"><br></div><h2 class="battle-history">Turn 31</h2><div class="spacer battle-history"><br></div><div class="battle-history">Shedinja used <strong>Shadow Sneak</strong>!<br></div><div class="battle-history"><small>(The opposing Marowak lost <abbr title="−58/324">17.9%</abbr> of its health!)</small><br></div><div class="spacer battle-history"><br></div><div class="battle-history">The opposing Marowak used <strong>Knock Off</strong>!<br></div><div class="battle-history"><small>It's super effective!</small><br></div><div class="battle-history"><small>(Shedinja lost <abbr title="−1/1">100%</abbr> of its health!)</small><br></div><div class="spacer battle-history"><br></div><div class="battle-history">Shedinja fainted!<br></div><div class="spacer battle-history"><br></div><div class="battle-history"><strong>ShirubaRoketto</strong> won the battle!<br></div><div class="chat chatmessage-shuckledeath"><strong style="color:hsl(351,56%,48.145736073283295%)"><small>☆</small><span class="username" data-name="ShuckleDeath">ShuckleDeath</span>:</strong> <em>gg</em></div><div class="chat">ShuckleDeath's rating: 1471 → <strong>1454</strong><br>(-17 for losing)</div><div class="chat">ShirubaRoketto's rating: 1517 → <strong>1535</strong><br>(+18 for winning)</div><div class="chat chatmessage-shirubaroketto"><strong style="color:hsl(300,42%,47.7561934940208%)"><small>☆</small><span class="username" data-name="ShirubaRoketto">ShirubaRoketto</span>:</strong> <em>gg</em></div><div class="chat"><small>ShuckleDeath left.</small></div><div class="chat"><small>quagsgone left.</small></div></div><div class="inner-preempt"></div></div></div>
</div>
<script>
let daily = Math.floor(Date.now()/1000/60/60/24);document.write('<script src="https://play.pokemonshowdown.com/js/replay-embed.js?version'+daily+'"></'+'script>');
</script>
