<!DOCTYPE html>
<meta charset="utf-8" />
<!-- version 1 -->
<title>PU replay: thewildcrocodile45 vs. The Italian Raichu</title>
<style>
html,body {font-family:Verdana, sans-serif;font-size:10pt;margin:0;padding:0;}body{padding:12px 0;} .battle-log {font-family:Verdana, sans-serif;font-size:10pt;} .battle-log-inline {border:1px solid #AAAAAA;background:#EEF2F5;color:black;max-width:640px;margin:0 auto 80px;padding-bottom:5px;} .battle-log .inner {padding:4px 8px 0px 8px;} .battle-log .inner-preempt {padding:0 8px 4px 8px;} .battle-log .inner-after {margin-top:0.5em;} .battle-log h2 {margin:0.5em -8px;padding:4px 8px;border:1px solid #AAAAAA;background:#E0E7EA;border-left:0;border-right:0;font-family:Verdana, sans-serif;font-size:13pt;} .battle-log .chat {vertical-align:middle;padding:3px 0 3px 0;font-size:8pt;} .battle-log .chat strong {color:#40576A;} .battle-log .chat em {padding:1px 4px 1px 3px;color:#000000;font-style:normal;} .chat.mine {background:rgba(0,0,0,0.05);margin-left:-8px;margin-right:-8px;padding-left:8px;padding-right:8px;} .spoiler {color:#BBBBBB;background:#BBBBBB;padding:0px 3px;} .spoiler:hover, .spoiler:active, .spoiler-shown {color:#000000;background:#E2E2E2;padding:0px 3px;} .spoiler a {color:#BBBBBB;} .spoiler:hover a, .spoiler:active a, .spoiler-shown a {color:#2288CC;} .chat code, .chat .spoiler:hover code, .chat .spoiler:active code, .chat .spoiler-shown code {border:1px solid #C0C0C0;background:#EEEEEE;color:black;padding:0 2px;} .chat .spoiler code {border:1px solid #CCCCCC;background:#CCCCCC;color:#CCCCCC;} .battle-log .rated {padding:3px 4px;} .battle-log .rated strong {color:white;background:#89A;padding:1px 4px;border-radius:4px;} .spacer {margin-top:0.5em;} .message-announce {background:#6688AA;color:white;padding:1px 4px 2px;} .message-announce a, .broadcast-green a, .broadcast-blue a, .broadcast-red a {color:#DDEEFF;} .broadcast-green {background-color:#559955;color:white;padding:2px 4px;} .broadcast-blue {background-color:#6688AA;color:white;padding:2px 4px;} .infobox {border:1px solid #6688AA;padding:2px 4px;} .infobox-limited {max-height:200px;overflow:auto;overflow-x:hidden;} .broadcast-red {background-color:#AA5544;color:white;padding:2px 4px;} .message-learn-canlearn {font-weight:bold;color:#228822;text-decoration:underline;} .message-learn-cannotlearn {font-weight:bold;color:#CC2222;text-decoration:underline;} .message-effect-weak {font-weight:bold;color:#CC2222;} .message-effect-resist {font-weight:bold;color:#6688AA;} .message-effect-immune {font-weight:bold;color:#666666;} .message-learn-list {margin-top:0;margin-bottom:0;} .message-throttle-notice, .message-error {color:#992222;} .message-overflow, .chat small.message-overflow {font-size:0pt;} .message-overflow::before {font-size:9pt;content:'...';} .subtle {color:#3A4A66;}
</style>
<div class="wrapper replay-wrapper" style="max-width:1180px;margin:0 auto">
<input type="hidden" name="replayid" value="pu-558594892" />
<div class="battle"></div><div class="battle-log"></div><div class="replay-controls"></div><div class="replay-controls-2"></div>
<h1 style="font-weight:normal;text-align:center"><strong>PU</strong><br /><a href="http://pokemonshowdown.com/users/thewildcrocodile45" class="subtle" target="_blank">thewildcrocodile45</a> vs. <a href="http://pokemonshowdown.com/users/theitalianraichu" class="subtle" target="_blank">The Italian Raichu</a></h1>
<script type="text/plain" class="battle-log-data">|j|thewildcrocodile45
|j|The Italian Raichu
|player|p1|thewildcrocodile45|73
|player|p2|The Italian Raichu|239
|gametype|singles
|gen|6
|tier|PU
|rated
|seed|41319,27509,184,49673
|rule|Sleep Clause Mod: Limit one foe put to sleep
|rule|Species Clause: Limit one of each Pokémon
|rule|OHKO Clause: OHKO moves are banned
|rule|Moody Clause: Moody is banned
|rule|Evasion Moves Clause: Evasion moves are banned
|rule|Endless Battle Clause: Forcing endless battles is banned
|rule|HP Percentage Mod: HP is shown in percentages
|clearpoke
|poke|p1|Cacturne, F|item
|poke|p1|Lampent, F|item
|poke|p1|Monferno, F|item
|poke|p1|Audino, F|item
|poke|p1|Mr. Mime, F|item
|poke|p1|Golem, F|item
|poke|p2|Wigglytuff, F|item
|poke|p2|Leavanny, F|item
|poke|p2|Luxray, M, shiny|item
|poke|p2|Gigalith, M|item
|poke|p2|Regice|item
|poke|p2|Golduck, M|item
|rule|Swagger Clause: Swagger is banned
|rule|Baton Pass Clause: Limit one Baton Passer, can't pass Spe and other stats simultaneously
|teampreview
|c|☆thewildcrocodile45|hi again
|c|☆The Italian Raichu|hello
|choice|team 5, team 2, team 3, team 4, team 1, team 6|team 2, team 1, team 3, team 4, team 5, team 6
|
|start
|switch|p1a: Mr. Mime|Mr. Mime, F|283\/283
|switch|p2a: Mother|Leavanny, F|291\/291
|turn|1
|choice|move trickroom|move knockoff
|
|move|p2a: Mother|Knock Off|p1a: Mr. Mime
|-damage|p1a: Mr. Mime|136\/283
|-enditem|p1a: Mr. Mime|Life Orb|[from] move: Knock Off|[of] p2a: Mother
|move|p1a: Mr. Mime|Trick Room|p1a: Mr. Mime
|-fieldstart|move: Trick Room|[of] p1a: Mr. Mime
|
|upkeep
|turn|2
|choice|move psychic|move stickyweb
|
|move|p1a: Mr. Mime|Psychic|p2a: Mother
|-damage|p2a: Mother|111\/291
|move|p2a: Mother|Sticky Web|p1a: Mr. Mime
|-sidestart|p1: thewildcrocodile45|move: Sticky Web
|
|upkeep
|turn|3
|choice|move psychic|move xscissor
|
|move|p1a: Mr. Mime|Psychic|p2a: Mother
|-damage|p2a: Mother|0 fnt
|faint|p2a: Mother
|
|upkeep
|choice||switch 3
|
|switch|p2a: Shadow the lion|Luxray, M, shiny|301\/301
|turn|4
|choice|move psychic|move wildcharge
|
|move|p1a: Mr. Mime|Psychic|p2a: Shadow the lion
|-damage|p2a: Shadow the lion|112\/301
|move|p2a: Shadow the lion|Wild Charge|p1a: Mr. Mime
|-damage|p1a: Mr. Mime|0 fnt
|-damage|p2a: Shadow the lion|78\/301|[from] recoil|[of] p1a: Mr. Mime
|faint|p1a: Mr. Mime
|
|-status|p2a: Shadow the lion|tox|[from] item: Toxic Orb
|upkeep
|choice|switch 6|
|
|switch|p1a: Golem|Golem, F|364\/364
|-activate|p1a: Golem|move: Sticky Web
|-unboost|p1a: Golem|spe|1
|turn|5
|choice|move stealthrock|switch 2
|
|switch|p2a: Fluffybun|Wigglytuff, F|484\/484
|move|p1a: Golem|Stealth Rock|p2a: Fluffybun
|-sidestart|p2: The Italian Raichu|move: Stealth Rock
|
|-fieldend|move: Trick Room
|upkeep
|turn|6
|choice|move earthquake|move wish
|
|move|p2a: Fluffybun|Wish|p2a: Fluffybun
|move|p1a: Golem|Earthquake|p2a: Fluffybun
|-damage|p2a: Fluffybun|0 fnt
|-damage|p1a: Golem|328\/364|[from] item: Life Orb
|faint|p2a: Fluffybun
|
|upkeep
|choice||switch 2
|
|switch|p2a: Shadow the lion|Luxray, M, shiny|78\/301 tox
|-damage|p2a: Shadow the lion|41\/301 tox|[from] Stealth Rock
|turn|7
|choice|move fireblast|move superpower
|
|move|p2a: Shadow the lion|Superpower|p1a: Golem
|-supereffective|p1a: Golem
|-damage|p1a: Golem|16\/364
|-unboost|p2a: Shadow the lion|atk|1
|-unboost|p2a: Shadow the lion|def|1
|move|p1a: Golem|Fire Blast|p2a: Shadow the lion
|-damage|p2a: Shadow the lion|0 fnt
|-damage|p1a: Golem|0 fnt|[from] item: Life Orb
|faint|p2a: Shadow the lion
|faint|p1a: Golem
|
|upkeep
|choice|switch 4|switch 4
|
|switch|p1a: Audino|Audino, F|410\/410
|switch|p2a: Crusher|Gigalith, M|374\/374
|-activate|p1a: Audino|move: Sticky Web
|-unboost|p1a: Audino|spe|1
|-damage|p2a: Crusher|328\/374|[from] Stealth Rock
|turn|8
|choice|move trickroom|move stealthrock
|
|move|p2a: Crusher|Stealth Rock|p1a: Audino
|-sidestart|p1: thewildcrocodile45|move: Stealth Rock
|move|p1a: Audino|Trick Room|p1a: Audino
|-fieldstart|move: Trick Room|[of] p1a: Audino
|
|upkeep
|turn|9
|choice|move encore|move stoneedge
|
|move|p1a: Audino|Encore|p2a: Crusher
|-start|p2a: Crusher|Encore
|move|p2a: Crusher|Stealth Rock|p1a: Audino
|-fail|p1a: Audino
|
|upkeep
|turn|10
|choice|switch 5|switch 5
|
|switch|p1a: Cacturne|Cacturne, F|331\/331
|-activate|p1a: Cacturne|move: Sticky Web
|-unboost|p1a: Cacturne|spe|1
|-damage|p1a: Cacturne|290\/331|[from] Stealth Rock
|switch|p2a: Reggie On Ice|Regice|311\/311
|-damage|p2a: Reggie On Ice|234\/311|[from] Stealth Rock
|
|upkeep
|turn|11
|choice|move superpower|move rockpolish
|
|move|p1a: Cacturne|Superpower|p2a: Reggie On Ice
|-supereffective|p2a: Reggie On Ice
|-damage|p2a: Reggie On Ice|0 fnt
|-unboost|p1a: Cacturne|atk|1
|-unboost|p1a: Cacturne|def|1
|-damage|p1a: Cacturne|257\/331|[from] item: Life Orb
|faint|p2a: Reggie On Ice
|
|upkeep
|choice||switch 5
|
|switch|p2a: Crusher|Gigalith, M|328\/374
|-damage|p2a: Crusher|282\/374|[from] Stealth Rock
|turn|12
|choice|move energyball|move heavyslam
|
|move|p1a: Cacturne|Energy Ball|p2a: Crusher
|-supereffective|p2a: Crusher
|-damage|p2a: Crusher|0 fnt
|-damage|p1a: Cacturne|224\/331|[from] item: Life Orb
|faint|p2a: Crusher
|
|-fieldend|move: Trick Room
|upkeep
|choice||switch 6
|
|switch|p2a: Kappek|Golduck, M|364\/364
|-damage|p2a: Kappek|319\/364|[from] Stealth Rock
|-ability|p2a: Kappek|Cloud Nine
|turn|13
|choice|switch 3|move icebeam
|
|switch|p1a: Monferno|Monferno, F|269\/269
|-activate|p1a: Monferno|move: Sticky Web
|-unboost|p1a: Monferno|spe|1
|-damage|p1a: Monferno|236\/269|[from] Stealth Rock
|move|p2a: Kappek|Ice Beam|p1a: Monferno
|-resisted|p1a: Monferno
|-damage|p1a: Monferno|183\/269
|
|-heal|p2a: Kappek|341\/364|[from] item: Leftovers
|upkeep
|turn|14
|choice|move machpunch|move scald
|
|move|p1a: Monferno|Mach Punch|p2a: Kappek
|-damage|p2a: Kappek|272\/364
|move|p2a: Kappek|Scald|p1a: Monferno
|-supereffective|p1a: Monferno
|-damage|p1a: Monferno|0 fnt
|faint|p1a: Monferno
|
|-heal|p2a: Kappek|294\/364|[from] item: Leftovers
|upkeep
|choice|switch 5|
|
|switch|p1a: Audino|Audino, F|410\/410
|-activate|p1a: Audino|move: Sticky Web
|-unboost|p1a: Audino|spe|1
|-damage|p1a: Audino|359\/410|[from] Stealth Rock
|turn|15
|choice|move trickroom|move scald
|
|move|p2a: Kappek|Scald|p1a: Audino
|-crit|p1a: Audino
|-damage|p1a: Audino|211\/410
|move|p1a: Audino|Trick Room|p1a: Audino
|-fieldstart|move: Trick Room|[of] p1a: Audino
|
|-heal|p1a: Audino|236\/410|[from] item: Leftovers
|-heal|p2a: Kappek|316\/364|[from] item: Leftovers
|upkeep
|turn|16
|choice|move encore|move icebeam
|
|move|p1a: Audino|Encore|p2a: Kappek
|-start|p2a: Kappek|Encore
|move|p2a: Kappek|Scald|p1a: Audino
|-damage|p1a: Audino|128\/410
|
|-heal|p1a: Audino|153\/410|[from] item: Leftovers
|-heal|p2a: Kappek|338\/364|[from] item: Leftovers
|upkeep
|turn|17
|choice|switch 3|move scald
|
|switch|p1a: Cacturne|Cacturne, F|224\/331
|-activate|p1a: Cacturne|move: Sticky Web
|-unboost|p1a: Cacturne|spe|1
|-damage|p1a: Cacturne|183\/331|[from] Stealth Rock
|move|p2a: Kappek|Scald|p1a: Cacturne
|-heal|p1a: Cacturne|265\/331|[from] ability: Water Absorb|[of] p2a: Kappek
|
|-heal|p2a: Kappek|360\/364|[from] item: Leftovers
|upkeep
|turn|18
|choice|move energyball|move scald
|
|move|p1a: Cacturne|Energy Ball|p2a: Kappek
|-supereffective|p2a: Kappek
|-damage|p2a: Kappek|0 fnt
|-damage|p1a: Cacturne|232\/331|[from] item: Life Orb
|faint|p2a: Kappek
|
|win|thewildcrocodile45
|c|☆thewildcrocodile45|gg
|raw|thewildcrocodile45's rating: 1000 &rarr; <strong>1063<\/strong><br \/>(+63 for winning)
|raw|The Italian Raichu's rating: 1222 &rarr; <strong>1183<\/strong><br \/>(-39 for losing)</script>
</div>
<div class="battle-log battle-log-inline"><div class="inner"><div class="battle-options"></div><div class="inner"><div class="chat"><small>thewildcrocodile45 joined.</small></div><div class="chat"><small>The Italian Raichu joined.</small></div><div class=""><small>Format:</small> <br><strong>PU</strong></div><div class="rated"><strong>Rated battle</strong></div><div class=""><small><em>Sleep Clause Mod:</em> Limit one foe put to sleep</small></div><div class=""><small><em>Species Clause:</em> Limit one of each Pokémon</small></div><div class=""><small><em>OHKO Clause:</em> OHKO moves are banned</small></div><div class=""><small><em>Moody Clause:</em> Moody is banned</small></div><div class=""><small><em>Evasion Moves Clause:</em> Evasion moves are banned</small></div><div class=""><small><em>Endless Battle Clause:</em> Forcing endless battles is banned</small></div><div class=""><small><em>HP Percentage Mod:</em> HP is shown in percentages</small></div><div class=""><small><em>Swagger Clause:</em> Swagger is banned</small></div><div class=""><small><em>Baton Pass Clause:</em> Limit one Baton Passer, can't pass Spe and other stats simultaneously</small></div><div class="chat battle-history"><strong>thewildcrocodile45's team:</strong> <em style="color:#445566;display:block;">Cacturne / Lampent / Monferno / Audino / Mr. Mime / Golem</em></div><div class="chat battle-history"><strong>The Italian Raichu's team:</strong> <em style="color:#445566;display:block;">Wigglytuff / Leavanny / Luxray / Gigalith / Regice / Golduck</em></div><div class="chat chatmessage-thewildcrocodile45"><strong style="color:hsl(50,74%,39.07431031878548%)"><small>☆</small><span class="username" data-name="thewildcrocodile45">thewildcrocodile45</span>:</strong> <em>hi again</em></div><div class="chat chatmessage-theitalianraichu"><strong style="color:hsl(293,50%,50.99176960466285%)"><small>☆</small><span class="username" data-name="The Italian Raichu">The Italian Raichu</span>:</strong> <em>hello</em></div><div class="spacer battle-history"><br></div><div class="battle-history">Battle started between thewildcrocodile45 and The Italian Raichu!<br></div><div class="spacer battle-history"><br></div><div class="battle-history">Go! <strong>Mr. Mime</strong>!<br></div><div class="spacer battle-history"><br></div><div class="battle-history">The Italian Raichu sent out Mother (<strong>Leavanny</strong>)!<br></div><div class="spacer battle-history"><br></div><h2 class="battle-history">Turn 1</h2><div class="spacer battle-history"><br></div><div class="battle-history">The opposing Mother used <strong>Knock Off</strong>!<br></div><div class="battle-history"><small>(Mr. Mime lost <abbr title="−147/283">51.9%</abbr> of its health!)</small><br></div><div class="battle-history"><small>The opposing Mother knocked off Mr. Mime's Life Orb!</small><br></div><div class="spacer battle-history"><br></div><div class="battle-history">Mr. Mime used <strong>Trick Room</strong>!<br></div><div class="battle-history"><small>Mr. Mime twisted the dimensions!</small><br></div><div class="spacer battle-history"><br></div><h2 class="battle-history">Turn 2</h2><div class="spacer battle-history"><br></div><div class="battle-history">Mr. Mime used <strong>Psychic</strong>!<br></div><div class="battle-history"><small>(The opposing Mother lost <abbr title="−180/291">61.9%</abbr> of its health!)</small><br></div><div class="spacer battle-history"><br></div><div class="battle-history">The opposing Mother used <strong>Sticky Web</strong>!<br></div><div class="battle-history"><small>A sticky web spreads out on the ground around your team!</small><br></div><div class="spacer battle-history"><br></div><h2 class="battle-history">Turn 3</h2><div class="spacer battle-history"><br></div><div class="battle-history">Mr. Mime used <strong>Psychic</strong>!<br></div><div class="battle-history"><small>(The opposing Mother lost <abbr title="−111/291">38.1%</abbr> of its health!)</small><br></div><div class="spacer battle-history"><br></div><div class="battle-history">The opposing Mother fainted!<br></div><div class="spacer battle-history"><br></div><div class="battle-history">The Italian Raichu sent out Shadow the lion (<strong>Luxray</strong>)!<br></div><div class="spacer battle-history"><br></div><h2 class="battle-history">Turn 4</h2><div class="spacer battle-history"><br></div><div class="battle-history">Mr. Mime used <strong>Psychic</strong>!<br></div><div class="battle-history"><small>(The opposing Shadow the lion lost <abbr title="−189/301">62.8%</abbr> of its health!)</small><br></div><div class="spacer battle-history"><br></div><div class="battle-history">The opposing Shadow the lion used <strong>Wild Charge</strong>!<br></div><div class="battle-history"><small>(Mr. Mime lost <abbr title="−136/283">48.1%</abbr> of its health!)</small><br></div><div class="battle-history"><small>The opposing Shadow the lion is damaged by the recoil!</small><br></div><div class="spacer battle-history"><br></div><div class="battle-history">Mr. Mime fainted!<br></div><div class="spacer battle-history"><br></div><div class="battle-history"><small>The opposing Shadow the lion was badly poisoned!</small><br></div><div class="spacer battle-history"><br></div><div class="battle-history">Go! <strong>Golem</strong>!<br></div><div class="battle-history"><small>Golem was caught in a sticky web!</small><br></div><div class="battle-history"><small>Golem's Speed fell!</small><br></div><div class="spacer battle-history"><br></div><h2 class="battle-history">Turn 5</h2><div class="spacer battle-history"><br></div><div class="battle-history">The Italian Raichu withdrew Shadow the lion!<br></div><div class="battle-history">The Italian Raichu sent out Fluffybun (<strong>Wigglytuff</strong>)!<br></div><div class="spacer battle-history"><br></div><div class="battle-history">Golem used <strong>Stealth Rock</strong>!<br></div><div class="battle-history"><small>Pointed stones float in the air around the opposing team!</small><br></div><div class="spacer battle-history"><br></div><div class="battle-history"><small>The twisted dimensions returned to normal!</small><br></div><div class="spacer battle-history"><br></div><h2 class="battle-history">Turn 6</h2><div class="spacer battle-history"><br></div><div class="battle-history">The opposing Fluffybun used <strong>Wish</strong>!<br></div><div class="spacer battle-history"><br></div><div class="battle-history">Golem used <strong>Earthquake</strong>!<br></div><div class="battle-history"><small>(The opposing Fluffybun lost <abbr title="−484/484">100%</abbr> of its health!)</small><br></div><div class="battle-history"><small>Golem lost some of its HP!</small><br></div><div class="spacer battle-history"><br></div><div class="battle-history">The opposing Fluffybun fainted!<br></div><div class="spacer battle-history"><br></div><div class="battle-history">The Italian Raichu sent out Shadow the lion (<strong>Luxray</strong>)!<br></div><div class="battle-history"><small>Pointed stones dug into the opposing Shadow the lion!</small><br></div><div class="spacer battle-history"><br></div><h2 class="battle-history">Turn 7</h2><div class="spacer battle-history"><br></div><div class="battle-history">The opposing Shadow the lion used <strong>Superpower</strong>!<br></div><div class="battle-history"><small>It's super effective!</small><br></div><div class="battle-history"><small>(Golem lost <abbr title="−312/364">85.7%</abbr> of its health!)</small><br></div><div class="battle-history"><small>The opposing Shadow the lion's Attack fell!</small><br></div><div class="battle-history"><small>The opposing Shadow the lion's Defense fell!</small><br></div><div class="spacer battle-history"><br></div><div class="battle-history">Golem used <strong>Fire Blast</strong>!<br></div><div class="battle-history"><small>(The opposing Shadow the lion lost <abbr title="−41/301">13.6%</abbr> of its health!)</small><br></div><div class="battle-history"><small>Golem lost some of its HP!</small><br></div><div class="spacer battle-history"><br></div><div class="battle-history">The opposing Shadow the lion fainted!<br></div><div class="battle-history">Golem fainted!<br></div><div class="spacer battle-history"><br></div><div class="battle-history">Go! <strong>Audino</strong>!<br></div><div class="spacer battle-history"><br></div><div class="battle-history">The Italian Raichu sent out Crusher (<strong>Gigalith</strong>)!<br></div><div class="battle-history"><small>Audino was caught in a sticky web!</small><br></div><div class="battle-history"><small>Audino's Speed fell!</small><br></div><div class="battle-history"><small>Pointed stones dug into the opposing Crusher!</small><br></div><div class="spacer battle-history"><br></div><h2 class="battle-history">Turn 8</h2><div class="spacer battle-history"><br></div><div class="battle-history">The opposing Crusher used <strong>Stealth Rock</strong>!<br></div><div class="battle-history"><small>Pointed stones float in the air around your team!</small><br></div><div class="spacer battle-history"><br></div><div class="battle-history">Audino used <strong>Trick Room</strong>!<br></div><div class="battle-history"><small>Audino twisted the dimensions!</small><br></div><div class="spacer battle-history"><br></div><h2 class="battle-history">Turn 9</h2><div class="spacer battle-history"><br></div><div class="battle-history">Audino used <strong>Encore</strong>!<br></div><div class="battle-history"><small>The opposing Crusher received an encore!</small><br></div><div class="spacer battle-history"><br></div><div class="battle-history">The opposing Crusher used <strong>Stealth Rock</strong>!<br></div><div class="battle-history"><small>But it failed!</small><br></div><div class="spacer battle-history"><br></div><h2 class="battle-history">Turn 10</h2><div class="spacer battle-history"><br></div><div class="battle-history">Audino, come back!<br></div><div class="battle-history">Go! <strong>Cacturne</strong>!<br></div><div class="battle-history"><small>Cacturne was caught in a sticky web!</small><br></div><div class="battle-history"><small>Cacturne's Speed fell!</small><br></div><div class="battle-history"><small>Pointed stones dug into Cacturne!</small><br></div><div class="spacer battle-history"><br></div><div class="battle-history">The Italian Raichu withdrew Crusher!<br></div><div class="battle-history">The Italian Raichu sent out Reggie On Ice (<strong>Regice</strong>)!<br></div><div class="battle-history"><small>Pointed stones dug into the opposing Reggie On Ice!</small><br></div><div class="spacer battle-history"><br></div><h2 class="battle-history">Turn 11</h2><div class="spacer battle-history"><br></div><div class="battle-history">Cacturne used <strong>Superpower</strong>!<br></div><div class="battle-history"><small>It's super effective!</small><br></div><div class="battle-history"><small>(The opposing Reggie On Ice lost <abbr title="−234/311">75.2%</abbr> of its health!)</small><br></div><div class="battle-history"><small>Cacturne's Attack fell!</small><br></div><div class="battle-history"><small>Cacturne's Defense fell!</small><br></div><div class="battle-history"><small>Cacturne lost some of its HP!</small><br></div><div class="spacer battle-history"><br></div><div class="battle-history">The opposing Reggie On Ice fainted!<br></div><div class="spacer battle-history"><br></div><div class="battle-history">The Italian Raichu sent out Crusher (<strong>Gigalith</strong>)!<br></div><div class="battle-history"><small>Pointed stones dug into the opposing Crusher!</small><br></div><div class="spacer battle-history"><br></div><h2 class="battle-history">Turn 12</h2><div class="spacer battle-history"><br></div><div class="battle-history">Cacturne used <strong>Energy Ball</strong>!<br></div><div class="battle-history"><small>It's super effective!</small><br></div><div class="battle-history"><small>(The opposing Crusher lost <abbr title="−282/374">75.4%</abbr> of its health!)</small><br></div><div class="battle-history"><small>Cacturne lost some of its HP!</small><br></div><div class="spacer battle-history"><br></div><div class="battle-history">The opposing Crusher fainted!<br></div><div class="spacer battle-history"><br></div><div class="battle-history"><small>The twisted dimensions returned to normal!</small><br></div><div class="spacer battle-history"><br></div><div class="battle-history">The Italian Raichu sent out Kappek (<strong>Golduck</strong>)!<br></div><div class="battle-history"><small>Pointed stones dug into the opposing Kappek!</small><br></div><div class="battle-history"><small>[The opposing Kappek's Cloud Nine]</small><br><small>The effects of the weather disappeared.</small><br></div><div class="spacer battle-history"><br></div><h2 class="battle-history">Turn 13</h2><div class="spacer battle-history"><br></div><div class="battle-history">Cacturne, come back!<br></div><div class="battle-history">Go! <strong>Monferno</strong>!<br></div><div class="battle-history"><small>Monferno was caught in a sticky web!</small><br></div><div class="battle-history"><small>Monferno's Speed fell!</small><br></div><div class="battle-history"><small>Pointed stones dug into Monferno!</small><br></div><div class="spacer battle-history"><br></div><div class="battle-history">The opposing Kappek used <strong>Ice Beam</strong>!<br></div><div class="battle-history"><small>It's not very effective...</small><br></div><div class="battle-history"><small>(Monferno lost <abbr title="−53/269">19.7%</abbr> of its health!)</small><br></div><div class="spacer battle-history"><br></div><div class="battle-history"><small>The opposing Kappek restored a little HP using its Leftovers!</small><br></div><div class="spacer battle-history"><br></div><h2 class="battle-history">Turn 14</h2><div class="spacer battle-history"><br></div><div class="battle-history">Monferno used <strong>Mach Punch</strong>!<br></div><div class="battle-history"><small>(The opposing Kappek lost <abbr title="−69/364">19.0%</abbr> of its health!)</small><br></div><div class="spacer battle-history"><br></div><div class="battle-history">The opposing Kappek used <strong>Scald</strong>!<br></div><div class="battle-history"><small>It's super effective!</small><br></div><div class="battle-history"><small>(Monferno lost <abbr title="−183/269">68.0%</abbr> of its health!)</small><br></div><div class="spacer battle-history"><br></div><div class="battle-history">Monferno fainted!<br></div><div class="spacer battle-history"><br></div><div class="battle-history"><small>The opposing Kappek restored a little HP using its Leftovers!</small><br></div><div class="spacer battle-history"><br></div><div class="battle-history">Go! <strong>Audino</strong>!<br></div><div class="battle-history"><small>Audino was caught in a sticky web!</small><br></div><div class="battle-history"><small>Audino's Speed fell!</small><br></div><div class="battle-history"><small>Pointed stones dug into Audino!</small><br></div><div class="spacer battle-history"><br></div><h2 class="battle-history">Turn 15</h2><div class="spacer battle-history"><br></div><div class="battle-history">The opposing Kappek used <strong>Scald</strong>!<br></div><div class="battle-history"><small>A critical hit!</small><br></div><div class="battle-history"><small>(Audino lost <abbr title="−148/410">36.1%</abbr> of its health!)</small><br></div><div class="spacer battle-history"><br></div><div class="battle-history">Audino used <strong>Trick Room</strong>!<br></div><div class="battle-history"><small>Audino twisted the dimensions!</small><br></div><div class="spacer battle-history"><br></div><div class="battle-history"><small>Audino restored a little HP using its Leftovers!</small><br></div><div class="battle-history"><small>The opposing Kappek restored a little HP using its Leftovers!</small><br></div><div class="spacer battle-history"><br></div><h2 class="battle-history">Turn 16</h2><div class="spacer battle-history"><br></div><div class="battle-history">Audino used <strong>Encore</strong>!<br></div><div class="battle-history"><small>The opposing Kappek received an encore!</small><br></div><div class="spacer battle-history"><br></div><div class="battle-history">The opposing Kappek used <strong>Scald</strong>!<br></div><div class="battle-history"><small>(Audino lost <abbr title="−108/410">26.3%</abbr> of its health!)</small><br></div><div class="spacer battle-history"><br></div><div class="battle-history"><small>Audino restored a little HP using its Leftovers!</small><br></div><div class="battle-history"><small>The opposing Kappek restored a little HP using its Leftovers!</small><br></div><div class="spacer battle-history"><br></div><h2 class="battle-history">Turn 17</h2><div class="spacer battle-history"><br></div><div class="battle-history">Audino, come back!<br></div><div class="battle-history">Go! <strong>Cacturne</strong>!<br></div><div class="battle-history"><small>Cacturne was caught in a sticky web!</small><br></div><div class="battle-history"><small>Cacturne's Speed fell!</small><br></div><div class="battle-history"><small>Pointed stones dug into Cacturne!</small><br></div><div class="spacer battle-history"><br></div><div class="battle-history">The opposing Kappek used <strong>Scald</strong>!<br></div><div class="battle-history"><small>[Cacturne's Water Absorb]</small><br><small>Cacturne restored its HP.</small><br></div><div class="spacer battle-history"><br></div><div class="battle-history"><small>The opposing Kappek restored a little HP using its Leftovers!</small><br></div><div class="spacer battle-history"><br></div><h2 class="battle-history">Turn 18</h2><div class="spacer battle-history"><br></div><div class="battle-history">Cacturne used <strong>Energy Ball</strong>!<br></div><div class="battle-history"><small>It's super effective!</small><br></div><div class="battle-history"><small>(The opposing Kappek lost <abbr title="−360/364">98.9%</abbr> of its health!)</small><br></div><div class="battle-history"><small>Cacturne lost some of its HP!</small><br></div><div class="spacer battle-history"><br></div><div class="battle-history">The opposing Kappek fainted!<br></div><div class="spacer battle-history"><br></div><div class="battle-history"><strong>thewildcrocodile45</strong> won the battle!<br></div><div class="chat chatmessage-thewildcrocodile45"><strong style="color:hsl(50,74%,39.07431031878548%)"><small>☆</small><span class="username" data-name="thewildcrocodile45">thewildcrocodile45</span>:</strong> <em>gg</em></div><div class="chat">thewildcrocodile45's rating: 1000 → <strong>1063</strong><br>(+63 for winning)</div><div class="chat">The Italian Raichu's rating: 1222 → <strong>1183</strong><br>(-39 for losing)</div></div><div class="inner-preempt"></div></div></div>
</div>
<script>
let daily = Math.floor(Date.now()/1000/60/60/24);document.write('<script src="https://play.pokemonshowdown.com/js/replay-embed.js?version'+daily+'"></'+'script>');
</script>
