<!DOCTYPE html>
<meta charset="utf-8" />
<!-- version 1 -->
<title>PU replay: BangerChamp vs. 2xTheTap</title>
<style>
html,body {font-family:Verdana, sans-serif;font-size:10pt;margin:0;padding:0;}body{padding:12px 0;} .battle-log {font-family:Verdana, sans-serif;font-size:10pt;} .battle-log-inline {border:1px solid #AAAAAA;background:#EEF2F5;color:black;max-width:640px;margin:0 auto 80px;padding-bottom:5px;} .battle-log .inner {padding:4px 8px 0px 8px;} .battle-log .inner-preempt {padding:0 8px 4px 8px;} .battle-log .inner-after {margin-top:0.5em;} .battle-log h2 {margin:0.5em -8px;padding:4px 8px;border:1px solid #AAAAAA;background:#E0E7EA;border-left:0;border-right:0;font-family:Verdana, sans-serif;font-size:13pt;} .battle-log .chat {vertical-align:middle;padding:3px 0 3px 0;font-size:8pt;} .battle-log .chat strong {color:#40576A;} .battle-log .chat em {padding:1px 4px 1px 3px;color:#000000;font-style:normal;} .chat.mine {background:rgba(0,0,0,0.05);margin-left:-8px;margin-right:-8px;padding-left:8px;padding-right:8px;} .spoiler {color:#BBBBBB;background:#BBBBBB;padding:0px 3px;} .spoiler:hover, .spoiler:active, .spoiler-shown {color:#000000;background:#E2E2E2;padding:0px 3px;} .spoiler a {color:#BBBBBB;} .spoiler:hover a, .spoiler:active a, .spoiler-shown a {color:#2288CC;} .chat code, .chat .spoiler:hover code, .chat .spoiler:active code, .chat .spoiler-shown code {border:1px solid #C0C0C0;background:#EEEEEE;color:black;padding:0 2px;} .chat .spoiler code {border:1px solid #CCCCCC;background:#CCCCCC;color:#CCCCCC;} .battle-log .rated {padding:3px 4px;} .battle-log .rated strong {color:white;background:#89A;padding:1px 4px;border-radius:4px;} .spacer {margin-top:0.5em;} .message-announce {background:#6688AA;color:white;padding:1px 4px 2px;} .message-announce a, .broadcast-green a, .broadcast-blue a, .broadcast-red a {color:#DDEEFF;} .broadcast-green {background-color:#559955;color:white;padding:2px 4px;} .broadcast-blue {background-color:#6688AA;color:white;padding:2px 4px;} .infobox {border:1px solid #6688AA;padding:2px 4px;} .infobox-limited {max-height:200px;overflow:auto;overflow-x:hidden;} .broadcast-red {background-color:#AA5544;color:white;padding:2px 4px;} .message-learn-canlearn {font-weight:bold;color:#228822;text-decoration:underline;} .message-learn-cannotlearn {font-weight:bold;color:#CC2222;text-decoration:underline;} .message-effect-weak {font-weight:bold;color:#CC2222;} .message-effect-resist {font-weight:bold;color:#6688AA;} .message-effect-immune {font-weight:bold;color:#666666;} .message-learn-list {margin-top:0;margin-bottom:0;} .message-throttle-notice, .message-error {color:#992222;} .message-overflow, .chat small.message-overflow {font-size:0pt;} .message-overflow::before {font-size:9pt;content:'...';} .subtle {color:#3A4A66;}
</style>
<div class="wrapper replay-wrapper" style="max-width:1180px;margin:0 auto">
<input type="hidden" name="replayid" value="pu-582721461" />
<div class="battle"></div><div class="battle-log"></div><div class="replay-controls"></div><div class="replay-controls-2"></div>
<h1 style="font-weight:normal;text-align:center"><strong>PU</strong><br /><a href="http://pokemonshowdown.com/users/bangerchamp" class="subtle" target="_blank">BangerChamp</a> vs. <a href="http://pokemonshowdown.com/users/2xthetap" class="subtle" target="_blank">2xTheTap</a></h1>
<script type="text/plain" class="battle-log-data">|j|BangerChamp
|j|2xTheTap
|player|p1|BangerChamp|274
|teamsize|p1|6
|player|p2|2xTheTap|#2xthetap
|teamsize|p2|6
|gametype|singles
|gen|6
|tier|PU
|seed|22760,43415,55171,40784
|rule|Sleep Clause Mod: Limit one foe put to sleep
|rule|Species Clause: Limit one of each Pokémon
|rule|OHKO Clause: OHKO moves are banned
|rule|Moody Clause: Moody is banned
|rule|Evasion Moves Clause: Evasion moves are banned
|rule|Endless Battle Clause: Forcing endless battles is banned
|rule|HP Percentage Mod: HP is shown in percentages
|clearpoke
|poke|p1|Lapras, M|item
|poke|p1|Kricketune, M|item
|poke|p1|Altaria, M|item
|poke|p1|Ampharos, M|item
|poke|p1|Persian, M|item
|poke|p1|Unown|item
|poke|p2|Arbok, M|item
|poke|p2|Monferno, F|item
|poke|p2|Vullaby, F|item
|poke|p2|Raichu, F|item
|poke|p2|Politoed, M|item
|poke|p2|Metang|item
|rule|Swagger Clause: Swagger is banned
|rule|Baton Pass Clause: Limit one Baton Passer, can't pass Spe and other stats simultaneously
|teampreview
|j|TIBot
|j|therealslap
|c|☆BangerChamp|Welcome to the final
|c|☆BangerChamp|This team is randomized
|c|☆BangerChamp|so plz dont judge
|choice|team 2, team 1, team 3, team 4, team 5, team 6|team 4, team 2, team 3, team 1, team 5, team 6
|
|start
|switch|p1a: Fool|Kricketune, M|358\/358
|switch|p2a: Raichu|Raichu, F|261\/261
|turn|1
|choice|move stickyweb|move voltswitch
|
|move|p2a: Raichu|Volt Switch|p1a: Fool
|-damage|p1a: Fool|181\/358
|choice||switch 2
|
|switch|p2a: Monferno|Monferno, F|269\/269
|move|p1a: Fool|Sticky Web|p2a: Monferno
|-sidestart|p2: 2xTheTap|move: Sticky Web
|
|upkeep
|turn|2
|choice|switch 3|move flareblitz
|
|switch|p1a: Systematization|Altaria, M|354\/354
|move|p2a: Monferno|Flare Blitz|p1a: Systematization
|-resisted|p1a: Systematization
|-damage|p1a: Systematization|257\/354
|-damage|p2a: Monferno|237\/269|[from] Recoil|[of] p1a: Systematization
|
|upkeep
|turn|3
|choice|move earthquake|switch 3
|
|switch|p2a: Vullaby|Vullaby, F|343\/343
|move|p1a: Systematization|Earthquake|p2a: Vullaby
|-immune|p2a: Vullaby|[msg]
|
|upkeep
|turn|4
|choice|move outrage|move defog
|
|move|p1a: Systematization|Outrage|p2a: Vullaby
|-damage|p2a: Vullaby|285\/343
|move|p2a: Vullaby|Defog|p1a: Systematization
|-unboost|p1a: Systematization|evasion|1
|-sideend|p2: 2xTheTap|Sticky Web|[from] move: Defog|[of] p2a: Vullaby
|
|upkeep
|turn|5
|c|☆BangerChamp|taht did nothin
|choice|move outrage|move uturn
|
|move|p1a: Systematization|Outrage|p2a: Vullaby|[from]lockedmove
|-damage|p2a: Vullaby|221\/343
|-start|p1a: Systematization|confusion|[fatigue]
|-enditem|p1a: Systematization|Lum Berry|[eat]
|-end|p1a: Systematization|confusion
|move|p2a: Vullaby|U-turn|p1a: Systematization
|-resisted|p1a: Systematization
|-damage|p1a: Systematization|238\/354
|choice||switch 6
|
|switch|p2a: Metang|Metang|323\/323
|
|upkeep
|turn|6
|choice|move earthquake|switch 6
|
|switch|p2a: Vullaby|Vullaby, F|221\/343
|move|p1a: Systematization|Earthquake|p2a: Vullaby
|-immune|p2a: Vullaby|[msg]
|
|upkeep
|turn|7
|j|adewale
|choice|switch 3|move roost
|
|switch|p1a: Fool|Kricketune, M|181\/358
|move|p2a: Vullaby|Roost|p2a: Vullaby
|-heal|p2a: Vullaby|343\/343
|
|upkeep
|turn|8
|choice|switch 2|move uturn
|
|switch|p1a: Microelectronic|Lapras, M|464\/464
|move|p2a: Vullaby|U-turn|p1a: Microelectronic
|-damage|p1a: Microelectronic|420\/464
|c|☆BangerChamp|lel
|choice||switch 2
|
|switch|p2a: Raichu|Raichu, F|261\/261
|
|upkeep
|turn|9
|choice|switch 4|move voltswitch
|
|switch|p1a: Radioisotope|Ampharos, M|384\/384
|move|p2a: Raichu|Volt Switch|p1a: Radioisotope
|-resisted|p1a: Radioisotope
|-damage|p1a: Radioisotope|327\/384
|j|Nathan1el
|choice||switch 6
|
|switch|p2a: Metang|Metang|323\/323
|
|-heal|p1a: Radioisotope|351\/384|[from] item: Leftovers
|upkeep
|turn|10
|c|☆BangerChamp|the names are also randomized
|choice|move reflect|move earthquake
|
|move|p1a: Radioisotope|Reflect|p1a: Radioisotope
|-sidestart|p1: BangerChamp|Reflect
|move|p2a: Metang|Earthquake|p1a: Radioisotope
|-supereffective|p1a: Radioisotope
|-damage|p1a: Radioisotope|261\/384
|
|-heal|p1a: Radioisotope|285\/384|[from] item: Leftovers
|upkeep
|turn|11
|choice|move thunderbolt|move stealthrock
|
|move|p1a: Radioisotope|Thunderbolt|p2a: Metang
|-damage|p2a: Metang|202\/323
|move|p2a: Metang|Stealth Rock|p1a: Radioisotope
|-sidestart|p1: BangerChamp|move: Stealth Rock
|
|-heal|p1a: Radioisotope|309\/384|[from] item: Leftovers
|upkeep
|turn|12
|choice|move thunderbolt|switch 6
|
|switch|p2a: Raichu|Raichu, F|261\/261
|move|p1a: Radioisotope|Thunderbolt|p2a: Raichu
|-ability|p2a: Raichu|Lightning Rod|boost
|-boost|p2a: Raichu|spa|1
|
|-heal|p1a: Radioisotope|333\/384|[from] item: Leftovers
|upkeep
|turn|13
|choice|switch 5|move focusblast
|
|switch|p1a: Smelter|Persian, M|272\/272
|-damage|p1a: Smelter|238\/272|[from] Stealth Rock
|move|p2a: Raichu|Focus Blast|p1a: Smelter|[miss]
|-miss|p2a: Raichu|p1a: Smelter
|
|upkeep
|turn|14
|c|☆BangerChamp|he is gonna hurt
|choice|move fakeout|move focusblast
|
|move|p1a: Smelter|Fake Out|p2a: Raichu
|-damage|p2a: Raichu|135\/261
|cant|p2a: Raichu|flinch
|
|-sideend|p1: BangerChamp|Reflect
|upkeep
|turn|15
|choice|move knockoff|move focusblast
|
|move|p2a: Raichu|Focus Blast|p1a: Smelter
|-supereffective|p1a: Smelter
|-damage|p1a: Smelter|0 fnt
|faint|p1a: Smelter
|
|upkeep
|choice|switch 2|
|
|switch|p1a: Fool|Kricketune, M|181\/358
|-damage|p1a: Fool|92\/358|[from] Stealth Rock
|turn|16
|choice|move bugbite|move focusblast
|
|move|p2a: Raichu|Focus Blast|p1a: Fool
|-resisted|p1a: Fool
|-damage|p1a: Fool|0 fnt
|faint|p1a: Fool
|
|upkeep
|choice|switch 3|
|
|switch|p1a: Systematization|Altaria, M|238\/354
|-damage|p1a: Systematization|150\/354|[from] Stealth Rock
|turn|17
|j|Pls Ban Allstar
|choice|move earthquake|switch 2
|
|switch|p2a: Vullaby|Vullaby, F|343\/343
|move|p1a: Systematization|Earthquake|p2a: Vullaby
|-immune|p2a: Vullaby|[msg]
|
|upkeep
|turn|18
|c|☆BangerChamp|no sweep?
|choice|move roost|move foulplay
|
|move|p1a: Systematization|Roost|p1a: Systematization
|-heal|p1a: Systematization|327\/354
|move|p2a: Vullaby|Foul Play|p1a: Systematization
|-damage|p1a: Systematization|240\/354
|
|upkeep
|turn|19
|choice|move roost|move foulplay
|
|move|p1a: Systematization|Roost|p1a: Systematization
|-heal|p1a: Systematization|354\/354
|move|p2a: Vullaby|Foul Play|p1a: Systematization
|-damage|p1a: Systematization|261\/354
|
|upkeep
|turn|20
|choice|move outrage|move uturn
|
|move|p1a: Systematization|Outrage|p2a: Vullaby
|-damage|p2a: Vullaby|283\/343
|move|p2a: Vullaby|U-turn|p1a: Systematization
|-resisted|p1a: Systematization
|-damage|p1a: Systematization|243\/354
|choice||switch 5
|
|switch|p2a: Politoed|Politoed, M|351\/351
|
|upkeep
|turn|21
|choice|move outrage|move icebeam
|
|move|p2a: Politoed|Ice Beam|p1a: Systematization
|-supereffective|p1a: Systematization
|-damage|p1a: Systematization|0 fnt
|faint|p1a: Systematization
|
|upkeep
|choice|switch 4|
|
|switch|p1a: Microelectronic|Lapras, M|420\/464
|-damage|p1a: Microelectronic|304\/464|[from] Stealth Rock
|turn|22
|choice|move icebeam|switch 6
|
|switch|p2a: Metang|Metang|202\/323
|move|p1a: Microelectronic|Ice Beam|p2a: Metang
|-resisted|p2a: Metang
|-damage|p2a: Metang|162\/323
|-status|p2a: Metang|frz
|
|upkeep
|turn|23
|c|☆BangerChamp|FREEZE HAX
|choice|move surf|switch 6
|
|switch|p2a: Politoed|Politoed, M|351\/351
|move|p1a: Microelectronic|Surf|p2a: Politoed
|-immune|p2a: Politoed|[msg]|[from] ability: Water Absorb
|
|upkeep
|turn|24
|c|☆BangerChamp|lol
|choice|switch 5|move encore
|
|switch|p1a: Radioisotope|Ampharos, M|333\/384
|-damage|p1a: Radioisotope|285\/384|[from] Stealth Rock
|move|p2a: Politoed|Encore|p1a: Radioisotope
|-fail|p1a: Radioisotope
|
|-heal|p1a: Radioisotope|309\/384|[from] item: Leftovers
|upkeep
|turn|25
|choice|switch 6|move scald
|
|switch|p1a: Worrywart|Unown|300\/300
|-damage|p1a: Worrywart|263\/300|[from] Stealth Rock
|move|p2a: Politoed|Scald|p1a: Worrywart
|-damage|p1a: Worrywart|35\/300
|-status|p1a: Worrywart|brn
|
|-damage|p1a: Worrywart|0 fnt|[from] brn
|upkeep
|faint|p1a: Worrywart
|c| Nathan1el|uh
|choice|switch 6|
|
|switch|p1a: Radioisotope|Ampharos, M|309\/384
|-damage|p1a: Radioisotope|261\/384|[from] Stealth Rock
|turn|26
|choice|move thunderbolt|switch 2
|
|switch|p2a: Raichu|Raichu, F|135\/261
|move|p1a: Radioisotope|Thunderbolt|p2a: Raichu
|-ability|p2a: Raichu|Lightning Rod|boost
|-boost|p2a: Raichu|spa|1
|
|-heal|p1a: Radioisotope|285\/384|[from] item: Leftovers
|upkeep
|turn|27
|choice|switch 5|move focusblast
|
|switch|p1a: Microelectronic|Lapras, M|304\/464
|-damage|p1a: Microelectronic|188\/464|[from] Stealth Rock
|move|p2a: Raichu|Focus Blast|p1a: Microelectronic
|-supereffective|p1a: Microelectronic
|-damage|p1a: Microelectronic|0 fnt
|faint|p1a: Microelectronic
|
|upkeep
|c|☆BangerChamp|gg
|c| Nathan1el|good instinces 2X
|choice|switch 5|
|
|switch|p1a: Radioisotope|Ampharos, M|285\/384
|-damage|p1a: Radioisotope|237\/384|[from] Stealth Rock
|turn|28
|c|☆2xTheTap|gg
|choice|move healbell|move focusblast
|
|move|p2a: Raichu|Focus Blast|p1a: Radioisotope|[miss]
|-miss|p2a: Raichu|p1a: Radioisotope
|move|p1a: Radioisotope|Heal Bell|p1a: Radioisotope
|-activate|p1a: Radioisotope|move: Heal Bell
|
|-heal|p1a: Radioisotope|261\/384|[from] item: Leftovers
|upkeep
|turn|29
|choice|move reflect|move focusblast
|
|move|p2a: Raichu|Focus Blast|p1a: Radioisotope
|-damage|p1a: Radioisotope|71\/384
|move|p1a: Radioisotope|Reflect|p1a: Radioisotope
|-sidestart|p1: BangerChamp|Reflect
|
|-heal|p1a: Radioisotope|95\/384|[from] item: Leftovers
|upkeep
|turn|30
|c|☆BangerChamp|thats why dont let a randomizer make your team
|choice|move voltswitch|move focusblast
|
|move|p2a: Raichu|Focus Blast|p1a: Radioisotope
|-damage|p1a: Radioisotope|0 fnt
|faint|p1a: Radioisotope
|
|win|2xTheTap
|l|TIBot
|l|Nathan1el
|c|☆2xTheTap|heh
|l|Pls Ban Allstar</script>
</div>
<div class="battle-log battle-log-inline"><div class="inner"><div class="battle-options"></div><div class="inner"><div class="chat"><small>BangerChamp joined.</small></div><div class="chat"><small>2xTheTap joined.</small></div><div class=""><small>Format:</small> <br><strong>PU</strong></div><div class=""><small><em>Sleep Clause Mod:</em> Limit one foe put to sleep</small></div><div class=""><small><em>Species Clause:</em> Limit one of each Pokémon</small></div><div class=""><small><em>OHKO Clause:</em> OHKO moves are banned</small></div><div class=""><small><em>Moody Clause:</em> Moody is banned</small></div><div class=""><small><em>Evasion Moves Clause:</em> Evasion moves are banned</small></div><div class=""><small><em>Endless Battle Clause:</em> Forcing endless battles is banned</small></div><div class=""><small><em>HP Percentage Mod:</em> HP is shown in percentages</small></div><div class=""><small><em>Swagger Clause:</em> Swagger is banned</small></div><div class=""><small><em>Baton Pass Clause:</em> Limit one Baton Passer, can't pass Spe and other stats simultaneously</small></div><div class="chat battle-history"><strong>BangerChamp's team:</strong> <em style="color:#445566;display:block;">Lapras / Kricketune / Altaria / Ampharos / Persian / Unown</em></div><div class="chat battle-history"><strong>2xTheTap's team:</strong> <em style="color:#445566;display:block;">Arbok / Monferno / Vullaby / Raichu / Politoed / Metang</em></div><div class="chat"><small>TIBot joined.</small></div><div class="chat"><small>therealslap joined.</small></div><div class="chat chatmessage-bangerchamp"><strong style="color:hsl(115,60%,36%)"><small>☆</small><span class="username" data-name="BangerChamp">BangerChamp</span>:</strong> <em>Welcome to the final</em></div><div class="chat chatmessage-bangerchamp"><strong style="color:hsl(115,60%,36%)"><small>☆</small><span class="username" data-name="BangerChamp">BangerChamp</span>:</strong> <em>This team is randomized</em></div><div class="chat chatmessage-bangerchamp"><strong style="color:hsl(115,60%,36%)"><small>☆</small><span class="username" data-name="BangerChamp">BangerChamp</span>:</strong> <em>so plz dont judge</em></div><div class="spacer battle-history"><br></div><div class="battle-history">Battle started between BangerChamp and 2xTheTap!<br></div><div class="spacer battle-history"><br></div><div class="battle-history">Go! Fool (<strong>Kricketune</strong>)!<br></div><div class="spacer battle-history"><br></div><div class="battle-history">2xTheTap sent out <strong>Raichu</strong>!<br></div><div class="spacer battle-history"><br></div><h2 class="battle-history">Turn 1</h2><div class="spacer battle-history"><br></div><div class="battle-history">The opposing Raichu used <strong>Volt Switch</strong>!<br></div><div class="battle-history"><small>(Fool lost <abbr title="−177/358">49.4%</abbr> of its health!)</small><br></div><div class="spacer battle-history"><br></div><div class="battle-history">The opposing Raichu went back to 2xTheTap!<br></div><div class="battle-history">2xTheTap sent out <strong>Monferno</strong>!<br></div><div class="spacer battle-history"><br></div><div class="battle-history">Fool used <strong>Sticky Web</strong>!<br></div><div class="battle-history"><small>A sticky web spreads out on the ground around the opposing team!</small><br></div><div class="spacer battle-history"><br></div><h2 class="battle-history">Turn 2</h2><div class="spacer battle-history"><br></div><div class="battle-history">Fool, come back!<br></div><div class="battle-history">Go! Systematization (<strong>Altaria</strong>)!<br></div><div class="spacer battle-history"><br></div><div class="battle-history">The opposing Monferno used <strong>Flare Blitz</strong>!<br></div><div class="battle-history"><small>It's not very effective...</small><br></div><div class="battle-history"><small>(Systematization lost <abbr title="−97/354">27.4%</abbr> of its health!)</small><br></div><div class="battle-history"><small>The opposing Monferno is damaged by the recoil!</small><br></div><div class="spacer battle-history"><br></div><h2 class="battle-history">Turn 3</h2><div class="spacer battle-history"><br></div><div class="battle-history">2xTheTap withdrew Monferno!<br></div><div class="battle-history">2xTheTap sent out <strong>Vullaby</strong>!<br></div><div class="spacer battle-history"><br></div><div class="battle-history">Systematization used <strong>Earthquake</strong>!<br></div><div class="battle-history"><small>It doesn't affect the opposing Vullaby...</small><br></div><div class="spacer battle-history"><br></div><h2 class="battle-history">Turn 4</h2><div class="spacer battle-history"><br></div><div class="battle-history">Systematization used <strong>Outrage</strong>!<br></div><div class="battle-history"><small>(The opposing Vullaby lost <abbr title="−58/343">16.9%</abbr> of its health!)</small><br></div><div class="spacer battle-history"><br></div><div class="battle-history">The opposing Vullaby used <strong>Defog</strong>!<br></div><div class="battle-history"><small>Systematization's evasiveness fell!</small><br></div><div class="battle-history"><small>The sticky web has disappeared from the ground around the opposing team!</small><br></div><div class="spacer battle-history"><br></div><h2 class="battle-history">Turn 5</h2><div class="chat chatmessage-bangerchamp"><strong style="color:hsl(115,60%,36%)"><small>☆</small><span class="username" data-name="BangerChamp">BangerChamp</span>:</strong> <em>taht did nothin</em></div><div class="spacer battle-history"><br></div><div class="battle-history">Systematization used <strong>Outrage</strong>!<br></div><div class="battle-history"><small>(The opposing Vullaby lost <abbr title="−64/343">18.7%</abbr> of its health!)</small><br></div><div class="battle-history"><small>Systematization became confused due to fatigue!</small><br></div><div class="battle-history"><small>Systematization ate its Lum Berry!</small><br></div><div class="battle-history"><small>Systematization snapped out of its confusion!</small><br></div><div class="spacer battle-history"><br></div><div class="battle-history">The opposing Vullaby used <strong>U-turn</strong>!<br></div><div class="battle-history"><small>It's not very effective...</small><br></div><div class="battle-history"><small>(Systematization lost <abbr title="−19/354">5.4%</abbr> of its health!)</small><br></div><div class="spacer battle-history"><br></div><div class="battle-history">The opposing Vullaby went back to 2xTheTap!<br></div><div class="battle-history">2xTheTap sent out <strong>Metang</strong>!<br></div><div class="spacer battle-history"><br></div><h2 class="battle-history">Turn 6</h2><div class="spacer battle-history"><br></div><div class="battle-history">2xTheTap withdrew Metang!<br></div><div class="battle-history">2xTheTap sent out <strong>Vullaby</strong>!<br></div><div class="spacer battle-history"><br></div><div class="battle-history">Systematization used <strong>Earthquake</strong>!<br></div><div class="battle-history"><small>It doesn't affect the opposing Vullaby...</small><br></div><div class="spacer battle-history"><br></div><h2 class="battle-history">Turn 7</h2><div class="chat"><small>adewale joined.</small></div><div class="spacer battle-history"><br></div><div class="battle-history">Systematization, come back!<br></div><div class="battle-history">Go! Fool (<strong>Kricketune</strong>)!<br></div><div class="spacer battle-history"><br></div><div class="battle-history">The opposing Vullaby used <strong>Roost</strong>!<br></div><div class="battle-history"><small>The opposing Vullaby restored its HP.</small><br></div><div class="spacer battle-history"><br></div><h2 class="battle-history">Turn 8</h2><div class="spacer battle-history"><br></div><div class="battle-history">Fool, come back!<br></div><div class="battle-history">Go! Microelectronic (<strong>Lapras</strong>)!<br></div><div class="spacer battle-history"><br></div><div class="battle-history">The opposing Vullaby used <strong>U-turn</strong>!<br></div><div class="battle-history"><small>(Microelectronic lost <abbr title="−44/464">9.5%</abbr> of its health!)</small><br></div><div class="chat chatmessage-bangerchamp"><strong style="color:hsl(115,60%,36%)"><small>☆</small><span class="username" data-name="BangerChamp">BangerChamp</span>:</strong> <em>lel</em></div><div class="spacer battle-history"><br></div><div class="battle-history">The opposing Vullaby went back to 2xTheTap!<br></div><div class="battle-history">2xTheTap sent out <strong>Raichu</strong>!<br></div><div class="spacer battle-history"><br></div><h2 class="battle-history">Turn 9</h2><div class="spacer battle-history"><br></div><div class="battle-history">Microelectronic, come back!<br></div><div class="battle-history">Go! Radioisotope (<strong>Ampharos</strong>)!<br></div><div class="spacer battle-history"><br></div><div class="battle-history">The opposing Raichu used <strong>Volt Switch</strong>!<br></div><div class="battle-history"><small>It's not very effective...</small><br></div><div class="battle-history"><small>(Radioisotope lost <abbr title="−57/384">14.8%</abbr> of its health!)</small><br></div><div class="chat"><small>Nathan1el joined.</small></div><div class="spacer battle-history"><br></div><div class="battle-history">The opposing Raichu went back to 2xTheTap!<br></div><div class="battle-history">2xTheTap sent out <strong>Metang</strong>!<br></div><div class="spacer battle-history"><br></div><div class="battle-history"><small>Radioisotope restored a little HP using its Leftovers!</small><br></div><div class="spacer battle-history"><br></div><h2 class="battle-history">Turn 10</h2><div class="chat chatmessage-bangerchamp"><strong style="color:hsl(115,60%,36%)"><small>☆</small><span class="username" data-name="BangerChamp">BangerChamp</span>:</strong> <em>the names are also randomized</em></div><div class="spacer battle-history"><br></div><div class="battle-history">Radioisotope used <strong>Reflect</strong>!<br></div><div class="battle-history"><small>Reflect made your team stronger against physical moves!</small><br></div><div class="spacer battle-history"><br></div><div class="battle-history">The opposing Metang used <strong>Earthquake</strong>!<br></div><div class="battle-history"><small>It's super effective!</small><br></div><div class="battle-history"><small>(Radioisotope lost <abbr title="−90/384">23.4%</abbr> of its health!)</small><br></div><div class="spacer battle-history"><br></div><div class="battle-history"><small>Radioisotope restored a little HP using its Leftovers!</small><br></div><div class="spacer battle-history"><br></div><h2 class="battle-history">Turn 11</h2><div class="spacer battle-history"><br></div><div class="battle-history">Radioisotope used <strong>Thunderbolt</strong>!<br></div><div class="battle-history"><small>(The opposing Metang lost <abbr title="−121/323">37.5%</abbr> of its health!)</small><br></div><div class="spacer battle-history"><br></div><div class="battle-history">The opposing Metang used <strong>Stealth Rock</strong>!<br></div><div class="battle-history"><small>Pointed stones float in the air around your team!</small><br></div><div class="spacer battle-history"><br></div><div class="battle-history"><small>Radioisotope restored a little HP using its Leftovers!</small><br></div><div class="spacer battle-history"><br></div><h2 class="battle-history">Turn 12</h2><div class="spacer battle-history"><br></div><div class="battle-history">2xTheTap withdrew Metang!<br></div><div class="battle-history">2xTheTap sent out <strong>Raichu</strong>!<br></div><div class="spacer battle-history"><br></div><div class="battle-history">Radioisotope used <strong>Thunderbolt</strong>!<br></div><div class="battle-history"><small>[The opposing Raichu's Lightning Rod]</small><br></div><div class="battle-history"><small>The opposing Raichu's Special Attack rose!</small><br></div><div class="spacer battle-history"><br></div><div class="battle-history"><small>Radioisotope restored a little HP using its Leftovers!</small><br></div><div class="spacer battle-history"><br></div><h2 class="battle-history">Turn 13</h2><div class="spacer battle-history"><br></div><div class="battle-history">Radioisotope, come back!<br></div><div class="battle-history">Go! Smelter (<strong>Persian</strong>)!<br></div><div class="battle-history"><small>Pointed stones dug into Smelter!</small><br></div><div class="spacer battle-history"><br></div><div class="battle-history">The opposing Raichu used <strong>Focus Blast</strong>!<br></div><div class="battle-history"><small>Smelter avoided the attack!</small><br></div><div class="spacer battle-history"><br></div><h2 class="battle-history">Turn 14</h2><div class="chat chatmessage-bangerchamp"><strong style="color:hsl(115,60%,36%)"><small>☆</small><span class="username" data-name="BangerChamp">BangerChamp</span>:</strong> <em>he is gonna hurt</em></div><div class="spacer battle-history"><br></div><div class="battle-history">Smelter used <strong>Fake Out</strong>!<br></div><div class="battle-history"><small>(The opposing Raichu lost <abbr title="−126/261">48.3%</abbr> of its health!)</small><br></div><div class="spacer battle-history"><br></div><div class="battle-history">The opposing Raichu flinched and couldn't move!<br></div><div class="spacer battle-history"><br></div><div class="battle-history"><small>Your team's Reflect wore off!</small><br></div><div class="spacer battle-history"><br></div><h2 class="battle-history">Turn 15</h2><div class="spacer battle-history"><br></div><div class="battle-history">The opposing Raichu used <strong>Focus Blast</strong>!<br></div><div class="battle-history"><small>It's super effective!</small><br></div><div class="battle-history"><small>(Smelter lost <abbr title="−238/272">87.5%</abbr> of its health!)</small><br></div><div class="spacer battle-history"><br></div><div class="battle-history">Smelter fainted!<br></div><div class="spacer battle-history"><br></div><div class="battle-history">Go! Fool (<strong>Kricketune</strong>)!<br></div><div class="battle-history"><small>Pointed stones dug into Fool!</small><br></div><div class="spacer battle-history"><br></div><h2 class="battle-history">Turn 16</h2><div class="spacer battle-history"><br></div><div class="battle-history">The opposing Raichu used <strong>Focus Blast</strong>!<br></div><div class="battle-history"><small>It's not very effective...</small><br></div><div class="battle-history"><small>(Fool lost <abbr title="−92/358">25.7%</abbr> of its health!)</small><br></div><div class="spacer battle-history"><br></div><div class="battle-history">Fool fainted!<br></div><div class="spacer battle-history"><br></div><div class="battle-history">Go! Systematization (<strong>Altaria</strong>)!<br></div><div class="battle-history"><small>Pointed stones dug into Systematization!</small><br></div><div class="spacer battle-history"><br></div><h2 class="battle-history">Turn 17</h2><div class="chat"><small>Pls Ban Allstar joined.</small></div><div class="spacer battle-history"><br></div><div class="battle-history">2xTheTap withdrew Raichu!<br></div><div class="battle-history">2xTheTap sent out <strong>Vullaby</strong>!<br></div><div class="spacer battle-history"><br></div><div class="battle-history">Systematization used <strong>Earthquake</strong>!<br></div><div class="battle-history"><small>It doesn't affect the opposing Vullaby...</small><br></div><div class="spacer battle-history"><br></div><h2 class="battle-history">Turn 18</h2><div class="chat chatmessage-bangerchamp"><strong style="color:hsl(115,60%,36%)"><small>☆</small><span class="username" data-name="BangerChamp">BangerChamp</span>:</strong> <em>no sweep?</em></div><div class="spacer battle-history"><br></div><div class="battle-history">Systematization used <strong>Roost</strong>!<br></div><div class="battle-history"><small>Systematization restored its HP.</small><br></div><div class="spacer battle-history"><br></div><div class="battle-history">The opposing Vullaby used <strong>Foul Play</strong>!<br></div><div class="battle-history"><small>(Systematization lost <abbr title="−87/354">24.6%</abbr> of its health!)</small><br></div><div class="spacer battle-history"><br></div><h2 class="battle-history">Turn 19</h2><div class="spacer battle-history"><br></div><div class="battle-history">Systematization used <strong>Roost</strong>!<br></div><div class="battle-history"><small>Systematization restored its HP.</small><br></div><div class="spacer battle-history"><br></div><div class="battle-history">The opposing Vullaby used <strong>Foul Play</strong>!<br></div><div class="battle-history"><small>(Systematization lost <abbr title="−93/354">26.3%</abbr> of its health!)</small><br></div><div class="spacer battle-history"><br></div><h2 class="battle-history">Turn 20</h2><div class="spacer battle-history"><br></div><div class="battle-history">Systematization used <strong>Outrage</strong>!<br></div><div class="battle-history"><small>(The opposing Vullaby lost <abbr title="−60/343">17.5%</abbr> of its health!)</small><br></div><div class="spacer battle-history"><br></div><div class="battle-history">The opposing Vullaby used <strong>U-turn</strong>!<br></div><div class="battle-history"><small>It's not very effective...</small><br></div><div class="battle-history"><small>(Systematization lost <abbr title="−18/354">5.1%</abbr> of its health!)</small><br></div><div class="spacer battle-history"><br></div><div class="battle-history">The opposing Vullaby went back to 2xTheTap!<br></div><div class="battle-history">2xTheTap sent out <strong>Politoed</strong>!<br></div><div class="spacer battle-history"><br></div><h2 class="battle-history">Turn 21</h2><div class="spacer battle-history"><br></div><div class="battle-history">The opposing Politoed used <strong>Ice Beam</strong>!<br></div><div class="battle-history"><small>It's super effective!</small><br></div><div class="battle-history"><small>(Systematization lost <abbr title="−243/354">68.6%</abbr> of its health!)</small><br></div><div class="spacer battle-history"><br></div><div class="battle-history">Systematization fainted!<br></div><div class="spacer battle-history"><br></div><div class="battle-history">Go! Microelectronic (<strong>Lapras</strong>)!<br></div><div class="battle-history"><small>Pointed stones dug into Microelectronic!</small><br></div><div class="spacer battle-history"><br></div><h2 class="battle-history">Turn 22</h2><div class="spacer battle-history"><br></div><div class="battle-history">2xTheTap withdrew Politoed!<br></div><div class="battle-history">2xTheTap sent out <strong>Metang</strong>!<br></div><div class="spacer battle-history"><br></div><div class="battle-history">Microelectronic used <strong>Ice Beam</strong>!<br></div><div class="battle-history"><small>It's not very effective...</small><br></div><div class="battle-history"><small>(The opposing Metang lost <abbr title="−40/323">12.4%</abbr> of its health!)</small><br></div><div class="battle-history"><small>The opposing Metang was frozen solid!</small><br></div><div class="spacer battle-history"><br></div><h2 class="battle-history">Turn 23</h2><div class="chat chatmessage-bangerchamp"><strong style="color:hsl(115,60%,36%)"><small>☆</small><span class="username" data-name="BangerChamp">BangerChamp</span>:</strong> <em>FREEZE HAX</em></div><div class="spacer battle-history"><br></div><div class="battle-history">2xTheTap withdrew Metang!<br></div><div class="battle-history">2xTheTap sent out <strong>Politoed</strong>!<br></div><div class="spacer battle-history"><br></div><div class="battle-history">Microelectronic used <strong>Surf</strong>!<br></div><div class="battle-history"><small>[The opposing Politoed's Water Absorb]</small><br><small>It doesn't affect the opposing Politoed...</small><br></div><div class="spacer battle-history"><br></div><h2 class="battle-history">Turn 24</h2><div class="chat chatmessage-bangerchamp"><strong style="color:hsl(115,60%,36%)"><small>☆</small><span class="username" data-name="BangerChamp">BangerChamp</span>:</strong> <em>lol</em></div><div class="spacer battle-history"><br></div><div class="battle-history">Microelectronic, come back!<br></div><div class="battle-history">Go! Radioisotope (<strong>Ampharos</strong>)!<br></div><div class="battle-history"><small>Pointed stones dug into Radioisotope!</small><br></div><div class="spacer battle-history"><br></div><div class="battle-history">The opposing Politoed used <strong>Encore</strong>!<br></div><div class="battle-history"><small>But it failed!</small><br></div><div class="spacer battle-history"><br></div><div class="battle-history"><small>Radioisotope restored a little HP using its Leftovers!</small><br></div><div class="spacer battle-history"><br></div><h2 class="battle-history">Turn 25</h2><div class="spacer battle-history"><br></div><div class="battle-history">Radioisotope, come back!<br></div><div class="battle-history">Go! Worrywart (<strong>Unown</strong>)!<br></div><div class="battle-history"><small>Pointed stones dug into Worrywart!</small><br></div><div class="spacer battle-history"><br></div><div class="battle-history">The opposing Politoed used <strong>Scald</strong>!<br></div><div class="battle-history"><small>(Worrywart lost <abbr title="−228/300">76%</abbr> of its health!)</small><br></div><div class="battle-history"><small>Worrywart was burned!</small><br></div><div class="spacer battle-history"><br></div><div class="battle-history"><small>Worrywart was hurt by its burn!</small><br></div><div class="spacer battle-history"><br></div><div class="battle-history">Worrywart fainted!<br></div><div class="chat chatmessage-nathan1el"><strong style="color:hsl(218,86%,51.94577901460464%)"><small> </small><span class="username" data-name="Nathan1el">Nathan1el</span>:</strong> <em>uh</em></div><div class="spacer battle-history"><br></div><div class="battle-history">Go! Radioisotope (<strong>Ampharos</strong>)!<br></div><div class="battle-history"><small>Pointed stones dug into Radioisotope!</small><br></div><div class="spacer battle-history"><br></div><h2 class="battle-history">Turn 26</h2><div class="spacer battle-history"><br></div><div class="battle-history">2xTheTap withdrew Politoed!<br></div><div class="battle-history">2xTheTap sent out <strong>Raichu</strong>!<br></div><div class="spacer battle-history"><br></div><div class="battle-history">Radioisotope used <strong>Thunderbolt</strong>!<br></div><div class="battle-history"><small>[The opposing Raichu's Lightning Rod]</small><br></div><div class="battle-history"><small>The opposing Raichu's Special Attack rose!</small><br></div><div class="spacer battle-history"><br></div><div class="battle-history"><small>Radioisotope restored a little HP using its Leftovers!</small><br></div><div class="spacer battle-history"><br></div><h2 class="battle-history">Turn 27</h2><div class="spacer battle-history"><br></div><div class="battle-history">Radioisotope, come back!<br></div><div class="battle-history">Go! Microelectronic (<strong>Lapras</strong>)!<br></div><div class="battle-history"><small>Pointed stones dug into Microelectronic!</small><br></div><div class="spacer battle-history"><br></div><div class="battle-history">The opposing Raichu used <strong>Focus Blast</strong>!<br></div><div class="battle-history"><small>It's super effective!</small><br></div><div class="battle-history"><small>(Microelectronic lost <abbr title="−188/464">40.5%</abbr> of its health!)</small><br></div><div class="spacer battle-history"><br></div><div class="battle-history">Microelectronic fainted!<br></div><div class="chat chatmessage-bangerchamp"><strong style="color:hsl(115,60%,36%)"><small>☆</small><span class="username" data-name="BangerChamp">BangerChamp</span>:</strong> <em>gg</em></div><div class="chat chatmessage-nathan1el"><strong style="color:hsl(218,86%,51.94577901460464%)"><small> </small><span class="username" data-name="Nathan1el">Nathan1el</span>:</strong> <em>good instinces 2X</em></div><div class="spacer battle-history"><br></div><div class="battle-history">Go! Radioisotope (<strong>Ampharos</strong>)!<br></div><div class="battle-history"><small>Pointed stones dug into Radioisotope!</small><br></div><div class="spacer battle-history"><br></div><h2 class="battle-history">Turn 28</h2><div class="chat chatmessage-2xthetap"><strong style="color:hsl(356,51%,50.948703188140954%)"><small>☆</small><span class="username" data-name="2xTheTap">2xTheTap</span>:</strong> <em>gg</em></div><div class="spacer battle-history"><br></div><div class="battle-history">The opposing Raichu used <strong>Focus Blast</strong>!<br></div><div class="battle-history"><small>Radioisotope avoided the attack!</small><br></div><div class="spacer battle-history"><br></div><div class="battle-history">Radioisotope used <strong>Heal Bell</strong>!<br></div><div class="battle-history"><small>A bell chimed!</small><br></div><div class="spacer battle-history"><br></div><div class="battle-history"><small>Radioisotope restored a little HP using its Leftovers!</small><br></div><div class="spacer battle-history"><br></div><h2 class="battle-history">Turn 29</h2><div class="spacer battle-history"><br></div><div class="battle-history">The opposing Raichu used <strong>Focus Blast</strong>!<br></div><div class="battle-history"><small>(Radioisotope lost <abbr title="−190/384">49.5%</abbr> of its health!)</small><br></div><div class="spacer battle-history"><br></div><div class="battle-history">Radioisotope used <strong>Reflect</strong>!<br></div><div class="battle-history"><small>Reflect made your team stronger against physical moves!</small><br></div><div class="spacer battle-history"><br></div><div class="battle-history"><small>Radioisotope restored a little HP using its Leftovers!</small><br></div><div class="spacer battle-history"><br></div><h2 class="battle-history">Turn 30</h2><div class="chat chatmessage-bangerchamp"><strong style="color:hsl(115,60%,36%)"><small>☆</small><span class="username" data-name="BangerChamp">BangerChamp</span>:</strong> <em>thats why dont let a randomizer make your team</em></div><div class="spacer battle-history"><br></div><div class="battle-history">The opposing Raichu used <strong>Focus Blast</strong>!<br></div><div class="battle-history"><small>(Radioisotope lost <abbr title="−95/384">24.7%</abbr> of its health!)</small><br></div><div class="spacer battle-history"><br></div><div class="battle-history">Radioisotope fainted!<br></div><div class="spacer battle-history"><br></div><div class="battle-history"><strong>2xTheTap</strong> won the battle!<br></div><div class="chat"><small>TIBot left.</small></div><div class="chat"><small>Nathan1el left.</small></div><div class="chat chatmessage-2xthetap"><strong style="color:hsl(356,51%,50.948703188140954%)"><small>☆</small><span class="username" data-name="2xTheTap">2xTheTap</span>:</strong> <em>heh</em></div><div class="chat"><small>Pls Ban Allstar left.</small></div></div><div class="inner-preempt"></div></div></div>
</div>
<script>
let daily = Math.floor(Date.now()/1000/60/60/24);document.write('<script src="https://play.pokemonshowdown.com/js/replay-embed.js?version'+daily+'"></'+'script>');
</script>
