<!DOCTYPE html>
<meta charset="utf-8" />
<!-- version 1 -->
<title>PU replay: lcezasfuck vs. giangray101</title>
<style>
html,body {font-family:Verdana, sans-serif;font-size:10pt;margin:0;padding:0;}body{padding:12px 0;} .battle-log {font-family:Verdana, sans-serif;font-size:10pt;} .battle-log-inline {border:1px solid #AAAAAA;background:#EEF2F5;color:black;max-width:640px;margin:0 auto 80px;padding-bottom:5px;} .battle-log .inner {padding:4px 8px 0px 8px;} .battle-log .inner-preempt {padding:0 8px 4px 8px;} .battle-log .inner-after {margin-top:0.5em;} .battle-log h2 {margin:0.5em -8px;padding:4px 8px;border:1px solid #AAAAAA;background:#E0E7EA;border-left:0;border-right:0;font-family:Verdana, sans-serif;font-size:13pt;} .battle-log .chat {vertical-align:middle;padding:3px 0 3px 0;font-size:8pt;} .battle-log .chat strong {color:#40576A;} .battle-log .chat em {padding:1px 4px 1px 3px;color:#000000;font-style:normal;} .chat.mine {background:rgba(0,0,0,0.05);margin-left:-8px;margin-right:-8px;padding-left:8px;padding-right:8px;} .spoiler {color:#BBBBBB;background:#BBBBBB;padding:0px 3px;} .spoiler:hover, .spoiler:active, .spoiler-shown {color:#000000;background:#E2E2E2;padding:0px 3px;} .spoiler a {color:#BBBBBB;} .spoiler:hover a, .spoiler:active a, .spoiler-shown a {color:#2288CC;} .chat code, .chat .spoiler:hover code, .chat .spoiler:active code, .chat .spoiler-shown code {border:1px solid #C0C0C0;background:#EEEEEE;color:black;padding:0 2px;} .chat .spoiler code {border:1px solid #CCCCCC;background:#CCCCCC;color:#CCCCCC;} .battle-log .rated {padding:3px 4px;} .battle-log .rated strong {color:white;background:#89A;padding:1px 4px;border-radius:4px;} .spacer {margin-top:0.5em;} .message-announce {background:#6688AA;color:white;padding:1px 4px 2px;} .message-announce a, .broadcast-green a, .broadcast-blue a, .broadcast-red a {color:#DDEEFF;} .broadcast-green {background-color:#559955;color:white;padding:2px 4px;} .broadcast-blue {background-color:#6688AA;color:white;padding:2px 4px;} .infobox {border:1px solid #6688AA;padding:2px 4px;} .infobox-limited {max-height:200px;overflow:auto;overflow-x:hidden;} .broadcast-red {background-color:#AA5544;color:white;padding:2px 4px;} .message-learn-canlearn {font-weight:bold;color:#228822;text-decoration:underline;} .message-learn-cannotlearn {font-weight:bold;color:#CC2222;text-decoration:underline;} .message-effect-weak {font-weight:bold;color:#CC2222;} .message-effect-resist {font-weight:bold;color:#6688AA;} .message-effect-immune {font-weight:bold;color:#666666;} .message-learn-list {margin-top:0;margin-bottom:0;} .message-throttle-notice, .message-error {color:#992222;} .message-overflow, .chat small.message-overflow {font-size:0pt;} .message-overflow::before {font-size:9pt;content:'...';} .subtle {color:#3A4A66;}
</style>
<div class="wrapper replay-wrapper" style="max-width:1180px;margin:0 auto">
<input type="hidden" name="replayid" value="pu-576653904" />
<div class="battle"></div><div class="battle-log"></div><div class="replay-controls"></div><div class="replay-controls-2"></div>
<h1 style="font-weight:normal;text-align:center"><strong>PU</strong><br /><a href="http://pokemonshowdown.com/users/lcezasfuck" class="subtle" target="_blank">lcezasfuck</a> vs. <a href="http://pokemonshowdown.com/users/giangray101" class="subtle" target="_blank">giangray101</a></h1>
<script type="text/plain" class="battle-log-data">|j|lcezasfuck
|j|giangray101
|player|p1|lcezasfuck|#teamrocket
|player|p2|giangray101|56
|gametype|singles
|gen|6
|tier|PU
|seed|38228,64349,48007,13718
|rule|Sleep Clause Mod: Limit one foe put to sleep
|rule|Species Clause: Limit one of each Pokémon
|rule|OHKO Clause: OHKO moves are banned
|rule|Moody Clause: Moody is banned
|rule|Evasion Moves Clause: Evasion moves are banned
|rule|Endless Battle Clause: Forcing endless battles is banned
|rule|HP Percentage Mod: HP is shown in percentages
|clearpoke
|poke|p1|Carbink|item
|poke|p1|Gourgeist-*, M|item
|poke|p1|Rampardos, M|item
|poke|p1|Audino, M|item
|poke|p1|Marowak, M|item
|poke|p1|Beheeyem, M|item
|poke|p2|Beedrill, F|item
|poke|p2|Chatot, F|item
|poke|p2|Avalugg, M|item
|poke|p2|Ampharos, F|item
|poke|p2|Altaria, M|item
|poke|p2|Floatzel, F|item
|rule|Swagger Clause: Swagger is banned
|rule|Baton Pass Clause: Limit one Baton Passer, can't pass Spe and other stats simultaneously
|teampreview
|c|☆giangray101|sorry to keep you waiting
|choice|team 1, team 2, team 3, team 4, team 5, team 6|team 1, team 2, team 3, team 4, team 5, team 6
|
|start
|switch|p1a: Carbink|Carbink|304\/304
|switch|p2a: Beedrill|Beedrill, F|272\/272
|turn|1
|choice|move magiccoat|move focusenergy
|
|move|p1a: Carbink|Magic Coat|p1a: Carbink
|-singleturn|p1a: Carbink|move: Magic Coat
|move|p2a: Beedrill|Focus Energy|p2a: Beedrill
|-start|p2a: Beedrill|move: Focus Energy
|
|upkeep
|turn|2
|choice|move stealthrock|move knockoff
|
|move|p2a: Beedrill|Knock Off|p1a: Carbink
|-resisted|p1a: Carbink
|-crit|p1a: Carbink
|-damage|p1a: Carbink|228\/304
|-enditem|p1a: Carbink|Mental Herb|[from] move: Knock Off|[of] p2a: Beedrill
|move|p1a: Carbink|Stealth Rock|p2a: Beedrill
|-sidestart|p2: giangray101|move: Stealth Rock
|
|upkeep
|turn|3
|choice|move trickroom|move poisonjab
|
|move|p2a: Beedrill|Poison Jab|p1a: Carbink
|-crit|p1a: Carbink
|-damage|p1a: Carbink|26\/304
|move|p1a: Carbink|Trick Room|p1a: Carbink
|-fieldstart|move: Trick Room|[of] p1a: Carbink
|
|upkeep
|turn|4
|choice|move explosion|move poisonjab
|
|move|p1a: Carbink|Explosion|p2a: Beedrill
|-enditem|p2a: Beedrill|Focus Sash
|-damage|p2a: Beedrill|1\/272
|faint|p1a: Carbink
|move|p2a: Beedrill|Poison Jab|p1: Carbink|[notarget]
|-notarget
|
|upkeep
|choice|switch 3|
|
|switch|p1a: Rampardos|Rampardos, M|398\/398
|turn|5
|choice|move ironhead|move knockoff
|
|move|p1a: Rampardos|Iron Head|p2a: Beedrill
|-damage|p2a: Beedrill|0 fnt
|faint|p2a: Beedrill
|
|upkeep
|inactive|Battle timer is ON: inactive players will automatically lose when time's up. (requested by lcezasfuck)
|choice||switch 3
|
|switch|p2a: Avalugg|Avalugg, M|331\/331
|-damage|p2a: Avalugg|249\/331|[from] stealthrock
|turn|6
|choice|move rockslide|move gyroball
|
|move|p2a: Avalugg|Gyro Ball|p1a: Rampardos
|-supereffective|p1a: Rampardos
|-damage|p1a: Rampardos|252\/398
|move|p1a: Rampardos|Rock Slide|p2a: Avalugg
|-supereffective|p2a: Avalugg
|-damage|p2a: Avalugg|0 fnt
|faint|p2a: Avalugg
|
|upkeep
|choice||switch 4
|
|switch|p2a: Ampharos|Ampharos, F|384\/384
|-damage|p2a: Ampharos|336\/384|[from] stealthrock
|turn|7
|choice|switch 2|move thunderbolt
|
|switch|p1a: Gourgeist|Gourgeist-Super, M|374\/374
|-item|p2a: Ampharos|Leftovers|[from] ability: Frisk|[of] p1a: Gourgeist|[identify]
|move|p2a: Ampharos|Thunderbolt|p1a: Gourgeist
|-resisted|p1a: Gourgeist
|-damage|p1a: Gourgeist|266\/374
|
|-heal|p2a: Ampharos|360\/384|[from] item: Leftovers
|-fieldend|move: Trick Room
|upkeep
|turn|8
|choice|move trickroom|switch 2
|
|switch|p2a: Chatot|Chatot, F|294\/294
|-damage|p2a: Chatot|221\/294|[from] stealthrock
|move|p1a: Gourgeist|Trick Room|p1a: Gourgeist
|-fieldstart|move: Trick Room|[of] p1a: Gourgeist
|
|upkeep
|turn|9
|choice|move explosion|move encore
|
|move|p1a: Gourgeist|Explosion|p2a: Chatot
|-damage|p2a: Chatot|0 fnt
|faint|p1a: Gourgeist
|faint|p2a: Chatot
|
|upkeep
|choice|switch 2|switch 5
|
|switch|p1a: Rampardos|Rampardos, M|252\/398
|switch|p2a: Altaria|Altaria, M|292\/292
|-damage|p2a: Altaria|219\/292|[from] stealthrock
|turn|10
|choice|move icebeam|move moonblast
|
|move|p1a: Rampardos|Ice Beam|p2a: Altaria
|-supereffective|p2a: Altaria
|-damage|p2a: Altaria|0 fnt
|faint|p2a: Altaria
|
|upkeep
|choice||switch 2
|
|switch|p2a: Ampharos|Ampharos, F|360\/384
|-damage|p2a: Ampharos|312\/384|[from] stealthrock
|turn|11
|choice|move rockslide|move thunderbolt
|
|move|p1a: Rampardos|Rock Slide|p2a: Ampharos
|-damage|p2a: Ampharos|0 fnt
|faint|p2a: Ampharos
|
|upkeep
|choice||switch 6
|
|switch|p2a: Floatzel|Floatzel, F|348\/348
|-damage|p2a: Floatzel|305\/348|[from] stealthrock
|turn|12
|c|☆giangray101|gg
|choice|move rockslide|move aquajet
|
|move|p2a: Floatzel|Aqua Jet|p1a: Rampardos
|-supereffective|p1a: Rampardos
|-damage|p1a: Rampardos|64\/398
|move|p1a: Rampardos|Rock Slide|p2a: Floatzel
|-damage|p2a: Floatzel|0 fnt
|faint|p2a: Floatzel
|
|win|lcezasfuck
|c|☆lcezasfuck|gg
|l|giangray101</script>
</div>
<div class="battle-log battle-log-inline"><div class="inner"><div class="battle-options"></div><div class="inner"><div class="chat"><small>lcezasfuck joined.</small></div><div class="chat"><small>giangray101 joined.</small></div><div class=""><small>Format:</small> <br><strong>PU</strong></div><div class=""><small><em>Sleep Clause Mod:</em> Limit one foe put to sleep</small></div><div class=""><small><em>Species Clause:</em> Limit one of each Pokémon</small></div><div class=""><small><em>OHKO Clause:</em> OHKO moves are banned</small></div><div class=""><small><em>Moody Clause:</em> Moody is banned</small></div><div class=""><small><em>Evasion Moves Clause:</em> Evasion moves are banned</small></div><div class=""><small><em>Endless Battle Clause:</em> Forcing endless battles is banned</small></div><div class=""><small><em>HP Percentage Mod:</em> HP is shown in percentages</small></div><div class=""><small><em>Swagger Clause:</em> Swagger is banned</small></div><div class=""><small><em>Baton Pass Clause:</em> Limit one Baton Passer, can't pass Spe and other stats simultaneously</small></div><div class="chat battle-history"><strong>lcezasfuck's team:</strong> <em style="color:#445566;display:block;">Carbink / Gourgeist-* / Rampardos / Audino / Marowak / Beheeyem</em></div><div class="chat battle-history"><strong>giangray101's team:</strong> <em style="color:#445566;display:block;">Beedrill / Chatot / Avalugg / Ampharos / Altaria / Floatzel</em></div><div class="chat chatmessage-giangray101"><strong style="color:hsl(58,43%,40%)"><small>☆</small><span class="username" data-name="giangray101">giangray101</span>:</strong> <em>sorry to keep you waiting</em></div><div class="spacer battle-history"><br></div><div class="battle-history">Battle started between lcezasfuck and giangray101!<br></div><div class="spacer battle-history"><br></div><div class="battle-history">Go! <strong>Carbink</strong>!<br></div><div class="spacer battle-history"><br></div><div class="battle-history">giangray101 sent out <strong>Beedrill</strong>!<br></div><div class="spacer battle-history"><br></div><h2 class="battle-history">Turn 1</h2><div class="spacer battle-history"><br></div><div class="battle-history">Carbink used <strong>Magic Coat</strong>!<br></div><div class="battle-history"><small>Carbink shrouded itself with Magic Coat!</small><br></div><div class="spacer battle-history"><br></div><div class="battle-history">The opposing Beedrill used <strong>Focus Energy</strong>!<br></div><div class="battle-history"><small>The opposing Beedrill is getting pumped!</small><br></div><div class="spacer battle-history"><br></div><h2 class="battle-history">Turn 2</h2><div class="spacer battle-history"><br></div><div class="battle-history">The opposing Beedrill used <strong>Knock Off</strong>!<br></div><div class="battle-history"><small>It's not very effective...</small><br></div><div class="battle-history"><small>A critical hit!</small><br></div><div class="battle-history"><small>(Carbink lost <abbr title="−76/304">25%</abbr> of its health!)</small><br></div><div class="battle-history"><small>The opposing Beedrill knocked off Carbink's Mental Herb!</small><br></div><div class="spacer battle-history"><br></div><div class="battle-history">Carbink used <strong>Stealth Rock</strong>!<br></div><div class="battle-history"><small>Pointed stones float in the air around the opposing team!</small><br></div><div class="spacer battle-history"><br></div><h2 class="battle-history">Turn 3</h2><div class="spacer battle-history"><br></div><div class="battle-history">The opposing Beedrill used <strong>Poison Jab</strong>!<br></div><div class="battle-history"><small>A critical hit!</small><br></div><div class="battle-history"><small>(Carbink lost <abbr title="−202/304">66.4%</abbr> of its health!)</small><br></div><div class="spacer battle-history"><br></div><div class="battle-history">Carbink used <strong>Trick Room</strong>!<br></div><div class="battle-history"><small>Carbink twisted the dimensions!</small><br></div><div class="spacer battle-history"><br></div><h2 class="battle-history">Turn 4</h2><div class="spacer battle-history"><br></div><div class="battle-history">Carbink used <strong>Explosion</strong>!<br></div><div class="battle-history"><small>The opposing Beedrill hung on using its Focus Sash!</small><br></div><div class="battle-history"><small>(The opposing Beedrill lost <abbr title="−271/272">99.6%</abbr> of its health!)</small><br></div><div class="spacer battle-history"><br></div><div class="battle-history">Carbink fainted!<br></div><div class="battle-history">The opposing Beedrill used <strong>Poison Jab</strong>!<br></div><div class="battle-history"><small>But there was no target...</small><br></div><div class="spacer battle-history"><br></div><div class="battle-history">Go! <strong>Rampardos</strong>!<br></div><div class="spacer battle-history"><br></div><h2 class="battle-history">Turn 5</h2><div class="spacer battle-history"><br></div><div class="battle-history">Rampardos used <strong>Iron Head</strong>!<br></div><div class="battle-history"><small>(The opposing Beedrill lost <abbr title="−1/272">0.4%</abbr> of its health!)</small><br></div><div class="spacer battle-history"><br></div><div class="battle-history">The opposing Beedrill fainted!<br></div><div class="chat message-error">Battle timer is ON: inactive players will automatically lose when time's up. (requested by lcezasfuck)</div><div class="spacer battle-history"><br></div><div class="battle-history">giangray101 sent out <strong>Avalugg</strong>!<br></div><div class="battle-history"><small>Pointed stones dug into the opposing Avalugg!</small><br></div><div class="spacer battle-history"><br></div><h2 class="battle-history">Turn 6</h2><div class="spacer battle-history"><br></div><div class="battle-history">The opposing Avalugg used <strong>Gyro Ball</strong>!<br></div><div class="battle-history"><small>It's super effective!</small><br></div><div class="battle-history"><small>(Rampardos lost <abbr title="−146/398">36.7%</abbr> of its health!)</small><br></div><div class="spacer battle-history"><br></div><div class="battle-history">Rampardos used <strong>Rock Slide</strong>!<br></div><div class="battle-history"><small>It's super effective!</small><br></div><div class="battle-history"><small>(The opposing Avalugg lost <abbr title="−249/331">75.2%</abbr> of its health!)</small><br></div><div class="spacer battle-history"><br></div><div class="battle-history">The opposing Avalugg fainted!<br></div><div class="spacer battle-history"><br></div><div class="battle-history">giangray101 sent out <strong>Ampharos</strong>!<br></div><div class="battle-history"><small>Pointed stones dug into the opposing Ampharos!</small><br></div><div class="spacer battle-history"><br></div><h2 class="battle-history">Turn 7</h2><div class="spacer battle-history"><br></div><div class="battle-history">Rampardos, come back!<br></div><div class="battle-history">Go! Gourgeist (<strong>Gourgeist-Super</strong>)!<br></div><div class="battle-history"><small>[Gourgeist's Frisk]</small><br><small>Gourgeist frisked the opposing Ampharos and found its Leftovers!</small><br></div><div class="spacer battle-history"><br></div><div class="battle-history">The opposing Ampharos used <strong>Thunderbolt</strong>!<br></div><div class="battle-history"><small>It's not very effective...</small><br></div><div class="battle-history"><small>(Gourgeist lost <abbr title="−108/374">28.9%</abbr> of its health!)</small><br></div><div class="spacer battle-history"><br></div><div class="battle-history"><small>The opposing Ampharos restored a little HP using its Leftovers!</small><br></div><div class="battle-history"><small>The twisted dimensions returned to normal!</small><br></div><div class="spacer battle-history"><br></div><h2 class="battle-history">Turn 8</h2><div class="spacer battle-history"><br></div><div class="battle-history">giangray101 withdrew Ampharos!<br></div><div class="battle-history">giangray101 sent out <strong>Chatot</strong>!<br></div><div class="battle-history"><small>Pointed stones dug into the opposing Chatot!</small><br></div><div class="spacer battle-history"><br></div><div class="battle-history">Gourgeist used <strong>Trick Room</strong>!<br></div><div class="battle-history"><small>Gourgeist twisted the dimensions!</small><br></div><div class="spacer battle-history"><br></div><h2 class="battle-history">Turn 9</h2><div class="spacer battle-history"><br></div><div class="battle-history">Gourgeist used <strong>Explosion</strong>!<br></div><div class="battle-history"><small>(The opposing Chatot lost <abbr title="−221/294">75.2%</abbr> of its health!)</small><br></div><div class="spacer battle-history"><br></div><div class="battle-history">Gourgeist fainted!<br></div><div class="battle-history">The opposing Chatot fainted!<br></div><div class="spacer battle-history"><br></div><div class="battle-history">Go! <strong>Rampardos</strong>!<br></div><div class="spacer battle-history"><br></div><div class="battle-history">giangray101 sent out <strong>Altaria</strong>!<br></div><div class="battle-history"><small>Pointed stones dug into the opposing Altaria!</small><br></div><div class="spacer battle-history"><br></div><h2 class="battle-history">Turn 10</h2><div class="spacer battle-history"><br></div><div class="battle-history">Rampardos used <strong>Ice Beam</strong>!<br></div><div class="battle-history"><small>It's super effective!</small><br></div><div class="battle-history"><small>(The opposing Altaria lost <abbr title="−219/292">75%</abbr> of its health!)</small><br></div><div class="spacer battle-history"><br></div><div class="battle-history">The opposing Altaria fainted!<br></div><div class="spacer battle-history"><br></div><div class="battle-history">giangray101 sent out <strong>Ampharos</strong>!<br></div><div class="battle-history"><small>Pointed stones dug into the opposing Ampharos!</small><br></div><div class="spacer battle-history"><br></div><h2 class="battle-history">Turn 11</h2><div class="spacer battle-history"><br></div><div class="battle-history">Rampardos used <strong>Rock Slide</strong>!<br></div><div class="battle-history"><small>(The opposing Ampharos lost <abbr title="−312/384">81.3%</abbr> of its health!)</small><br></div><div class="spacer battle-history"><br></div><div class="battle-history">The opposing Ampharos fainted!<br></div><div class="spacer battle-history"><br></div><div class="battle-history">giangray101 sent out <strong>Floatzel</strong>!<br></div><div class="battle-history"><small>Pointed stones dug into the opposing Floatzel!</small><br></div><div class="spacer battle-history"><br></div><h2 class="battle-history">Turn 12</h2><div class="chat chatmessage-giangray101"><strong style="color:hsl(58,43%,40%)"><small>☆</small><span class="username" data-name="giangray101">giangray101</span>:</strong> <em>gg</em></div><div class="spacer battle-history"><br></div><div class="battle-history">The opposing Floatzel used <strong>Aqua Jet</strong>!<br></div><div class="battle-history"><small>It's super effective!</small><br></div><div class="battle-history"><small>(Rampardos lost <abbr title="−188/398">47.2%</abbr> of its health!)</small><br></div><div class="spacer battle-history"><br></div><div class="battle-history">Rampardos used <strong>Rock Slide</strong>!<br></div><div class="battle-history"><small>(The opposing Floatzel lost <abbr title="−305/348">87.6%</abbr> of its health!)</small><br></div><div class="spacer battle-history"><br></div><div class="battle-history">The opposing Floatzel fainted!<br></div><div class="spacer battle-history"><br></div><div class="battle-history"><strong>lcezasfuck</strong> won the battle!<br></div><div class="chat chatmessage-lcezasfuck"><strong style="color:hsl(63,60%,38.09380051909%)"><small>☆</small><span class="username" data-name="lcezasfuck">lcezasfuck</span>:</strong> <em>gg</em></div><div class="chat"><small>giangray101 left.</small></div></div><div class="inner-preempt"></div></div></div>
</div>
<script>
let daily = Math.floor(Date.now()/1000/60/60/24);document.write('<script src="https://play.pokemonshowdown.com/js/replay-embed.js?version'+daily+'"></'+'script>');
</script>
