<!DOCTYPE html>
<meta charset="utf-8" />
<!-- version 1 -->
<title>PU replay: Haund vs. PokemonMasterTJ</title>
<style>
html,body {font-family:Verdana, sans-serif;font-size:10pt;margin:0;padding:0;}body{padding:12px 0;} .battle-log {font-family:Verdana, sans-serif;font-size:10pt;} .battle-log-inline {border:1px solid #AAAAAA;background:#EEF2F5;color:black;max-width:640px;margin:0 auto 80px;padding-bottom:5px;} .battle-log .inner {padding:4px 8px 0px 8px;} .battle-log .inner-preempt {padding:0 8px 4px 8px;} .battle-log .inner-after {margin-top:0.5em;} .battle-log h2 {margin:0.5em -8px;padding:4px 8px;border:1px solid #AAAAAA;background:#E0E7EA;border-left:0;border-right:0;font-family:Verdana, sans-serif;font-size:13pt;} .battle-log .chat {vertical-align:middle;padding:3px 0 3px 0;font-size:8pt;} .battle-log .chat strong {color:#40576A;} .battle-log .chat em {padding:1px 4px 1px 3px;color:#000000;font-style:normal;} .chat.mine {background:rgba(0,0,0,0.05);margin-left:-8px;margin-right:-8px;padding-left:8px;padding-right:8px;} .spoiler {color:#BBBBBB;background:#BBBBBB;padding:0px 3px;} .spoiler:hover, .spoiler:active, .spoiler-shown {color:#000000;background:#E2E2E2;padding:0px 3px;} .spoiler a {color:#BBBBBB;} .spoiler:hover a, .spoiler:active a, .spoiler-shown a {color:#2288CC;} .chat code, .chat .spoiler:hover code, .chat .spoiler:active code, .chat .spoiler-shown code {border:1px solid #C0C0C0;background:#EEEEEE;color:black;padding:0 2px;} .chat .spoiler code {border:1px solid #CCCCCC;background:#CCCCCC;color:#CCCCCC;} .battle-log .rated {padding:3px 4px;} .battle-log .rated strong {color:white;background:#89A;padding:1px 4px;border-radius:4px;} .spacer {margin-top:0.5em;} .message-announce {background:#6688AA;color:white;padding:1px 4px 2px;} .message-announce a, .broadcast-green a, .broadcast-blue a, .broadcast-red a {color:#DDEEFF;} .broadcast-green {background-color:#559955;color:white;padding:2px 4px;} .broadcast-blue {background-color:#6688AA;color:white;padding:2px 4px;} .infobox {border:1px solid #6688AA;padding:2px 4px;} .infobox-limited {max-height:200px;overflow:auto;overflow-x:hidden;} .broadcast-red {background-color:#AA5544;color:white;padding:2px 4px;} .message-learn-canlearn {font-weight:bold;color:#228822;text-decoration:underline;} .message-learn-cannotlearn {font-weight:bold;color:#CC2222;text-decoration:underline;} .message-effect-weak {font-weight:bold;color:#CC2222;} .message-effect-resist {font-weight:bold;color:#6688AA;} .message-effect-immune {font-weight:bold;color:#666666;} .message-learn-list {margin-top:0;margin-bottom:0;} .message-throttle-notice, .message-error {color:#992222;} .message-overflow, .chat small.message-overflow {font-size:0pt;} .message-overflow::before {font-size:9pt;content:'...';} .subtle {color:#3A4A66;}
</style>
<div class="wrapper replay-wrapper" style="max-width:1180px;margin:0 auto">
<input type="hidden" name="replayid" value="pu-549290344" />
<div class="battle"></div><div class="battle-log"></div><div class="replay-controls"></div><div class="replay-controls-2"></div>
<h1 style="font-weight:normal;text-align:center"><strong>PU</strong><br /><a href="http://pokemonshowdown.com/users/haund" class="subtle" target="_blank">Haund</a> vs. <a href="http://pokemonshowdown.com/users/pokemonmastertj" class="subtle" target="_blank">PokemonMasterTJ</a></h1>
<script type="text/plain" class="battle-log-data">|j|Haund
|j|PokemonMasterTJ
|player|p1|Haund|#haund
|player|p2|PokemonMasterTJ|287
|gametype|singles
|gen|6
|tier|PU
|seed|41939,52815,51699,54877
|rule|Sleep Clause Mod: Limit one foe put to sleep
|rule|Species Clause: Limit one of each Pokémon
|rule|OHKO Clause: OHKO moves are banned
|rule|Moody Clause: Moody is banned
|rule|Evasion Moves Clause: Evasion moves are banned
|rule|Endless Battle Clause: Forcing endless battles is banned
|rule|HP Percentage Mod: HP is shown in percentages
|clearpoke
|poke|p1|Trapinch, M|item
|poke|p1|Dodrio, M|item
|poke|p1|Probopass, M|item
|poke|p1|Floatzel, M|item
|poke|p1|Pawniard, M|item
|poke|p1|Vullaby, F|item
|poke|p2|Stoutland, M|item
|poke|p2|Beheeyem, F|item
|poke|p2|Rotom-Frost|item
|poke|p2|Pelipper, F|item
|poke|p2|Golem, M|item
|poke|p2|Monferno, M|item
|rule|Swagger Clause: Swagger is banned
|rule|Baton Pass Clause: Limit one Baton Passer, can't pass Spe and other stats simultaneously
|teampreview
|c|☆Haund|hf
|j|Rocky21
|c|☆PokemonMasterTJ|u2
|choice|team 6, team 2, team 3, team 4, team 5, team 1|team 1, team 2, team 3, team 4, team 5, team 6
|
|start
|switch|p1a: Vullaby|Vullaby, F|344\/344
|switch|p2a: Stoutland|Stoutland, M|369\/369
|turn|1
|choice|move uturn|move toxic
|
|move|p2a: Stoutland|Toxic|p1a: Vullaby
|-status|p1a: Vullaby|tox
|move|p1a: Vullaby|U-turn|p2a: Stoutland
|-crit|p2a: Stoutland
|-damage|p2a: Stoutland|315\/369
|c|☆Haund|,
|c|☆Haund|hot
|choice|switch 3|
|
|switch|p1a: Probopass|Probopass, M|304\/304
|
|-heal|p2a: Stoutland|338\/369|[from] item: Leftovers
|upkeep
|turn|2
|choice|switch 3|switch 5
|
|switch|p2a: Golem|Golem, M|363\/363
|switch|p1a: Vullaby|Vullaby, F|344\/344 tox
|
|-damage|p1a: Vullaby|323\/344 tox|[from] psn
|upkeep
|turn|3
|choice|move uturn|move stealthrock
|
|move|p1a: Vullaby|U-turn|p2a: Golem
|-damage|p2a: Golem|336\/363
|choice|switch 4|
|
|switch|p1a: Floatzel|Floatzel, M|311\/311
|move|p2a: Golem|Stealth Rock|p1a: Floatzel
|-sidestart|p1: Haund|move: Stealth Rock
|
|-heal|p2a: Golem|358\/363|[from] item: Leftovers
|upkeep
|turn|4
|choice|move hydropump|switch 4
|
|switch|p2a: Pelipper|Pelipper, F|321\/321
|move|p1a: Floatzel|Hydro Pump|p2a: Pelipper
|-resisted|p2a: Pelipper
|-crit|p2a: Pelipper
|-damage|p2a: Pelipper|142\/321
|-damage|p1a: Floatzel|280\/311|[from] item: Life Orb
|
|-heal|p2a: Pelipper|162\/321|[from] item: Leftovers
|upkeep
|turn|5
|choice|move hiddenpower|switch 3
|
|switch|p2a: Rotom|Rotom-Frost|241\/241
|move|p1a: Floatzel|Hidden Power|p2a: Rotom
|-resisted|p2a: Rotom
|-damage|p2a: Rotom|207\/241
|-damage|p1a: Floatzel|249\/311|[from] item: Life Orb
|
|upkeep
|turn|6
|choice|switch 3|move voltswitch
|
|switch|p1a: Probopass|Probopass, M|304\/304
|-damage|p1a: Probopass|285\/304|[from] Stealth Rock
|move|p2a: Rotom|Volt Switch|p1a: Probopass
|-damage|p1a: Probopass|212\/304
|choice||switch 6
|
|switch|p2a: Monferno|Monferno, M|321\/321
|
|-heal|p1a: Probopass|231\/304|[from] item: Leftovers
|upkeep
|turn|7
|choice|move stealthrock|move closecombat
|
|move|p2a: Monferno|Close Combat|p1a: Probopass
|-supereffective|p1a: Probopass
|-damage|p1a: Probopass|0 fnt
|-unboost|p2a: Monferno|def|1
|-unboost|p2a: Monferno|spd|1
|faint|p1a: Probopass
|
|upkeep
|choice|switch 4|
|
|switch|p1a: Vullaby|Vullaby, F|323\/344 tox
|-damage|p1a: Vullaby|237\/344 tox|[from] Stealth Rock
|turn|8
|choice|move defog|move closecombat
|
|move|p2a: Monferno|Close Combat|p1a: Vullaby
|-damage|p1a: Vullaby|155\/344 tox
|-unboost|p2a: Monferno|def|1
|-unboost|p2a: Monferno|spd|1
|move|p1a: Vullaby|Defog|p2a: Monferno
|-unboost|p2a: Monferno|evasion|1
|-sideend|p1: Haund|Stealth Rock|[from] move: Defog|[of] p1a: Vullaby
|
|-damage|p1a: Vullaby|134\/344 tox|[from] psn
|upkeep
|turn|9
|choice|move roost|move closecombat
|
|move|p2a: Monferno|Close Combat|p1a: Vullaby
|-damage|p1a: Vullaby|58\/344 tox
|-unboost|p2a: Monferno|def|1
|-unboost|p2a: Monferno|spd|1
|move|p1a: Vullaby|Roost|p1a: Vullaby
|-heal|p1a: Vullaby|230\/344 tox
|
|-damage|p1a: Vullaby|188\/344 tox|[from] psn
|upkeep
|turn|10
|choice|move foulplay|switch 3
|
|switch|p2a: Pelipper|Pelipper, F|162\/321
|move|p1a: Vullaby|Foul Play|p2a: Pelipper
|-damage|p2a: Pelipper|123\/321
|
|-heal|p2a: Pelipper|143\/321|[from] item: Leftovers
|-damage|p1a: Vullaby|125\/344 tox|[from] psn
|upkeep
|turn|11
|choice|switch 3|move roost
|
|switch|p1a: Floatzel|Floatzel, M|249\/311
|move|p2a: Pelipper|Roost|p2a: Pelipper
|-heal|p2a: Pelipper|304\/321
|
|-heal|p2a: Pelipper|321\/321|[from] item: Leftovers
|upkeep
|turn|12
|choice|move batonpass|switch 5
|
|switch|p2a: Stoutland|Stoutland, M|338\/369
|move|p1a: Floatzel|Baton Pass|p1a: Floatzel
|j|Averardo III
|choice|switch 3|
|
|switch|p1a: Vullaby|Vullaby, F|125\/344 tox
|
|-heal|p2a: Stoutland|361\/369|[from] item: Leftovers
|-damage|p1a: Vullaby|104\/344 tox|[from] psn
|upkeep
|turn|13
|choice|move roost|move frustration
|
|move|p2a: Stoutland|Frustration|p1a: Vullaby
|-damage|p1a: Vullaby|29\/344 tox
|move|p1a: Vullaby|Roost|p1a: Vullaby
|-heal|p1a: Vullaby|201\/344 tox
|
|-heal|p2a: Stoutland|369\/369|[from] item: Leftovers
|-damage|p1a: Vullaby|159\/344 tox|[from] psn
|upkeep
|turn|14
|choice|move roost|switch 4
|
|switch|p2a: Golem|Golem, M|358\/363
|move|p1a: Vullaby|Roost|p1a: Vullaby
|-heal|p1a: Vullaby|331\/344 tox
|
|-heal|p2a: Golem|363\/363|[from] item: Leftovers
|-damage|p1a: Vullaby|268\/344 tox|[from] psn
|upkeep
|turn|15
|choice|switch 6|move stealthrock
|
|switch|p1a: Trapinch|Trapinch, M|294\/294
|move|p2a: Golem|Stealth Rock|p1a: Trapinch
|-sidestart|p1: Haund|move: Stealth Rock
|
|upkeep
|turn|16
|choice|move earthquake|move earthquake
|
|move|p2a: Golem|Earthquake|p1a: Trapinch
|-damage|p1a: Trapinch|135\/294
|move|p1a: Trapinch|Earthquake|p2a: Golem
|-supereffective|p2a: Golem
|-damage|p2a: Golem|199\/363
|
|-heal|p2a: Golem|221\/363|[from] item: Leftovers
|upkeep
|turn|17
|choice|move earthquake|move earthquake
|
|move|p2a: Golem|Earthquake|p1a: Trapinch
|-damage|p1a: Trapinch|0 fnt
|faint|p1a: Trapinch
|
|-heal|p2a: Golem|243\/363|[from] item: Leftovers
|upkeep
|choice|switch 3|
|
|switch|p1a: Floatzel|Floatzel, M|249\/311
|-damage|p1a: Floatzel|211\/311|[from] Stealth Rock
|turn|18
|choice|move hydropump|switch 4
|
|switch|p2a: Stoutland|Stoutland, M|369\/369
|move|p1a: Floatzel|Hydro Pump|p2a: Stoutland|[miss]
|-miss|p1a: Floatzel|p2a: Stoutland
|
|upkeep
|turn|19
|choice|move hydropump|move frustration
|
|move|p1a: Floatzel|Hydro Pump|p2a: Stoutland|[miss]
|-miss|p1a: Floatzel|p2a: Stoutland
|move|p2a: Stoutland|Frustration|p1a: Floatzel
|-crit|p1a: Floatzel
|-damage|p1a: Floatzel|0 fnt
|faint|p1a: Floatzel
|
|upkeep
|choice|switch 5|
|
|switch|p1a: Pawniard|Pawniard, M|232\/232
|-damage|p1a: Pawniard|218\/232|[from] Stealth Rock
|turn|20
|choice|move knockoff|switch 3
|
|switch|p2a: Monferno|Monferno, M|321\/321
|move|p1a: Pawniard|Knock Off|p2a: Monferno
|-resisted|p2a: Monferno
|-damage|p2a: Monferno|246\/321
|-enditem|p2a: Monferno|Eviolite|[from] move: Knock Off|[of] p1a: Pawniard
|
|upkeep
|turn|21
|choice|switch 6|move closecombat
|
|switch|p1a: Vullaby|Vullaby, F|268\/344 tox
|-damage|p1a: Vullaby|182\/344 tox|[from] Stealth Rock
|move|p2a: Monferno|Close Combat|p1a: Vullaby
|-damage|p1a: Vullaby|109\/344 tox
|-unboost|p2a: Monferno|def|1
|-unboost|p2a: Monferno|spd|1
|
|-damage|p1a: Vullaby|88\/344 tox|[from] psn
|upkeep
|turn|22
|choice|move roost|move slackoff
|
|move|p2a: Monferno|Slack Off|p2a: Monferno
|-heal|p2a: Monferno|321\/321
|move|p1a: Vullaby|Roost|p1a: Vullaby
|-heal|p1a: Vullaby|260\/344 tox
|
|-damage|p1a: Vullaby|218\/344 tox|[from] psn
|upkeep
|turn|23
|choice|move foulplay|move closecombat
|
|move|p2a: Monferno|Close Combat|p1a: Vullaby
|-damage|p1a: Vullaby|133\/344 tox
|-unboost|p2a: Monferno|def|1
|-unboost|p2a: Monferno|spd|1
|move|p1a: Vullaby|Foul Play|p2a: Monferno
|-resisted|p2a: Monferno
|-damage|p2a: Monferno|152\/321
|
|-damage|p1a: Vullaby|70\/344 tox|[from] psn
|upkeep
|turn|24
|j|quagsgone
|l|Averardo III
|choice|move roost|move closecombat
|
|move|p2a: Monferno|Close Combat|p1a: Vullaby
|-damage|p1a: Vullaby|0 fnt
|-unboost|p2a: Monferno|def|1
|-unboost|p2a: Monferno|spd|1
|faint|p1a: Vullaby
|
|upkeep
|choice|switch 2|
|
|switch|p1a: Dodrio|Dodrio, M|261\/261
|-damage|p1a: Dodrio|196\/261|[from] Stealth Rock
|turn|25
|choice|move return|switch 4
|
|switch|p2a: Golem|Golem, M|243\/363
|move|p1a: Dodrio|Return|p2a: Golem
|-resisted|p2a: Golem
|-damage|p2a: Golem|184\/363
|
|-heal|p2a: Golem|206\/363|[from] item: Leftovers
|upkeep
|turn|26
|choice|move return|move earthquake
|
|move|p1a: Dodrio|Return|p2a: Golem
|-resisted|p2a: Golem
|-damage|p2a: Golem|150\/363
|move|p2a: Golem|Earthquake|p1a: Dodrio
|-immune|p1a: Dodrio|[msg]
|
|-heal|p2a: Golem|172\/363|[from] item: Leftovers
|upkeep
|turn|27
|choice|move return|move rockblast
|
|move|p1a: Dodrio|Return|p2a: Golem
|-resisted|p2a: Golem
|-damage|p2a: Golem|114\/363
|move|p2a: Golem|Rock Blast|p1a: Dodrio
|-supereffective|p1a: Dodrio
|-damage|p1a: Dodrio|100\/261
|-supereffective|p1a: Dodrio
|-damage|p1a: Dodrio|10\/261
|-hitcount|p1a: Dodrio|2
|
|-heal|p2a: Golem|136\/363|[from] item: Leftovers
|upkeep
|turn|28
|choice|move return|move rockblast
|
|move|p1a: Dodrio|Return|p2a: Golem
|-resisted|p2a: Golem
|-damage|p2a: Golem|77\/363
|move|p2a: Golem|Rock Blast|p1a: Dodrio
|-supereffective|p1a: Dodrio
|-damage|p1a: Dodrio|0 fnt
|-hitcount|p1a: Dodrio|1
|faint|p1a: Dodrio
|
|-heal|p2a: Golem|99\/363|[from] item: Leftovers
|upkeep
|choice|switch 6|
|
|switch|p1a: Pawniard|Pawniard, M|218\/232
|-damage|p1a: Pawniard|204\/232|[from] Stealth Rock
|turn|29
|choice|move ironhead|move earthquake
|
|move|p1a: Pawniard|Iron Head|p2a: Golem
|-supereffective|p2a: Golem
|-damage|p2a: Golem|0 fnt
|faint|p2a: Golem
|
|upkeep
|choice||switch 4
|
|switch|p2a: Monferno|Monferno, M|152\/321
|turn|30
|choice|move suckerpunch|move closecombat
|
|move|p1a: Pawniard|Sucker Punch|p2a: Monferno
|-resisted|p2a: Monferno
|-damage|p2a: Monferno|57\/321
|move|p2a: Monferno|Close Combat|p1a: Pawniard
|-supereffective|p1a: Pawniard
|-damage|p1a: Pawniard|0 fnt
|-unboost|p2a: Monferno|def|1
|-unboost|p2a: Monferno|spd|1
|faint|p1a: Pawniard
|
|win|PokemonMasterTJ
|player|p1
|player|p2
|l|Haund
|c|☆PokemonMasterTJ|gg</script>
</div>
<div class="battle-log battle-log-inline"><div class="inner"><div class="battle-options"></div><div class="inner"><div class="chat"><small>Haund joined.</small></div><div class="chat"><small>PokemonMasterTJ joined.</small></div><div class=""><small>Format:</small> <br><strong>PU</strong></div><div class=""><small><em>Sleep Clause Mod:</em> Limit one foe put to sleep</small></div><div class=""><small><em>Species Clause:</em> Limit one of each Pokémon</small></div><div class=""><small><em>OHKO Clause:</em> OHKO moves are banned</small></div><div class=""><small><em>Moody Clause:</em> Moody is banned</small></div><div class=""><small><em>Evasion Moves Clause:</em> Evasion moves are banned</small></div><div class=""><small><em>Endless Battle Clause:</em> Forcing endless battles is banned</small></div><div class=""><small><em>HP Percentage Mod:</em> HP is shown in percentages</small></div><div class=""><small><em>Swagger Clause:</em> Swagger is banned</small></div><div class=""><small><em>Baton Pass Clause:</em> Limit one Baton Passer, can't pass Spe and other stats simultaneously</small></div><div class="chat battle-history"><strong>Haund's team:</strong> <em style="color:#445566;display:block;">Trapinch / Dodrio / Probopass / Floatzel / Pawniard / Vullaby</em></div><div class="chat battle-history"><strong>PokemonMasterTJ's team:</strong> <em style="color:#445566;display:block;">Stoutland / Beheeyem / Rotom-Frost / Pelipper / Golem / Monferno</em></div><div class="chat chatmessage-haund"><strong style="color:hsl(209,71%,47.72600068345586%)"><small>☆</small><span class="username" data-name="Haund">Haund</span>:</strong> <em>hf</em></div><div class="chat"><small>Rocky21 joined.</small></div><div class="chat chatmessage-pokemonmastertj"><strong style="color:hsl(26,75%,48%)"><small>☆</small><span class="username" data-name="PokemonMasterTJ">PokemonMasterTJ</span>:</strong> <em>u2</em></div><div class="spacer battle-history"><br></div><div class="battle-history">Battle started between Haund and PokemonMasterTJ!<br></div><div class="spacer battle-history"><br></div><div class="battle-history">Go! <strong>Vullaby</strong>!<br></div><div class="spacer battle-history"><br></div><div class="battle-history">PokemonMasterTJ sent out <strong>Stoutland</strong>!<br></div><div class="spacer battle-history"><br></div><h2 class="battle-history">Turn 1</h2><div class="spacer battle-history"><br></div><div class="battle-history">The opposing Stoutland used <strong>Toxic</strong>!<br></div><div class="battle-history"><small>Vullaby was badly poisoned!</small><br></div><div class="spacer battle-history"><br></div><div class="battle-history">Vullaby used <strong>U-turn</strong>!<br></div><div class="battle-history"><small>A critical hit!</small><br></div><div class="battle-history"><small>(The opposing Stoutland lost <abbr title="−54/369">14.6%</abbr> of its health!)</small><br></div><div class="chat chatmessage-haund"><strong style="color:hsl(209,71%,47.72600068345586%)"><small>☆</small><span class="username" data-name="Haund">Haund</span>:</strong> <em>,</em></div><div class="chat chatmessage-haund"><strong style="color:hsl(209,71%,47.72600068345586%)"><small>☆</small><span class="username" data-name="Haund">Haund</span>:</strong> <em>hot</em></div><div class="spacer battle-history"><br></div><div class="battle-history">Vullaby went back to Haund!<br></div><div class="battle-history">Go! <strong>Probopass</strong>!<br></div><div class="spacer battle-history"><br></div><div class="battle-history"><small>The opposing Stoutland restored a little HP using its Leftovers!</small><br></div><div class="spacer battle-history"><br></div><h2 class="battle-history">Turn 2</h2><div class="spacer battle-history"><br></div><div class="battle-history">PokemonMasterTJ withdrew Stoutland!<br></div><div class="battle-history">PokemonMasterTJ sent out <strong>Golem</strong>!<br></div><div class="spacer battle-history"><br></div><div class="battle-history">Probopass, come back!<br></div><div class="battle-history">Go! <strong>Vullaby</strong>!<br></div><div class="spacer battle-history"><br></div><div class="battle-history"><small>Vullaby was hurt by poison!</small><br></div><div class="spacer battle-history"><br></div><h2 class="battle-history">Turn 3</h2><div class="spacer battle-history"><br></div><div class="battle-history">Vullaby used <strong>U-turn</strong>!<br></div><div class="battle-history"><small>(The opposing Golem lost <abbr title="−27/363">7.4%</abbr> of its health!)</small><br></div><div class="spacer battle-history"><br></div><div class="battle-history">Vullaby went back to Haund!<br></div><div class="battle-history">Go! <strong>Floatzel</strong>!<br></div><div class="spacer battle-history"><br></div><div class="battle-history">The opposing Golem used <strong>Stealth Rock</strong>!<br></div><div class="battle-history"><small>Pointed stones float in the air around your team!</small><br></div><div class="spacer battle-history"><br></div><div class="battle-history"><small>The opposing Golem restored a little HP using its Leftovers!</small><br></div><div class="spacer battle-history"><br></div><h2 class="battle-history">Turn 4</h2><div class="spacer battle-history"><br></div><div class="battle-history">PokemonMasterTJ withdrew Golem!<br></div><div class="battle-history">PokemonMasterTJ sent out <strong>Pelipper</strong>!<br></div><div class="spacer battle-history"><br></div><div class="battle-history">Floatzel used <strong>Hydro Pump</strong>!<br></div><div class="battle-history"><small>It's not very effective...</small><br></div><div class="battle-history"><small>A critical hit!</small><br></div><div class="battle-history"><small>(The opposing Pelipper lost <abbr title="−179/321">55.8%</abbr> of its health!)</small><br></div><div class="battle-history"><small>Floatzel lost some of its HP!</small><br></div><div class="spacer battle-history"><br></div><div class="battle-history"><small>The opposing Pelipper restored a little HP using its Leftovers!</small><br></div><div class="spacer battle-history"><br></div><h2 class="battle-history">Turn 5</h2><div class="spacer battle-history"><br></div><div class="battle-history">PokemonMasterTJ withdrew Pelipper!<br></div><div class="battle-history">PokemonMasterTJ sent out Rotom (<strong>Rotom-Frost</strong>)!<br></div><div class="spacer battle-history"><br></div><div class="battle-history">Floatzel used <strong>Hidden Power</strong>!<br></div><div class="battle-history"><small>It's not very effective...</small><br></div><div class="battle-history"><small>(The opposing Rotom lost <abbr title="−34/241">14.1%</abbr> of its health!)</small><br></div><div class="battle-history"><small>Floatzel lost some of its HP!</small><br></div><div class="spacer battle-history"><br></div><h2 class="battle-history">Turn 6</h2><div class="spacer battle-history"><br></div><div class="battle-history">Floatzel, come back!<br></div><div class="battle-history">Go! <strong>Probopass</strong>!<br></div><div class="battle-history"><small>Pointed stones dug into Probopass!</small><br></div><div class="spacer battle-history"><br></div><div class="battle-history">The opposing Rotom used <strong>Volt Switch</strong>!<br></div><div class="battle-history"><small>(Probopass lost <abbr title="−73/304">24.0%</abbr> of its health!)</small><br></div><div class="spacer battle-history"><br></div><div class="battle-history">The opposing Rotom went back to PokemonMasterTJ!<br></div><div class="battle-history">PokemonMasterTJ sent out <strong>Monferno</strong>!<br></div><div class="spacer battle-history"><br></div><div class="battle-history"><small>Probopass restored a little HP using its Leftovers!</small><br></div><div class="spacer battle-history"><br></div><h2 class="battle-history">Turn 7</h2><div class="spacer battle-history"><br></div><div class="battle-history">The opposing Monferno used <strong>Close Combat</strong>!<br></div><div class="battle-history"><small>It's super effective!</small><br></div><div class="battle-history"><small>(Probopass lost <abbr title="−231/304">76.0%</abbr> of its health!)</small><br></div><div class="battle-history"><small>The opposing Monferno's Defense fell!</small><br></div><div class="battle-history"><small>The opposing Monferno's Special Defense fell!</small><br></div><div class="spacer battle-history"><br></div><div class="battle-history">Probopass fainted!<br></div><div class="spacer battle-history"><br></div><div class="battle-history">Go! <strong>Vullaby</strong>!<br></div><div class="battle-history"><small>Pointed stones dug into Vullaby!</small><br></div><div class="spacer battle-history"><br></div><h2 class="battle-history">Turn 8</h2><div class="spacer battle-history"><br></div><div class="battle-history">The opposing Monferno used <strong>Close Combat</strong>!<br></div><div class="battle-history"><small>(Vullaby lost <abbr title="−82/344">23.8%</abbr> of its health!)</small><br></div><div class="battle-history"><small>The opposing Monferno's Defense fell!</small><br></div><div class="battle-history"><small>The opposing Monferno's Special Defense fell!</small><br></div><div class="spacer battle-history"><br></div><div class="battle-history">Vullaby used <strong>Defog</strong>!<br></div><div class="battle-history"><small>The opposing Monferno's evasiveness fell!</small><br></div><div class="battle-history"><small>The pointed stones disappeared from around your team!</small><br></div><div class="spacer battle-history"><br></div><div class="battle-history"><small>Vullaby was hurt by poison!</small><br></div><div class="spacer battle-history"><br></div><h2 class="battle-history">Turn 9</h2><div class="spacer battle-history"><br></div><div class="battle-history">The opposing Monferno used <strong>Close Combat</strong>!<br></div><div class="battle-history"><small>(Vullaby lost <abbr title="−76/344">22.1%</abbr> of its health!)</small><br></div><div class="battle-history"><small>The opposing Monferno's Defense fell!</small><br></div><div class="battle-history"><small>The opposing Monferno's Special Defense fell!</small><br></div><div class="spacer battle-history"><br></div><div class="battle-history">Vullaby used <strong>Roost</strong>!<br></div><div class="battle-history"><small>Vullaby restored its HP.</small><br></div><div class="spacer battle-history"><br></div><div class="battle-history"><small>Vullaby was hurt by poison!</small><br></div><div class="spacer battle-history"><br></div><h2 class="battle-history">Turn 10</h2><div class="spacer battle-history"><br></div><div class="battle-history">PokemonMasterTJ withdrew Monferno!<br></div><div class="battle-history">PokemonMasterTJ sent out <strong>Pelipper</strong>!<br></div><div class="spacer battle-history"><br></div><div class="battle-history">Vullaby used <strong>Foul Play</strong>!<br></div><div class="battle-history"><small>(The opposing Pelipper lost <abbr title="−39/321">12.1%</abbr> of its health!)</small><br></div><div class="spacer battle-history"><br></div><div class="battle-history"><small>The opposing Pelipper restored a little HP using its Leftovers!</small><br></div><div class="battle-history"><small>Vullaby was hurt by poison!</small><br></div><div class="spacer battle-history"><br></div><h2 class="battle-history">Turn 11</h2><div class="spacer battle-history"><br></div><div class="battle-history">Vullaby, come back!<br></div><div class="battle-history">Go! <strong>Floatzel</strong>!<br></div><div class="spacer battle-history"><br></div><div class="battle-history">The opposing Pelipper used <strong>Roost</strong>!<br></div><div class="battle-history"><small>The opposing Pelipper restored its HP.</small><br></div><div class="spacer battle-history"><br></div><div class="battle-history"><small>The opposing Pelipper restored a little HP using its Leftovers!</small><br></div><div class="spacer battle-history"><br></div><h2 class="battle-history">Turn 12</h2><div class="spacer battle-history"><br></div><div class="battle-history">PokemonMasterTJ withdrew Pelipper!<br></div><div class="battle-history">PokemonMasterTJ sent out <strong>Stoutland</strong>!<br></div><div class="spacer battle-history"><br></div><div class="battle-history">Floatzel used <strong>Baton Pass</strong>!<br></div><div class="chat"><small>Averardo III joined.</small></div><div class="spacer battle-history"><br></div><div class="battle-history">Go! <strong>Vullaby</strong>!<br></div><div class="spacer battle-history"><br></div><div class="battle-history"><small>The opposing Stoutland restored a little HP using its Leftovers!</small><br></div><div class="battle-history"><small>Vullaby was hurt by poison!</small><br></div><div class="spacer battle-history"><br></div><h2 class="battle-history">Turn 13</h2><div class="spacer battle-history"><br></div><div class="battle-history">The opposing Stoutland used <strong>Frustration</strong>!<br></div><div class="battle-history"><small>(Vullaby lost <abbr title="−75/344">21.8%</abbr> of its health!)</small><br></div><div class="spacer battle-history"><br></div><div class="battle-history">Vullaby used <strong>Roost</strong>!<br></div><div class="battle-history"><small>Vullaby restored its HP.</small><br></div><div class="spacer battle-history"><br></div><div class="battle-history"><small>The opposing Stoutland restored a little HP using its Leftovers!</small><br></div><div class="battle-history"><small>Vullaby was hurt by poison!</small><br></div><div class="spacer battle-history"><br></div><h2 class="battle-history">Turn 14</h2><div class="spacer battle-history"><br></div><div class="battle-history">PokemonMasterTJ withdrew Stoutland!<br></div><div class="battle-history">PokemonMasterTJ sent out <strong>Golem</strong>!<br></div><div class="spacer battle-history"><br></div><div class="battle-history">Vullaby used <strong>Roost</strong>!<br></div><div class="battle-history"><small>Vullaby restored its HP.</small><br></div><div class="spacer battle-history"><br></div><div class="battle-history"><small>The opposing Golem restored a little HP using its Leftovers!</small><br></div><div class="battle-history"><small>Vullaby was hurt by poison!</small><br></div><div class="spacer battle-history"><br></div><h2 class="battle-history">Turn 15</h2><div class="spacer battle-history"><br></div><div class="battle-history">Vullaby, come back!<br></div><div class="battle-history">Go! <strong>Trapinch</strong>!<br></div><div class="spacer battle-history"><br></div><div class="battle-history">The opposing Golem used <strong>Stealth Rock</strong>!<br></div><div class="battle-history"><small>Pointed stones float in the air around your team!</small><br></div><div class="spacer battle-history"><br></div><h2 class="battle-history">Turn 16</h2><div class="spacer battle-history"><br></div><div class="battle-history">The opposing Golem used <strong>Earthquake</strong>!<br></div><div class="battle-history"><small>(Trapinch lost <abbr title="−159/294">54.1%</abbr> of its health!)</small><br></div><div class="spacer battle-history"><br></div><div class="battle-history">Trapinch used <strong>Earthquake</strong>!<br></div><div class="battle-history"><small>It's super effective!</small><br></div><div class="battle-history"><small>(The opposing Golem lost <abbr title="−164/363">45.2%</abbr> of its health!)</small><br></div><div class="spacer battle-history"><br></div><div class="battle-history"><small>The opposing Golem restored a little HP using its Leftovers!</small><br></div><div class="spacer battle-history"><br></div><h2 class="battle-history">Turn 17</h2><div class="spacer battle-history"><br></div><div class="battle-history">The opposing Golem used <strong>Earthquake</strong>!<br></div><div class="battle-history"><small>(Trapinch lost <abbr title="−135/294">45.9%</abbr> of its health!)</small><br></div><div class="spacer battle-history"><br></div><div class="battle-history">Trapinch fainted!<br></div><div class="spacer battle-history"><br></div><div class="battle-history"><small>The opposing Golem restored a little HP using its Leftovers!</small><br></div><div class="spacer battle-history"><br></div><div class="battle-history">Go! <strong>Floatzel</strong>!<br></div><div class="battle-history"><small>Pointed stones dug into Floatzel!</small><br></div><div class="spacer battle-history"><br></div><h2 class="battle-history">Turn 18</h2><div class="spacer battle-history"><br></div><div class="battle-history">PokemonMasterTJ withdrew Golem!<br></div><div class="battle-history">PokemonMasterTJ sent out <strong>Stoutland</strong>!<br></div><div class="spacer battle-history"><br></div><div class="battle-history">Floatzel used <strong>Hydro Pump</strong>!<br></div><div class="battle-history"><small>The opposing Stoutland avoided the attack!</small><br></div><div class="spacer battle-history"><br></div><h2 class="battle-history">Turn 19</h2><div class="spacer battle-history"><br></div><div class="battle-history">Floatzel used <strong>Hydro Pump</strong>!<br></div><div class="battle-history"><small>The opposing Stoutland avoided the attack!</small><br></div><div class="spacer battle-history"><br></div><div class="battle-history">The opposing Stoutland used <strong>Frustration</strong>!<br></div><div class="battle-history"><small>A critical hit!</small><br></div><div class="battle-history"><small>(Floatzel lost <abbr title="−211/311">67.8%</abbr> of its health!)</small><br></div><div class="spacer battle-history"><br></div><div class="battle-history">Floatzel fainted!<br></div><div class="spacer battle-history"><br></div><div class="battle-history">Go! <strong>Pawniard</strong>!<br></div><div class="battle-history"><small>Pointed stones dug into Pawniard!</small><br></div><div class="spacer battle-history"><br></div><h2 class="battle-history">Turn 20</h2><div class="spacer battle-history"><br></div><div class="battle-history">PokemonMasterTJ withdrew Stoutland!<br></div><div class="battle-history">PokemonMasterTJ sent out <strong>Monferno</strong>!<br></div><div class="spacer battle-history"><br></div><div class="battle-history">Pawniard used <strong>Knock Off</strong>!<br></div><div class="battle-history"><small>It's not very effective...</small><br></div><div class="battle-history"><small>(The opposing Monferno lost <abbr title="−75/321">23.4%</abbr> of its health!)</small><br></div><div class="battle-history"><small>Pawniard knocked off the opposing Monferno's Eviolite!</small><br></div><div class="spacer battle-history"><br></div><h2 class="battle-history">Turn 21</h2><div class="spacer battle-history"><br></div><div class="battle-history">Pawniard, come back!<br></div><div class="battle-history">Go! <strong>Vullaby</strong>!<br></div><div class="battle-history"><small>Pointed stones dug into Vullaby!</small><br></div><div class="spacer battle-history"><br></div><div class="battle-history">The opposing Monferno used <strong>Close Combat</strong>!<br></div><div class="battle-history"><small>(Vullaby lost <abbr title="−73/344">21.2%</abbr> of its health!)</small><br></div><div class="battle-history"><small>The opposing Monferno's Defense fell!</small><br></div><div class="battle-history"><small>The opposing Monferno's Special Defense fell!</small><br></div><div class="spacer battle-history"><br></div><div class="battle-history"><small>Vullaby was hurt by poison!</small><br></div><div class="spacer battle-history"><br></div><h2 class="battle-history">Turn 22</h2><div class="spacer battle-history"><br></div><div class="battle-history">The opposing Monferno used <strong>Slack Off</strong>!<br></div><div class="battle-history"><small>The opposing Monferno restored its HP.</small><br></div><div class="spacer battle-history"><br></div><div class="battle-history">Vullaby used <strong>Roost</strong>!<br></div><div class="battle-history"><small>Vullaby restored its HP.</small><br></div><div class="spacer battle-history"><br></div><div class="battle-history"><small>Vullaby was hurt by poison!</small><br></div><div class="spacer battle-history"><br></div><h2 class="battle-history">Turn 23</h2><div class="spacer battle-history"><br></div><div class="battle-history">The opposing Monferno used <strong>Close Combat</strong>!<br></div><div class="battle-history"><small>(Vullaby lost <abbr title="−85/344">24.7%</abbr> of its health!)</small><br></div><div class="battle-history"><small>The opposing Monferno's Defense fell!</small><br></div><div class="battle-history"><small>The opposing Monferno's Special Defense fell!</small><br></div><div class="spacer battle-history"><br></div><div class="battle-history">Vullaby used <strong>Foul Play</strong>!<br></div><div class="battle-history"><small>It's not very effective...</small><br></div><div class="battle-history"><small>(The opposing Monferno lost <abbr title="−169/321">52.6%</abbr> of its health!)</small><br></div><div class="spacer battle-history"><br></div><div class="battle-history"><small>Vullaby was hurt by poison!</small><br></div><div class="spacer battle-history"><br></div><h2 class="battle-history">Turn 24</h2><div class="chat"><small>quagsgone joined.</small></div><div class="chat"><small>Averardo III left.</small></div><div class="spacer battle-history"><br></div><div class="battle-history">The opposing Monferno used <strong>Close Combat</strong>!<br></div><div class="battle-history"><small>(Vullaby lost <abbr title="−70/344">20.3%</abbr> of its health!)</small><br></div><div class="battle-history"><small>The opposing Monferno's Defense fell!</small><br></div><div class="battle-history"><small>The opposing Monferno's Special Defense fell!</small><br></div><div class="spacer battle-history"><br></div><div class="battle-history">Vullaby fainted!<br></div><div class="spacer battle-history"><br></div><div class="battle-history">Go! <strong>Dodrio</strong>!<br></div><div class="battle-history"><small>Pointed stones dug into Dodrio!</small><br></div><div class="spacer battle-history"><br></div><h2 class="battle-history">Turn 25</h2><div class="spacer battle-history"><br></div><div class="battle-history">PokemonMasterTJ withdrew Monferno!<br></div><div class="battle-history">PokemonMasterTJ sent out <strong>Golem</strong>!<br></div><div class="spacer battle-history"><br></div><div class="battle-history">Dodrio used <strong>Return</strong>!<br></div><div class="battle-history"><small>It's not very effective...</small><br></div><div class="battle-history"><small>(The opposing Golem lost <abbr title="−59/363">16.3%</abbr> of its health!)</small><br></div><div class="spacer battle-history"><br></div><div class="battle-history"><small>The opposing Golem restored a little HP using its Leftovers!</small><br></div><div class="spacer battle-history"><br></div><h2 class="battle-history">Turn 26</h2><div class="spacer battle-history"><br></div><div class="battle-history">Dodrio used <strong>Return</strong>!<br></div><div class="battle-history"><small>It's not very effective...</small><br></div><div class="battle-history"><small>(The opposing Golem lost <abbr title="−56/363">15.4%</abbr> of its health!)</small><br></div><div class="spacer battle-history"><br></div><div class="battle-history">The opposing Golem used <strong>Earthquake</strong>!<br></div><div class="battle-history"><small>It doesn't affect Dodrio...</small><br></div><div class="spacer battle-history"><br></div><div class="battle-history"><small>The opposing Golem restored a little HP using its Leftovers!</small><br></div><div class="spacer battle-history"><br></div><h2 class="battle-history">Turn 27</h2><div class="spacer battle-history"><br></div><div class="battle-history">Dodrio used <strong>Return</strong>!<br></div><div class="battle-history"><small>It's not very effective...</small><br></div><div class="battle-history"><small>(The opposing Golem lost <abbr title="−58/363">16.0%</abbr> of its health!)</small><br></div><div class="spacer battle-history"><br></div><div class="battle-history">The opposing Golem used <strong>Rock Blast</strong>!<br></div><div class="battle-history"><small>It's super effective!</small><br></div><div class="battle-history"><small>(Dodrio lost <abbr title="−96/261">36.8%</abbr> of its health!)</small><br></div><div class="battle-history"><small>It's super effective!</small><br></div><div class="battle-history"><small>(Dodrio lost <abbr title="−90/261">34.5%</abbr> of its health!)</small><br></div><div class="battle-history"><small>Hit 2 times!</small><br></div><div class="spacer battle-history"><br></div><div class="battle-history"><small>The opposing Golem restored a little HP using its Leftovers!</small><br></div><div class="spacer battle-history"><br></div><h2 class="battle-history">Turn 28</h2><div class="spacer battle-history"><br></div><div class="battle-history">Dodrio used <strong>Return</strong>!<br></div><div class="battle-history"><small>It's not very effective...</small><br></div><div class="battle-history"><small>(The opposing Golem lost <abbr title="−59/363">16.3%</abbr> of its health!)</small><br></div><div class="spacer battle-history"><br></div><div class="battle-history">The opposing Golem used <strong>Rock Blast</strong>!<br></div><div class="battle-history"><small>It's super effective!</small><br></div><div class="battle-history"><small>(Dodrio lost <abbr title="−10/261">3.8%</abbr> of its health!)</small><br></div><div class="battle-history"><small>Hit 1 time!</small><br></div><div class="spacer battle-history"><br></div><div class="battle-history">Dodrio fainted!<br></div><div class="spacer battle-history"><br></div><div class="battle-history"><small>The opposing Golem restored a little HP using its Leftovers!</small><br></div><div class="spacer battle-history"><br></div><div class="battle-history">Go! <strong>Pawniard</strong>!<br></div><div class="battle-history"><small>Pointed stones dug into Pawniard!</small><br></div><div class="spacer battle-history"><br></div><h2 class="battle-history">Turn 29</h2><div class="spacer battle-history"><br></div><div class="battle-history">Pawniard used <strong>Iron Head</strong>!<br></div><div class="battle-history"><small>It's super effective!</small><br></div><div class="battle-history"><small>(The opposing Golem lost <abbr title="−99/363">27.3%</abbr> of its health!)</small><br></div><div class="spacer battle-history"><br></div><div class="battle-history">The opposing Golem fainted!<br></div><div class="spacer battle-history"><br></div><div class="battle-history">PokemonMasterTJ sent out <strong>Monferno</strong>!<br></div><div class="spacer battle-history"><br></div><h2 class="battle-history">Turn 30</h2><div class="spacer battle-history"><br></div><div class="battle-history">Pawniard used <strong>Sucker Punch</strong>!<br></div><div class="battle-history"><small>It's not very effective...</small><br></div><div class="battle-history"><small>(The opposing Monferno lost <abbr title="−95/321">29.6%</abbr> of its health!)</small><br></div><div class="spacer battle-history"><br></div><div class="battle-history">The opposing Monferno used <strong>Close Combat</strong>!<br></div><div class="battle-history"><small>It's super effective!</small><br></div><div class="battle-history"><small>(Pawniard lost <abbr title="−204/232">87.9%</abbr> of its health!)</small><br></div><div class="battle-history"><small>The opposing Monferno's Defense fell!</small><br></div><div class="battle-history"><small>The opposing Monferno's Special Defense fell!</small><br></div><div class="spacer battle-history"><br></div><div class="battle-history">Pawniard fainted!<br></div><div class="spacer battle-history"><br></div><div class="battle-history"><strong>PokemonMasterTJ</strong> won the battle!<br></div><div class="chat"><small>Haund left.</small></div><div class="chat chatmessage-pokemonmastertj"><strong style="color:hsl(26,75%,48%)"><small>☆</small><span class="username" data-name="PokemonMasterTJ">PokemonMasterTJ</span>:</strong> <em>gg</em></div></div><div class="inner-preempt"></div></div></div>
</div>
<script>
let daily = Math.floor(Date.now()/1000/60/60/24);document.write('<script src="https://play.pokemonshowdown.com/js/replay-embed.js?version'+daily+'"></'+'script>');
</script>
