<!DOCTYPE html>
<meta charset="utf-8" />
<!-- version 1 -->
<title>PU replay: PsykoCat vs. S-Arcobaleno *^-^*</title>
<style>
html,body {font-family:Verdana, sans-serif;font-size:10pt;margin:0;padding:0;}body{padding:12px 0;} .battle-log {font-family:Verdana, sans-serif;font-size:10pt;} .battle-log-inline {border:1px solid #AAAAAA;background:#EEF2F5;color:black;max-width:640px;margin:0 auto 80px;padding-bottom:5px;} .battle-log .inner {padding:4px 8px 0px 8px;} .battle-log .inner-preempt {padding:0 8px 4px 8px;} .battle-log .inner-after {margin-top:0.5em;} .battle-log h2 {margin:0.5em -8px;padding:4px 8px;border:1px solid #AAAAAA;background:#E0E7EA;border-left:0;border-right:0;font-family:Verdana, sans-serif;font-size:13pt;} .battle-log .chat {vertical-align:middle;padding:3px 0 3px 0;font-size:8pt;} .battle-log .chat strong {color:#40576A;} .battle-log .chat em {padding:1px 4px 1px 3px;color:#000000;font-style:normal;} .chat.mine {background:rgba(0,0,0,0.05);margin-left:-8px;margin-right:-8px;padding-left:8px;padding-right:8px;} .spoiler {color:#BBBBBB;background:#BBBBBB;padding:0px 3px;} .spoiler:hover, .spoiler:active, .spoiler-shown {color:#000000;background:#E2E2E2;padding:0px 3px;} .spoiler a {color:#BBBBBB;} .spoiler:hover a, .spoiler:active a, .spoiler-shown a {color:#2288CC;} .chat code, .chat .spoiler:hover code, .chat .spoiler:active code, .chat .spoiler-shown code {border:1px solid #C0C0C0;background:#EEEEEE;color:black;padding:0 2px;} .chat .spoiler code {border:1px solid #CCCCCC;background:#CCCCCC;color:#CCCCCC;} .battle-log .rated {padding:3px 4px;} .battle-log .rated strong {color:white;background:#89A;padding:1px 4px;border-radius:4px;} .spacer {margin-top:0.5em;} .message-announce {background:#6688AA;color:white;padding:1px 4px 2px;} .message-announce a, .broadcast-green a, .broadcast-blue a, .broadcast-red a {color:#DDEEFF;} .broadcast-green {background-color:#559955;color:white;padding:2px 4px;} .broadcast-blue {background-color:#6688AA;color:white;padding:2px 4px;} .infobox {border:1px solid #6688AA;padding:2px 4px;} .infobox-limited {max-height:200px;overflow:auto;overflow-x:hidden;} .broadcast-red {background-color:#AA5544;color:white;padding:2px 4px;} .message-learn-canlearn {font-weight:bold;color:#228822;text-decoration:underline;} .message-learn-cannotlearn {font-weight:bold;color:#CC2222;text-decoration:underline;} .message-effect-weak {font-weight:bold;color:#CC2222;} .message-effect-resist {font-weight:bold;color:#6688AA;} .message-effect-immune {font-weight:bold;color:#666666;} .message-learn-list {margin-top:0;margin-bottom:0;} .message-throttle-notice, .message-error {color:#992222;} .message-overflow, .chat small.message-overflow {font-size:0pt;} .message-overflow::before {font-size:9pt;content:'...';} .subtle {color:#3A4A66;}
</style>
<div class="wrapper replay-wrapper" style="max-width:1180px;margin:0 auto">
<input type="hidden" name="replayid" value="pokestrat-pu-1958" />
<div class="battle"></div><div class="battle-log"></div><div class="replay-controls"></div><div class="replay-controls-2"></div>
<h1 style="font-weight:normal;text-align:center"><strong>PU</strong><br /><a href="http://pokemonshowdown.com/users/psykocat" class="subtle" target="_blank">PsykoCat</a> vs. <a href="http://pokemonshowdown.com/users/sarcobaleno" class="subtle" target="_blank">S-Arcobaleno *^-^*</a></h1>
<script type="text/plain" class="battle-log-data">|j|PsykoCat
|j|S-Arcobaleno *^-^*
|player|p1|PsykoCat|65
|player|p2|S-Arcobaleno *^-^*|185
|gametype|singles
|gen|6
|tier|PU
|seed|60600,7185,57340,45467
|rule|Sleep Clause Mod: Limit one foe put to sleep
|rule|Species Clause: Limit one of each Pokémon
|rule|OHKO Clause: OHKO moves are banned
|rule|Moody Clause: Moody is banned
|rule|Evasion Moves Clause: Evasion moves are banned
|rule|Endless Battle Clause: Forcing endless battles is banned
|rule|HP Percentage Mod: HP is shown in percentages
|clearpoke
|poke|p1|Honedge, M|item
|poke|p1|Monferno, F|item
|poke|p1|Rotom-Frost|item
|poke|p1|Lumineon, F|item
|poke|p1|Cacturne, M, shiny|item
|poke|p1|Dodrio, M|item
|poke|p2|Wigglytuff, F|item
|poke|p2|Camerupt, F|item
|poke|p2|Murkrow, M|item
|poke|p2|Lumineon, M|item
|poke|p2|Simisage, M|item
|poke|p2|Stunfisk, F|item
|rule|Swagger Clause: Swagger is banned
|rule|Baton Pass Clause: Limit one Baton Passer, can't pass Spe and other stats simultaneously
|teampreview
|j|Grumeaux
|j|Marill Le Pen
|c|@Grumeaux|ok Monorpale
|c| Marill Le Pen|ok
|c|☆S-Arcobaleno *^-^*|noo j'ai fail
|c| Marill Le Pen|heu
|c|☆S-Arcobaleno *^-^*|mon camel
|c| Marill Le Pen|Pikachu
|c|☆S-Arcobaleno *^-^*|tss
|c| Marill Le Pen|ilesou
|c|@Grumeaux|Grodoudou
|c|☆PsykoCat|Je suis sur qu'il est jouable XD
|c|@Grumeaux|faut que Lynks voit ça
|c|@Grumeaux|il va faire un AVC
|j|Chrink ♛
|choice|team 3, team 2, team 1, team 4, team 5, team 6|team 1, team 2, team 3, team 4, team 5, team 6
|
|start
|switch|p1a: Rotom|Rotom-Frost|241\/241
|switch|p2a: Wigglytuff|Wigglytuff, F|421\/421
|turn|1
|j|Tangent Phi²
|choice|switch 3|move fireblast
|
|switch|p1a: What do I there ?!|Honedge, M|294\/294
|move|p2a: Wigglytuff|Fire Blast|p1a: What do I there ?!
|-supereffective|p1a: What do I there ?!
|-damage|p1a: What do I there ?!|0 fnt
|faint|p1a: What do I there ?!
|
|upkeep
|c|@Grumeaux|ok
|c|☆PsykoCat|je te hais
|c| Marill Le Pen|ça commence
|c| Marill Le Pen|bien
|c|☆PsykoCat|:'-(
|choice|switch 6|
|
|switch|p1a: Dodrio|Dodrio, M|261\/261
|turn|2
|choice|move bravebird|switch 6
|
|switch|p2a: Stunfisk|Stunfisk, F|421\/421
|move|p1a: Dodrio|Brave Bird|p2a: Stunfisk
|-resisted|p2a: Stunfisk
|-damage|p2a: Stunfisk|304\/421
|-status|p1a: Dodrio|par|[from] ability: Static|[of] p2a: Stunfisk
|-damage|p1a: Dodrio|222\/261 par|[from] recoil|[of] p2a: Stunfisk
|
|-heal|p2a: Stunfisk|330\/421|[from] item: Leftovers
|upkeep
|turn|3
|j|Bouki
|choice|switch 3|move stealthrock
|
|switch|p1a: Rotom|Rotom-Frost|241\/241
|move|p2a: Stunfisk|Stealth Rock|p1a: Rotom
|-sidestart|p1: PsykoCat|move: Stealth Rock
|
|-heal|p2a: Stunfisk|356\/421|[from] item: Leftovers
|upkeep
|turn|4
|l|Bouki
|choice|move blizzard|switch 6
|
|switch|p2a: Wigglytuff|Wigglytuff, F|421\/421
|move|p1a: Rotom|Blizzard|p2a: Wigglytuff|[miss]
|-miss|p1a: Rotom|p2a: Wigglytuff
|
|upkeep
|turn|5
|choice|switch 4|move dazzlinggleam
|
|switch|p1a: Lumineon|Lumineon, F|342\/342
|-damage|p1a: Lumineon|300\/342|[from] Stealth Rock
|move|p2a: Wigglytuff|Dazzling Gleam|p1a: Lumineon
|-damage|p1a: Lumineon|171\/342
|
|-heal|p1a: Lumineon|192\/342|[from] item: Leftovers
|upkeep
|turn|6
|choice|move toxic|move dazzlinggleam
|
|move|p1a: Lumineon|Toxic|p2a: Wigglytuff|[miss]
|-miss|p1a: Lumineon|p2a: Wigglytuff
|move|p2a: Wigglytuff|Dazzling Gleam|p1a: Lumineon
|-damage|p1a: Lumineon|60\/342
|
|-heal|p1a: Lumineon|81\/342|[from] item: Leftovers
|upkeep
|turn|7
|c|@Grumeaux|lol
|j|Lynks
|c|@Grumeaux|bref je retourne a ma série
|j|GlutNald
|l|Grumeaux
|j|Banlieue rouge
|c|@Lynks|la victoire est assurée pour S-Arcobaleno
|c|☆PsykoCat|J'ai pu placée combien d'attaque ?
|c|☆S-Arcobaleno *^-^*|grodoudou a déjà fait 2 kill sur
|c|☆S-Arcobaleno *^-^*|respectons le
|c| GlutNald|quoi
|c| GlutNald|dodrio est encore PU
|choice|move defog|move dazzlinggleam
|
|move|p1a: Lumineon|Defog|p2a: Wigglytuff
|-unboost|p2a: Wigglytuff|evasion|1
|-ability|p2a: Wigglytuff|Competitive|boost
|-boost|p2a: Wigglytuff|spa|2
|-sideend|p1: PsykoCat|Stealth Rock|[from] move: Defog|[of] p1a: Lumineon
|move|p2a: Wigglytuff|Dazzling Gleam|p1a: Lumineon
|-damage|p1a: Lumineon|0 fnt
|faint|p1a: Lumineon
|
|upkeep
|c| GlutNald|malgré son buff
|c|@Lynks|OH LE CON
|choice|switch 3|
|
|switch|p1a: Dodrio|Dodrio, M|222\/261 par
|turn|8
|c| Tangent Phi²|c'est du 6G GlutNald
|c| GlutNald|ah
|c|@Lynks|3 kill
|c| GlutNald|je comprend mieux
|c|☆PsykoCat|Ah oui en 6G la paralizie c'est X4
|choice|move bravebird|move dazzlinggleam
|
|move|p2a: Wigglytuff|Dazzling Gleam|p1a: Dodrio
|-damage|p1a: Dodrio|0 fnt
|faint|p1a: Dodrio
|
|upkeep
|c|☆S-Arcobaleno *^-^*|bah oui mdr
|choice|switch 2|
|
|switch|p1a: Monferno|Monferno, F|269\/269
|turn|9
|j|Paul2212
|c|@Lynks|grodoudou
|c|@Lynks|encore un kill
|choice|move closecombat|switch 4
|
|switch|p2a: Lumineon|Lumineon, M|341\/341
|move|p1a: Monferno|Close Combat|p2a: Lumineon
|-crit|p2a: Lumineon
|-damage|p2a: Lumineon|155\/341
|-unboost|p1a: Monferno|def|1
|-unboost|p1a: Monferno|spd|1
|
|-heal|p2a: Lumineon|176\/341|[from] item: Leftovers
|upkeep
|turn|10
|c|@Lynks|QUOI
|l|GlutNald
|choice|move uturn|move uturn
|
|move|p1a: Monferno|U-turn|p2a: Lumineon
|-damage|p2a: Lumineon|126\/341
|choice|switch 5|
|
|switch|p1a: Sahara|Cacturne, M, shiny|281\/281
|move|p2a: Lumineon|U-turn|p1a: Sahara
|-supereffective|p1a: Sahara
|-damage|p1a: Sahara|77\/281
|choice||switch 3
|
|switch|p2a: Murkrow|Murkrow, M|261\/261
|
|upkeep
|turn|11
|c|@Lynks|ptdr
|j|Samiaou
|choice|switch 4|move pursuit
|
|-activate|p1a: Sahara|move: Pursuit
|move|p2a: Murkrow|Pursuit|p1a: Sahara|[from]Pursuit
|-resisted|p1a: Sahara
|-damage|p1a: Sahara|0 fnt
|-damage|p2a: Murkrow|235\/261|[from] item: Life Orb
|faint|p1a: Sahara
|
|upkeep
|c|@Lynks|le carnage
|choice|switch 4|
|
|switch|p1a: Rotom|Rotom-Frost|241\/241
|turn|12
|choice|move blizzard|switch 4
|
|switch|p2a: Wigglytuff|Wigglytuff, F|421\/421
|move|p1a: Rotom|Blizzard|p2a: Wigglytuff|[miss]
|-miss|p1a: Rotom|p2a: Wigglytuff
|
|upkeep
|turn|13
|c|☆S-Arcobaleno *^-^*|goldé ce mon
|c|☆S-Arcobaleno *^-^*|il avoid tout
|c|☆PsykoCat|J'avoue
|choice|move blizzard|move dazzlinggleam
|
|move|p1a: Rotom|Blizzard|p2a: Wigglytuff
|-damage|p2a: Wigglytuff|276\/421
|move|p2a: Wigglytuff|Dazzling Gleam|p1a: Rotom
|-damage|p1a: Rotom|139\/241
|
|-heal|p1a: Rotom|154\/241|[from] item: Leftovers
|upkeep
|turn|14
|c|@Lynks|ça fait assez longtemps que je le dis
|c| Marill Le Pen|aller Wiggly
|choice|move blizzard|move fireblast
|
|move|p1a: Rotom|Blizzard|p2a: Wigglytuff
|-damage|p2a: Wigglytuff|131\/421
|move|p2a: Wigglytuff|Fire Blast|p1a: Rotom
|-supereffective|p1a: Rotom
|-damage|p1a: Rotom|0 fnt
|faint|p1a: Rotom
|
|upkeep
|choice|switch 5|
|
|switch|p1a: Monferno|Monferno, F|269\/269
|turn|15
|choice|move firepunch|switch 6
|
|switch|p2a: Stunfisk|Stunfisk, F|356\/421
|move|p1a: Monferno|Fire Punch|p2a: Stunfisk
|-damage|p2a: Stunfisk|259\/421
|-status|p1a: Monferno|par|[from] ability: Static|[of] p2a: Stunfisk
|
|-heal|p2a: Stunfisk|285\/421|[from] item: Leftovers
|upkeep
|turn|16
|c| Marill Le Pen|je me demande si il arrive a kill le dernier
|c| Marill Le Pen|et non
|c|@Lynks|omg wiggly qui fait 4 kills
|c| Marill Le Pen|son entraineur change
|choice|move firepunch|move earthpower
|
|move|p2a: Stunfisk|Earth Power|p1a: Monferno
|-supereffective|p1a: Monferno
|-damage|p1a: Monferno|87\/269 par
|move|p1a: Monferno|Fire Punch|p2a: Stunfisk
|-damage|p2a: Stunfisk|183\/421
|
|-heal|p2a: Stunfisk|209\/421|[from] item: Leftovers
|upkeep
|turn|17
|c| Marill Le Pen|imo il mérité les 6
|choice|move closecombat|move earthpower
|
|move|p2a: Stunfisk|Earth Power|p1a: Monferno
|-supereffective|p1a: Monferno
|-damage|p1a: Monferno|0 fnt
|faint|p1a: Monferno
|
|win|S-Arcobaleno *^-^*
|c|☆S-Arcobaleno *^-^*|gg !</script>
</div>
<div class="battle-log battle-log-inline"><div class="inner"><div class="battle-options"></div><div class="inner"><div class="chat"><small>PsykoCat joined.</small></div><div class="chat"><small>S-Arcobaleno *^-^* joined.</small></div><div class=""><small>Format:</small> <br><strong>PU</strong></div><div class=""><small><em>Sleep Clause Mod:</em> Limit one foe put to sleep</small></div><div class=""><small><em>Species Clause:</em> Limit one of each Pokémon</small></div><div class=""><small><em>OHKO Clause:</em> OHKO moves are banned</small></div><div class=""><small><em>Moody Clause:</em> Moody is banned</small></div><div class=""><small><em>Evasion Moves Clause:</em> Evasion moves are banned</small></div><div class=""><small><em>Endless Battle Clause:</em> Forcing endless battles is banned</small></div><div class=""><small><em>HP Percentage Mod:</em> HP is shown in percentages</small></div><div class=""><small><em>Swagger Clause:</em> Swagger is banned</small></div><div class=""><small><em>Baton Pass Clause:</em> Limit one Baton Passer, can't pass Spe and other stats simultaneously</small></div><div class="chat battle-history"><strong>PsykoCat's team:</strong> <em style="color:#445566;display:block;">Honedge / Monferno / Rotom-Frost / Lumineon / Cacturne / Dodrio</em></div><div class="chat battle-history"><strong>S-Arcobaleno *^-^*'s team:</strong> <em style="color:#445566;display:block;">Wigglytuff / Camerupt / Murkrow / Lumineon / Simisage / Stunfisk</em></div><div class="chat"><small>Grumeaux joined.</small></div><div class="chat"><small>Marill Le Pen joined.</small></div><div class="chat chatmessage-grumeaux"><strong style="color:hsl(356,45%,51.19558952319999%)"><small>@</small><span class="username" data-name="Grumeaux">Grumeaux</span>:</strong> <em>ok Monorpale</em></div><div class="chat chatmessage-marilllepen"><strong style="color:hsl(93,83%,33%)"><small> </small><span class="username" data-name="Marill Le Pen">Marill Le Pen</span>:</strong> <em>ok</em></div><div class="chat chatmessage-sarcobaleno"><strong style="color:hsl(282,83%,50.397237690527405%)"><small>☆</small><span class="username" data-name="S-Arcobaleno *^-^*">S-Arcobaleno *^-^*</span>:</strong> <em>noo j'ai fail</em></div><div class="chat chatmessage-marilllepen"><strong style="color:hsl(93,83%,33%)"><small> </small><span class="username" data-name="Marill Le Pen">Marill Le Pen</span>:</strong> <em>heu</em></div><div class="chat chatmessage-sarcobaleno"><strong style="color:hsl(282,83%,50.397237690527405%)"><small>☆</small><span class="username" data-name="S-Arcobaleno *^-^*">S-Arcobaleno *^-^*</span>:</strong> <em>mon camel</em></div><div class="chat chatmessage-marilllepen"><strong style="color:hsl(93,83%,33%)"><small> </small><span class="username" data-name="Marill Le Pen">Marill Le Pen</span>:</strong> <em>Pikachu</em></div><div class="chat chatmessage-sarcobaleno"><strong style="color:hsl(282,83%,50.397237690527405%)"><small>☆</small><span class="username" data-name="S-Arcobaleno *^-^*">S-Arcobaleno *^-^*</span>:</strong> <em>tss</em></div><div class="chat chatmessage-marilllepen"><strong style="color:hsl(93,83%,33%)"><small> </small><span class="username" data-name="Marill Le Pen">Marill Le Pen</span>:</strong> <em>ilesou</em></div><div class="chat chatmessage-grumeaux"><strong style="color:hsl(356,45%,51.19558952319999%)"><small>@</small><span class="username" data-name="Grumeaux">Grumeaux</span>:</strong> <em>Grodoudou</em></div><div class="chat chatmessage-psykocat"><strong style="color:hsl(26,45%,40%)"><small>☆</small><span class="username" data-name="PsykoCat">PsykoCat</span>:</strong> <em>Je suis sur qu'il est jouable XD</em></div><div class="chat chatmessage-grumeaux"><strong style="color:hsl(356,45%,51.19558952319999%)"><small>@</small><span class="username" data-name="Grumeaux">Grumeaux</span>:</strong> <em>faut que Lynks voit ça</em></div><div class="chat chatmessage-grumeaux"><strong style="color:hsl(356,45%,51.19558952319999%)"><small>@</small><span class="username" data-name="Grumeaux">Grumeaux</span>:</strong> <em>il va faire un AVC</em></div><div class="chat"><small>Chrink ♛ joined.</small></div><div class="spacer battle-history"><br></div><div class="battle-history">Battle started between PsykoCat and S-Arcobaleno *^-^*!<br></div><div class="spacer battle-history"><br></div><div class="battle-history">Go! Rotom (<strong>Rotom-Frost</strong>)!<br></div><div class="spacer battle-history"><br></div><div class="battle-history">S-Arcobaleno *^-^* sent out <strong>Wigglytuff</strong>!<br></div><div class="spacer battle-history"><br></div><h2 class="battle-history">Turn 1</h2><div class="chat"><small>Tangent Phi² joined.</small></div><div class="spacer battle-history"><br></div><div class="battle-history">Rotom, come back!<br></div><div class="battle-history">Go! What do I there ?! (<strong>Honedge</strong>)!<br></div><div class="spacer battle-history"><br></div><div class="battle-history">The opposing Wigglytuff used <strong>Fire Blast</strong>!<br></div><div class="battle-history"><small>It's super effective!</small><br></div><div class="battle-history"><small>(What do I there ?! lost <abbr title="−294/294">100%</abbr> of its health!)</small><br></div><div class="spacer battle-history"><br></div><div class="battle-history">What do I there ?! fainted!<br></div><div class="chat chatmessage-grumeaux"><strong style="color:hsl(356,45%,51.19558952319999%)"><small>@</small><span class="username" data-name="Grumeaux">Grumeaux</span>:</strong> <em>ok</em></div><div class="chat chatmessage-psykocat"><strong style="color:hsl(26,45%,40%)"><small>☆</small><span class="username" data-name="PsykoCat">PsykoCat</span>:</strong> <em>je te hais</em></div><div class="chat chatmessage-marilllepen"><strong style="color:hsl(93,83%,33%)"><small> </small><span class="username" data-name="Marill Le Pen">Marill Le Pen</span>:</strong> <em>ça commence</em></div><div class="chat chatmessage-marilllepen"><strong style="color:hsl(93,83%,33%)"><small> </small><span class="username" data-name="Marill Le Pen">Marill Le Pen</span>:</strong> <em>bien</em></div><div class="chat chatmessage-psykocat"><strong style="color:hsl(26,45%,40%)"><small>☆</small><span class="username" data-name="PsykoCat">PsykoCat</span>:</strong> <em>:'-(</em></div><div class="spacer battle-history"><br></div><div class="battle-history">Go! <strong>Dodrio</strong>!<br></div><div class="spacer battle-history"><br></div><h2 class="battle-history">Turn 2</h2><div class="spacer battle-history"><br></div><div class="battle-history">S-Arcobaleno *^-^* withdrew Wigglytuff!<br></div><div class="battle-history">S-Arcobaleno *^-^* sent out <strong>Stunfisk</strong>!<br></div><div class="spacer battle-history"><br></div><div class="battle-history">Dodrio used <strong>Brave Bird</strong>!<br></div><div class="battle-history"><small>It's not very effective...</small><br></div><div class="battle-history"><small>(The opposing Stunfisk lost <abbr title="−117/421">27.8%</abbr> of its health!)</small><br></div><div class="battle-history"><small>[The opposing Stunfisk's Static]</small><br><small>Dodrio is paralyzed! It may be unable to move!</small><br></div><div class="battle-history"><small>Dodrio is damaged by the recoil!</small><br></div><div class="spacer battle-history"><br></div><div class="battle-history"><small>The opposing Stunfisk restored a little HP using its Leftovers!</small><br></div><div class="spacer battle-history"><br></div><h2 class="battle-history">Turn 3</h2><div class="chat"><small>Bouki joined.</small></div><div class="spacer battle-history"><br></div><div class="battle-history">Dodrio, come back!<br></div><div class="battle-history">Go! Rotom (<strong>Rotom-Frost</strong>)!<br></div><div class="spacer battle-history"><br></div><div class="battle-history">The opposing Stunfisk used <strong>Stealth Rock</strong>!<br></div><div class="battle-history"><small>Pointed stones float in the air around your team!</small><br></div><div class="spacer battle-history"><br></div><div class="battle-history"><small>The opposing Stunfisk restored a little HP using its Leftovers!</small><br></div><div class="spacer battle-history"><br></div><h2 class="battle-history">Turn 4</h2><div class="chat"><small>Bouki left.</small></div><div class="spacer battle-history"><br></div><div class="battle-history">S-Arcobaleno *^-^* withdrew Stunfisk!<br></div><div class="battle-history">S-Arcobaleno *^-^* sent out <strong>Wigglytuff</strong>!<br></div><div class="spacer battle-history"><br></div><div class="battle-history">Rotom used <strong>Blizzard</strong>!<br></div><div class="battle-history"><small>The opposing Wigglytuff avoided the attack!</small><br></div><div class="spacer battle-history"><br></div><h2 class="battle-history">Turn 5</h2><div class="spacer battle-history"><br></div><div class="battle-history">Rotom, come back!<br></div><div class="battle-history">Go! <strong>Lumineon</strong>!<br></div><div class="battle-history"><small>Pointed stones dug into Lumineon!</small><br></div><div class="spacer battle-history"><br></div><div class="battle-history">The opposing Wigglytuff used <strong>Dazzling Gleam</strong>!<br></div><div class="battle-history"><small>(Lumineon lost <abbr title="−129/342">37.7%</abbr> of its health!)</small><br></div><div class="spacer battle-history"><br></div><div class="battle-history"><small>Lumineon restored a little HP using its Leftovers!</small><br></div><div class="spacer battle-history"><br></div><h2 class="battle-history">Turn 6</h2><div class="spacer battle-history"><br></div><div class="battle-history">Lumineon used <strong>Toxic</strong>!<br></div><div class="battle-history"><small>The opposing Wigglytuff avoided the attack!</small><br></div><div class="spacer battle-history"><br></div><div class="battle-history">The opposing Wigglytuff used <strong>Dazzling Gleam</strong>!<br></div><div class="battle-history"><small>(Lumineon lost <abbr title="−132/342">38.6%</abbr> of its health!)</small><br></div><div class="spacer battle-history"><br></div><div class="battle-history"><small>Lumineon restored a little HP using its Leftovers!</small><br></div><div class="spacer battle-history"><br></div><h2 class="battle-history">Turn 7</h2><div class="chat chatmessage-grumeaux"><strong style="color:hsl(356,45%,51.19558952319999%)"><small>@</small><span class="username" data-name="Grumeaux">Grumeaux</span>:</strong> <em>lol</em></div><div class="chat"><small>Lynks joined.</small></div><div class="chat chatmessage-grumeaux"><strong style="color:hsl(356,45%,51.19558952319999%)"><small>@</small><span class="username" data-name="Grumeaux">Grumeaux</span>:</strong> <em>bref je retourne a ma série</em></div><div class="chat"><small>GlutNald joined.</small></div><div class="chat"><small>Grumeaux left.</small></div><div class="chat"><small>Banlieue rouge joined.</small></div><div class="chat chatmessage-lynks"><strong style="color:hsl(298,42%,49%)"><small>@</small><span class="username" data-name="Lynks">Lynks</span>:</strong> <em>la victoire est assurée pour S-Arcobaleno</em></div><div class="chat chatmessage-psykocat"><strong style="color:hsl(26,45%,40%)"><small>☆</small><span class="username" data-name="PsykoCat">PsykoCat</span>:</strong> <em>J'ai pu placée combien d'attaque ?</em></div><div class="chat chatmessage-sarcobaleno"><strong style="color:hsl(282,83%,50.397237690527405%)"><small>☆</small><span class="username" data-name="S-Arcobaleno *^-^*">S-Arcobaleno *^-^*</span>:</strong> <em>grodoudou a déjà fait 2 kill sur</em></div><div class="chat chatmessage-sarcobaleno"><strong style="color:hsl(282,83%,50.397237690527405%)"><small>☆</small><span class="username" data-name="S-Arcobaleno *^-^*">S-Arcobaleno *^-^*</span>:</strong> <em>respectons le</em></div><div class="chat chatmessage-glutnald"><strong style="color:hsl(56,80%,35.02129453198336%)"><small> </small><span class="username" data-name="GlutNald">GlutNald</span>:</strong> <em>quoi</em></div><div class="chat chatmessage-glutnald"><strong style="color:hsl(56,80%,35.02129453198336%)"><small> </small><span class="username" data-name="GlutNald">GlutNald</span>:</strong> <em>dodrio est encore PU</em></div><div class="spacer battle-history"><br></div><div class="battle-history">Lumineon used <strong>Defog</strong>!<br></div><div class="battle-history"><small>The opposing Wigglytuff's evasiveness fell!</small><br></div><div class="battle-history"><small>[The opposing Wigglytuff's Competitive]</small><br></div><div class="battle-history"><small>The opposing Wigglytuff's Special Attack rose sharply!</small><br></div><div class="battle-history"><small>The pointed stones disappeared from around your team!</small><br></div><div class="spacer battle-history"><br></div><div class="battle-history">The opposing Wigglytuff used <strong>Dazzling Gleam</strong>!<br></div><div class="battle-history"><small>(Lumineon lost <abbr title="−81/342">23.7%</abbr> of its health!)</small><br></div><div class="spacer battle-history"><br></div><div class="battle-history">Lumineon fainted!<br></div><div class="chat chatmessage-glutnald"><strong style="color:hsl(56,80%,35.02129453198336%)"><small> </small><span class="username" data-name="GlutNald">GlutNald</span>:</strong> <em>malgré son buff</em></div><div class="chat chatmessage-lynks"><strong style="color:hsl(298,42%,49%)"><small>@</small><span class="username" data-name="Lynks">Lynks</span>:</strong> <em>OH LE CON</em></div><div class="spacer battle-history"><br></div><div class="battle-history">Go! <strong>Dodrio</strong>!<br></div><div class="spacer battle-history"><br></div><h2 class="battle-history">Turn 8</h2><div class="chat chatmessage-tangentphi"><strong style="color:hsl(184,70%,37.666666666666664%)"><small> </small><span class="username" data-name="Tangent Phi²">Tangent Phi²</span>:</strong> <em>c'est du 6G GlutNald</em></div><div class="chat chatmessage-glutnald"><strong style="color:hsl(56,80%,35.02129453198336%)"><small> </small><span class="username" data-name="GlutNald">GlutNald</span>:</strong> <em>ah</em></div><div class="chat chatmessage-lynks"><strong style="color:hsl(298,42%,49%)"><small>@</small><span class="username" data-name="Lynks">Lynks</span>:</strong> <em>3 kill</em></div><div class="chat chatmessage-glutnald"><strong style="color:hsl(56,80%,35.02129453198336%)"><small> </small><span class="username" data-name="GlutNald">GlutNald</span>:</strong> <em>je comprend mieux</em></div><div class="chat chatmessage-psykocat"><strong style="color:hsl(26,45%,40%)"><small>☆</small><span class="username" data-name="PsykoCat">PsykoCat</span>:</strong> <em>Ah oui en 6G la paralizie c'est X4</em></div><div class="spacer battle-history"><br></div><div class="battle-history">The opposing Wigglytuff used <strong>Dazzling Gleam</strong>!<br></div><div class="battle-history"><small>(Dodrio lost <abbr title="−222/261">85.1%</abbr> of its health!)</small><br></div><div class="spacer battle-history"><br></div><div class="battle-history">Dodrio fainted!<br></div><div class="chat chatmessage-sarcobaleno"><strong style="color:hsl(282,83%,50.397237690527405%)"><small>☆</small><span class="username" data-name="S-Arcobaleno *^-^*">S-Arcobaleno *^-^*</span>:</strong> <em>bah oui mdr</em></div><div class="spacer battle-history"><br></div><div class="battle-history">Go! <strong>Monferno</strong>!<br></div><div class="spacer battle-history"><br></div><h2 class="battle-history">Turn 9</h2><div class="chat"><small>Paul2212 joined.</small></div><div class="chat chatmessage-lynks"><strong style="color:hsl(298,42%,49%)"><small>@</small><span class="username" data-name="Lynks">Lynks</span>:</strong> <em>grodoudou</em></div><div class="chat chatmessage-lynks"><strong style="color:hsl(298,42%,49%)"><small>@</small><span class="username" data-name="Lynks">Lynks</span>:</strong> <em>encore un kill</em></div><div class="spacer battle-history"><br></div><div class="battle-history">S-Arcobaleno *^-^* withdrew Wigglytuff!<br></div><div class="battle-history">S-Arcobaleno *^-^* sent out <strong>Lumineon</strong>!<br></div><div class="spacer battle-history"><br></div><div class="battle-history">Monferno used <strong>Close Combat</strong>!<br></div><div class="battle-history"><small>A critical hit!</small><br></div><div class="battle-history"><small>(The opposing Lumineon lost <abbr title="−186/341">54.5%</abbr> of its health!)</small><br></div><div class="battle-history"><small>Monferno's Defense fell!</small><br></div><div class="battle-history"><small>Monferno's Special Defense fell!</small><br></div><div class="spacer battle-history"><br></div><div class="battle-history"><small>The opposing Lumineon restored a little HP using its Leftovers!</small><br></div><div class="spacer battle-history"><br></div><h2 class="battle-history">Turn 10</h2><div class="chat chatmessage-lynks"><strong style="color:hsl(298,42%,49%)"><small>@</small><span class="username" data-name="Lynks">Lynks</span>:</strong> <em>QUOI</em></div><div class="chat"><small>GlutNald left.</small></div><div class="spacer battle-history"><br></div><div class="battle-history">Monferno used <strong>U-turn</strong>!<br></div><div class="battle-history"><small>(The opposing Lumineon lost <abbr title="−50/341">14.7%</abbr> of its health!)</small><br></div><div class="spacer battle-history"><br></div><div class="battle-history">Monferno went back to PsykoCat!<br></div><div class="battle-history">Go! Sahara (<strong>Cacturne</strong>)!<br></div><div class="spacer battle-history"><br></div><div class="battle-history">The opposing Lumineon used <strong>U-turn</strong>!<br></div><div class="battle-history"><small>It's super effective!</small><br></div><div class="battle-history"><small>(Sahara lost <abbr title="−204/281">72.6%</abbr> of its health!)</small><br></div><div class="spacer battle-history"><br></div><div class="battle-history">The opposing Lumineon went back to S-Arcobaleno *^-^*!<br></div><div class="battle-history">S-Arcobaleno *^-^* sent out <strong>Murkrow</strong>!<br></div><div class="spacer battle-history"><br></div><h2 class="battle-history">Turn 11</h2><div class="chat chatmessage-lynks"><strong style="color:hsl(298,42%,49%)"><small>@</small><span class="username" data-name="Lynks">Lynks</span>:</strong> <em>ptdr</em></div><div class="chat"><small>Samiaou joined.</small></div><div class="spacer battle-history"><br></div><div class="battle-history"><small>(Sahara is being withdrawn...)</small><br></div><div class="spacer battle-history"><br></div><div class="battle-history">The opposing Murkrow used <strong>Pursuit</strong>!<br></div><div class="battle-history"><small>It's not very effective...</small><br></div><div class="battle-history"><small>(Sahara lost <abbr title="−77/281">27.4%</abbr> of its health!)</small><br></div><div class="battle-history"><small>The opposing Murkrow lost some of its HP!</small><br></div><div class="spacer battle-history"><br></div><div class="battle-history">Sahara fainted!<br></div><div class="chat chatmessage-lynks"><strong style="color:hsl(298,42%,49%)"><small>@</small><span class="username" data-name="Lynks">Lynks</span>:</strong> <em>le carnage</em></div><div class="spacer battle-history"><br></div><div class="battle-history">Go! Rotom (<strong>Rotom-Frost</strong>)!<br></div><div class="spacer battle-history"><br></div><h2 class="battle-history">Turn 12</h2><div class="spacer battle-history"><br></div><div class="battle-history">S-Arcobaleno *^-^* withdrew Murkrow!<br></div><div class="battle-history">S-Arcobaleno *^-^* sent out <strong>Wigglytuff</strong>!<br></div><div class="spacer battle-history"><br></div><div class="battle-history">Rotom used <strong>Blizzard</strong>!<br></div><div class="battle-history"><small>The opposing Wigglytuff avoided the attack!</small><br></div><div class="spacer battle-history"><br></div><h2 class="battle-history">Turn 13</h2><div class="chat chatmessage-sarcobaleno"><strong style="color:hsl(282,83%,50.397237690527405%)"><small>☆</small><span class="username" data-name="S-Arcobaleno *^-^*">S-Arcobaleno *^-^*</span>:</strong> <em>goldé ce mon</em></div><div class="chat chatmessage-sarcobaleno"><strong style="color:hsl(282,83%,50.397237690527405%)"><small>☆</small><span class="username" data-name="S-Arcobaleno *^-^*">S-Arcobaleno *^-^*</span>:</strong> <em>il avoid tout</em></div><div class="chat chatmessage-psykocat"><strong style="color:hsl(26,45%,40%)"><small>☆</small><span class="username" data-name="PsykoCat">PsykoCat</span>:</strong> <em>J'avoue</em></div><div class="spacer battle-history"><br></div><div class="battle-history">Rotom used <strong>Blizzard</strong>!<br></div><div class="battle-history"><small>(The opposing Wigglytuff lost <abbr title="−145/421">34.4%</abbr> of its health!)</small><br></div><div class="spacer battle-history"><br></div><div class="battle-history">The opposing Wigglytuff used <strong>Dazzling Gleam</strong>!<br></div><div class="battle-history"><small>(Rotom lost <abbr title="−102/241">42.3%</abbr> of its health!)</small><br></div><div class="spacer battle-history"><br></div><div class="battle-history"><small>Rotom restored a little HP using its Leftovers!</small><br></div><div class="spacer battle-history"><br></div><h2 class="battle-history">Turn 14</h2><div class="chat chatmessage-lynks"><strong style="color:hsl(298,42%,49%)"><small>@</small><span class="username" data-name="Lynks">Lynks</span>:</strong> <em>ça fait assez longtemps que je le dis</em></div><div class="chat chatmessage-marilllepen"><strong style="color:hsl(93,83%,33%)"><small> </small><span class="username" data-name="Marill Le Pen">Marill Le Pen</span>:</strong> <em>aller Wiggly</em></div><div class="spacer battle-history"><br></div><div class="battle-history">Rotom used <strong>Blizzard</strong>!<br></div><div class="battle-history"><small>(The opposing Wigglytuff lost <abbr title="−145/421">34.4%</abbr> of its health!)</small><br></div><div class="spacer battle-history"><br></div><div class="battle-history">The opposing Wigglytuff used <strong>Fire Blast</strong>!<br></div><div class="battle-history"><small>It's super effective!</small><br></div><div class="battle-history"><small>(Rotom lost <abbr title="−154/241">63.9%</abbr> of its health!)</small><br></div><div class="spacer battle-history"><br></div><div class="battle-history">Rotom fainted!<br></div><div class="spacer battle-history"><br></div><div class="battle-history">Go! <strong>Monferno</strong>!<br></div><div class="spacer battle-history"><br></div><h2 class="battle-history">Turn 15</h2><div class="spacer battle-history"><br></div><div class="battle-history">S-Arcobaleno *^-^* withdrew Wigglytuff!<br></div><div class="battle-history">S-Arcobaleno *^-^* sent out <strong>Stunfisk</strong>!<br></div><div class="spacer battle-history"><br></div><div class="battle-history">Monferno used <strong>Fire Punch</strong>!<br></div><div class="battle-history"><small>(The opposing Stunfisk lost <abbr title="−97/421">23.0%</abbr> of its health!)</small><br></div><div class="battle-history"><small>[The opposing Stunfisk's Static]</small><br><small>Monferno is paralyzed! It may be unable to move!</small><br></div><div class="spacer battle-history"><br></div><div class="battle-history"><small>The opposing Stunfisk restored a little HP using its Leftovers!</small><br></div><div class="spacer battle-history"><br></div><h2 class="battle-history">Turn 16</h2><div class="chat chatmessage-marilllepen"><strong style="color:hsl(93,83%,33%)"><small> </small><span class="username" data-name="Marill Le Pen">Marill Le Pen</span>:</strong> <em>je me demande si il arrive a kill le dernier</em></div><div class="chat chatmessage-marilllepen"><strong style="color:hsl(93,83%,33%)"><small> </small><span class="username" data-name="Marill Le Pen">Marill Le Pen</span>:</strong> <em>et non</em></div><div class="chat chatmessage-lynks"><strong style="color:hsl(298,42%,49%)"><small>@</small><span class="username" data-name="Lynks">Lynks</span>:</strong> <em>omg wiggly qui fait 4 kills</em></div><div class="chat chatmessage-marilllepen"><strong style="color:hsl(93,83%,33%)"><small> </small><span class="username" data-name="Marill Le Pen">Marill Le Pen</span>:</strong> <em>son entraineur change</em></div><div class="spacer battle-history"><br></div><div class="battle-history">The opposing Stunfisk used <strong>Earth Power</strong>!<br></div><div class="battle-history"><small>It's super effective!</small><br></div><div class="battle-history"><small>(Monferno lost <abbr title="−182/269">67.7%</abbr> of its health!)</small><br></div><div class="spacer battle-history"><br></div><div class="battle-history">Monferno used <strong>Fire Punch</strong>!<br></div><div class="battle-history"><small>(The opposing Stunfisk lost <abbr title="−102/421">24.2%</abbr> of its health!)</small><br></div><div class="spacer battle-history"><br></div><div class="battle-history"><small>The opposing Stunfisk restored a little HP using its Leftovers!</small><br></div><div class="spacer battle-history"><br></div><h2 class="battle-history">Turn 17</h2><div class="chat chatmessage-marilllepen"><strong style="color:hsl(93,83%,33%)"><small> </small><span class="username" data-name="Marill Le Pen">Marill Le Pen</span>:</strong> <em>imo il mérité les 6</em></div><div class="spacer battle-history"><br></div><div class="battle-history">The opposing Stunfisk used <strong>Earth Power</strong>!<br></div><div class="battle-history"><small>It's super effective!</small><br></div><div class="battle-history"><small>(Monferno lost <abbr title="−87/269">32.3%</abbr> of its health!)</small><br></div><div class="spacer battle-history"><br></div><div class="battle-history">Monferno fainted!<br></div><div class="spacer battle-history"><br></div><div class="battle-history"><strong>S-Arcobaleno *^-^*</strong> won the battle!<br></div><div class="chat chatmessage-sarcobaleno"><strong style="color:hsl(282,83%,50.397237690527405%)"><small>☆</small><span class="username" data-name="S-Arcobaleno *^-^*">S-Arcobaleno *^-^*</span>:</strong> <em>gg !</em></div></div><div class="inner-preempt"></div></div></div>
</div>
<script>
let daily = Math.floor(Date.now()/1000/60/60/24);document.write('<script src="https://play.pokemonshowdown.com/js/replay-embed.js?version'+daily+'"></'+'script>');
</script>
