<!DOCTYPE html>
<meta charset="utf-8" />
<!-- version 1 -->
<title>PU replay: UberSkitty ♥ vs. Taskr</title>
<style>
html,body {font-family:Verdana, sans-serif;font-size:10pt;margin:0;padding:0;}body{padding:12px 0;} .battle-log {font-family:Verdana, sans-serif;font-size:10pt;} .battle-log-inline {border:1px solid #AAAAAA;background:#EEF2F5;color:black;max-width:640px;margin:0 auto 80px;padding-bottom:5px;} .battle-log .inner {padding:4px 8px 0px 8px;} .battle-log .inner-preempt {padding:0 8px 4px 8px;} .battle-log .inner-after {margin-top:0.5em;} .battle-log h2 {margin:0.5em -8px;padding:4px 8px;border:1px solid #AAAAAA;background:#E0E7EA;border-left:0;border-right:0;font-family:Verdana, sans-serif;font-size:13pt;} .battle-log .chat {vertical-align:middle;padding:3px 0 3px 0;font-size:8pt;} .battle-log .chat strong {color:#40576A;} .battle-log .chat em {padding:1px 4px 1px 3px;color:#000000;font-style:normal;} .chat.mine {background:rgba(0,0,0,0.05);margin-left:-8px;margin-right:-8px;padding-left:8px;padding-right:8px;} .spoiler {color:#BBBBBB;background:#BBBBBB;padding:0px 3px;} .spoiler:hover, .spoiler:active, .spoiler-shown {color:#000000;background:#E2E2E2;padding:0px 3px;} .spoiler a {color:#BBBBBB;} .spoiler:hover a, .spoiler:active a, .spoiler-shown a {color:#2288CC;} .chat code, .chat .spoiler:hover code, .chat .spoiler:active code, .chat .spoiler-shown code {border:1px solid #C0C0C0;background:#EEEEEE;color:black;padding:0 2px;} .chat .spoiler code {border:1px solid #CCCCCC;background:#CCCCCC;color:#CCCCCC;} .battle-log .rated {padding:3px 4px;} .battle-log .rated strong {color:white;background:#89A;padding:1px 4px;border-radius:4px;} .spacer {margin-top:0.5em;} .message-announce {background:#6688AA;color:white;padding:1px 4px 2px;} .message-announce a, .broadcast-green a, .broadcast-blue a, .broadcast-red a {color:#DDEEFF;} .broadcast-green {background-color:#559955;color:white;padding:2px 4px;} .broadcast-blue {background-color:#6688AA;color:white;padding:2px 4px;} .infobox {border:1px solid #6688AA;padding:2px 4px;} .infobox-limited {max-height:200px;overflow:auto;overflow-x:hidden;} .broadcast-red {background-color:#AA5544;color:white;padding:2px 4px;} .message-learn-canlearn {font-weight:bold;color:#228822;text-decoration:underline;} .message-learn-cannotlearn {font-weight:bold;color:#CC2222;text-decoration:underline;} .message-effect-weak {font-weight:bold;color:#CC2222;} .message-effect-resist {font-weight:bold;color:#6688AA;} .message-effect-immune {font-weight:bold;color:#666666;} .message-learn-list {margin-top:0;margin-bottom:0;} .message-throttle-notice, .message-error {color:#992222;} .message-overflow, .chat small.message-overflow {font-size:0pt;} .message-overflow::before {font-size:9pt;content:'...';} .subtle {color:#3A4A66;}
</style>
<div class="wrapper replay-wrapper" style="max-width:1180px;margin:0 auto">
<input type="hidden" name="replayid" value="pu-558936413" />
<div class="battle"></div><div class="battle-log"></div><div class="replay-controls"></div><div class="replay-controls-2"></div>
<h1 style="font-weight:normal;text-align:center"><strong>PU</strong><br /><a href="http://pokemonshowdown.com/users/uberskitty" class="subtle" target="_blank">UberSkitty ♥</a> vs. <a href="http://pokemonshowdown.com/users/taskr" class="subtle" target="_blank">Taskr</a></h1>
<script type="text/plain" class="battle-log-data">|j|UberSkitty ♥
|j|Taskr
|player|p1|UberSkitty ♥|23
|player|p2|Taskr|223
|gametype|singles
|gen|6
|tier|PU
|seed|64980,18421,47779,32579
|rule|Sleep Clause Mod: Limit one foe put to sleep
|rule|Species Clause: Limit one of each Pokémon
|rule|OHKO Clause: OHKO moves are banned
|rule|Moody Clause: Moody is banned
|rule|Evasion Moves Clause: Evasion moves are banned
|rule|Endless Battle Clause: Forcing endless battles is banned
|rule|HP Percentage Mod: HP is shown in percentages
|clearpoke
|poke|p1|Bouffalant, M|item
|poke|p1|Altaria, M|item
|poke|p1|Monferno, M|item
|poke|p1|Bronzor|item
|poke|p1|Vullaby, F|item
|poke|p1|Rotom-Frost|item
|poke|p2|Stunfisk, F|item
|poke|p2|Beheeyem, F|item
|poke|p2|Vullaby, F|item
|poke|p2|Bronzor|item
|poke|p2|Simipour, F|item
|poke|p2|Rotom-Frost|item
|rule|Swagger Clause: Swagger is banned
|rule|Baton Pass Clause: Limit one Baton Passer, can't pass Spe and other stats simultaneously
|teampreview
|j|TIBot
|j|yCocokie✱
|j|Chrisloud
|c|☆Taskr|hf
|c|☆UberSkitty ♥|hf
|j|RivalET
|j|quagsgone
|c| Chrisloud|where is ur ice doge switch ins
|c| Chrisloud|bois
|c| Chrisloud|(bouff)
|j|Jungle Fox
|choice|team 6, team 2, team 3, team 4, team 5, team 1|team 2, team 1, team 3, team 4, team 5, team 6
|
|start
|switch|p1a: Terminator|Rotom-Frost|241\/241
|switch|p2a: Beheeyem|Beheeyem, F|353\/353
|turn|1
|c|%Jungle Fox|there's bronzor
|c|%Jungle Fox|who switches into everything tho
|c|☆UberSkitty ♥|wheres bronzor?
|c|%Jungle Fox|taskr's
|c| Chrisloud|shadow ball
|c| Chrisloud|ez 2hko
|c|%Jungle Fox|and urs lol
|j|Slowbroth
|c| Chrisloud|bronzor
|choice|switch 4|move nastyplot
|
|switch|p1a: Spoon Me|Bronzor|318\/318
|move|p2a: Beheeyem|Nasty Plot|p2a: Beheeyem
|-boost|p2a: Beheeyem|spa|2
|
|upkeep
|turn|2
|c|☆UberSkitty ♥|i dont see any bronzors
|c| Chrisloud|broznor is straight cancer
|c| Chrisloud|stop using it D:
|choice|move toxic|move thunderbolt
|
|move|p2a: Beheeyem|Thunderbolt|p1a: Spoon Me
|-damage|p1a: Spoon Me|186\/318
|move|p1a: Spoon Me|Toxic|p2a: Beheeyem
|-status|p2a: Beheeyem|tox
|
|-damage|p2a: Beheeyem|331\/353 tox|[from] psn
|upkeep
|turn|3
|j|burningplain123
|c|☆UberSkitty ♥|pls no shadow ball
|c|☆UberSkitty ♥|thx
|choice|move rest|switch 5
|
|switch|p2a: Simipour|Simipour, F|291\/291
|move|p1a: Spoon Me|Rest|p1a: Spoon Me
|-status|p1a: Spoon Me|slp
|-heal|p1a: Spoon Me|318\/318 slp|[silent]
|-status|p1a: Spoon Me|slp|[from] move: Rest
|
|upkeep
|turn|4
|choice|switch 6|move knockoff
|
|switch|p1a: 'Merica!!|Bouffalant, M|394\/394
|move|p2a: Simipour|Knock Off|p1a: 'Merica!!
|-damage|p1a: 'Merica!!|265\/394
|-enditem|p1a: 'Merica!!|Leftovers|[from] move: Knock Off|[of] p2a: Simipour
|-damage|p2a: Simipour|262\/291|[from] item: Life Orb
|
|upkeep
|turn|5
|j|PokeNerdMatt
|j|Akir
|choice|switch 2|move superpower
|
|switch|p1a: I Believe|Altaria, M|353\/353
|move|p2a: Simipour|Superpower|p1a: I Believe
|-resisted|p1a: I Believe
|-damage|p1a: I Believe|288\/353
|-unboost|p2a: Simipour|atk|1
|-unboost|p2a: Simipour|def|1
|-damage|p2a: Simipour|233\/291|[from] item: Life Orb
|
|-heal|p1a: I Believe|310\/353|[from] item: Leftovers
|upkeep
|turn|6
|j|5gen
|choice|switch 4|switch 4
|
|switch|p2a: Bronzor|Bronzor|318\/318
|switch|p1a: Terminator|Rotom-Frost|241\/241
|
|upkeep
|turn|7
|choice|move trick|switch 2
|
|switch|p2a: Stunfisk|Stunfisk, F|421\/421
|move|p1a: Terminator|Trick|p2a: Stunfisk
|-activate|p1a: Terminator|move: Trick|[of] p2a: Stunfisk
|-item|p2a: Stunfisk|Choice Scarf|[from] move: Trick
|-item|p1a: Terminator|Leftovers|[from] move: Trick
|
|upkeep
|turn|8
|c|☆UberSkitty ♥|gottem
|choice|move blizzard|move stealthrock
|
|move|p1a: Terminator|Blizzard|p2a: Stunfisk
|-supereffective|p2a: Stunfisk
|-damage|p2a: Stunfisk|79\/421
|move|p2a: Stunfisk|Stealth Rock|p1a: Terminator
|-sidestart|p1: UberSkitty ♥|move: Stealth Rock
|
|upkeep
|turn|9
|choice|move thunderbolt|switch 6
|
|switch|p2a: Rotom|Rotom-Frost|241\/241
|move|p1a: Terminator|Thunderbolt|p2a: Rotom
|-resisted|p2a: Rotom
|-damage|p2a: Rotom|178\/241
|
|upkeep
|turn|10
|choice|move blizzard|move voltswitch
|
|move|p2a: Rotom|Volt Switch|p1a: Terminator
|-resisted|p1a: Terminator
|-damage|p1a: Terminator|187\/241
|choice||switch 5
|
|switch|p2a: Beheeyem|Beheeyem, F|331\/353 tox
|move|p1a: Terminator|Blizzard|p2a: Beheeyem|[miss]
|-miss|p1a: Terminator|p2a: Beheeyem
|
|-heal|p1a: Terminator|202\/241|[from] item: Leftovers
|-heal|p2a: Beheeyem|353\/353 tox|[from] item: Leftovers
|-damage|p2a: Beheeyem|331\/353 tox|[from] psn
|upkeep
|turn|11
|c|☆UberSkitty ♥|,,,
|choice|move voltswitch|move thunderbolt
|
|move|p1a: Terminator|Volt Switch|p2a: Beheeyem
|-damage|p2a: Beheeyem|243\/353 tox
|choice|switch 6|
|
|switch|p1a: Spoon Me|Bronzor|318\/318 slp
|-damage|p1a: Spoon Me|299\/318 slp|[from] Stealth Rock
|move|p2a: Beheeyem|Thunderbolt|p1a: Spoon Me
|-crit|p1a: Spoon Me
|-damage|p1a: Spoon Me|174\/318 slp
|
|-heal|p2a: Beheeyem|265\/353 tox|[from] item: Leftovers
|-damage|p2a: Beheeyem|221\/353 tox|[from] psn
|upkeep
|turn|12
|choice|switch 3|switch 4
|
|switch|p2a: Simipour|Simipour, F|233\/291
|switch|p1a: Firebutt|Monferno, M|269\/269
|-damage|p1a: Firebutt|236\/269|[from] Stealth Rock
|
|upkeep
|turn|13
|choice|switch 4|move hydropump
|
|switch|p1a: I Believe|Altaria, M|310\/353
|-damage|p1a: I Believe|222\/353|[from] Stealth Rock
|move|p2a: Simipour|Hydro Pump|p1a: I Believe
|-resisted|p1a: I Believe
|-damage|p1a: I Believe|144\/353
|-damage|p2a: Simipour|204\/291|[from] item: Life Orb
|
|-heal|p1a: I Believe|166\/353|[from] item: Leftovers
|upkeep
|turn|14
|choice|switch 2|switch 5
|
|switch|p2a: Rotom|Rotom-Frost|178\/241
|switch|p1a: 'Merica!!|Bouffalant, M|265\/394
|-damage|p1a: 'Merica!!|216\/394|[from] Stealth Rock
|
|upkeep
|turn|15
|c| PokeNerdMatt|why is bronzor rising in popularity so much?
|choice|move frustration|move voltswitch
|
|move|p2a: Rotom|Volt Switch|p1a: 'Merica!!
|-damage|p1a: 'Merica!!|132\/394
|c|☆UberSkitty ♥|because its so good
|choice||switch 3
|
|switch|p2a: Vullaby|Vullaby, F|343\/343
|move|p1a: 'Merica!!|Frustration|p2a: Vullaby
|-damage|p2a: Vullaby|265\/343
|
|upkeep
|turn|16
|c|☆UberSkitty ♥|great bulk and typing
|choice|switch 5|move foulplay
|
|switch|p1a: Meep Meep|Vullaby, F|343\/343
|-damage|p1a: Meep Meep|258\/343|[from] Stealth Rock
|move|p2a: Vullaby|Foul Play|p1a: Meep Meep
|-resisted|p1a: Meep Meep
|-damage|p1a: Meep Meep|239\/343
|
|upkeep
|turn|17
|c| burningplain123|and ability
|choice|move defog|move uturn
|
|move|p2a: Vullaby|U-turn|p1a: Meep Meep
|-damage|p1a: Meep Meep|219\/343
|c| yCocokie✱|and Psywave is damn good too ^^
|choice||switch 3
|
|switch|p2a: Rotom|Rotom-Frost|178\/241
|move|p1a: Meep Meep|Defog|p2a: Rotom
|-unboost|p2a: Rotom|evasion|1
|-sideend|p1: UberSkitty ♥|Stealth Rock|[from] move: Defog|[of] p1a: Meep Meep
|
|upkeep
|turn|18
|j|Specs Jigglypuff
|choice|switch 6|move voltswitch
|
|switch|p1a: Terminator|Rotom-Frost|202\/241
|move|p2a: Rotom|Volt Switch|p1a: Terminator
|-resisted|p1a: Terminator
|-damage|p1a: Terminator|148\/241
|choice||switch 4
|
|switch|p2a: Beheeyem|Beheeyem, F|221\/353 tox
|
|-heal|p1a: Terminator|163\/241|[from] item: Leftovers
|-heal|p2a: Beheeyem|243\/353 tox|[from] item: Leftovers
|-damage|p2a: Beheeyem|221\/353 tox|[from] psn
|upkeep
|turn|19
|l|Slowbroth
|choice|move blizzard|move recover
|
|move|p1a: Terminator|Blizzard|p2a: Beheeyem
|-damage|p2a: Beheeyem|80\/353 tox
|move|p2a: Beheeyem|Recover|p2a: Beheeyem
|-heal|p2a: Beheeyem|257\/353 tox
|
|-heal|p1a: Terminator|178\/241|[from] item: Leftovers
|-heal|p2a: Beheeyem|279\/353 tox|[from] item: Leftovers
|-damage|p2a: Beheeyem|235\/353 tox|[from] psn
|upkeep
|turn|20
|choice|move voltswitch|move psyshock
|
|move|p1a: Terminator|Volt Switch|p2a: Beheeyem
|-damage|p2a: Beheeyem|147\/353 tox
|choice|switch 6|
|
|switch|p1a: Meep Meep|Vullaby, F|219\/343
|move|p2a: Beheeyem|Psyshock|p1a: Meep Meep
|-immune|p1a: Meep Meep|[msg]
|
|-heal|p2a: Beheeyem|169\/353 tox|[from] item: Leftovers
|-damage|p2a: Beheeyem|103\/353 tox|[from] psn
|upkeep
|turn|21
|choice|switch 6|move thunderbolt
|
|switch|p1a: Terminator|Rotom-Frost|178\/241
|move|p2a: Beheeyem|Thunderbolt|p1a: Terminator
|-resisted|p1a: Terminator
|-damage|p1a: Terminator|121\/241
|
|-heal|p1a: Terminator|136\/241|[from] item: Leftovers
|-heal|p2a: Beheeyem|125\/353 tox|[from] item: Leftovers
|-damage|p2a: Beheeyem|37\/353 tox|[from] psn
|upkeep
|turn|22
|choice|move thunderbolt|move thunderbolt
|
|move|p1a: Terminator|Thunderbolt|p2a: Beheeyem
|-damage|p2a: Beheeyem|0 fnt
|faint|p2a: Beheeyem
|
|-heal|p1a: Terminator|151\/241|[from] item: Leftovers
|upkeep
|l|PokeNerdMatt
|choice||switch 2
|
|switch|p2a: Bronzor|Bronzor|318\/318
|turn|23
|choice|move trick|move psywave
|
|move|p1a: Terminator|Trick|p2a: Bronzor
|-activate|p1a: Terminator|move: Trick|[of] p2a: Bronzor
|-item|p2a: Bronzor|Leftovers|[from] move: Trick
|-item|p1a: Terminator|Eviolite|[from] move: Trick
|move|p2a: Bronzor|Psywave|p1a: Terminator
|-damage|p1a: Terminator|48\/241
|
|upkeep
|turn|24
|choice|move voltswitch|move toxic
|
|move|p1a: Terminator|Volt Switch|p2a: Bronzor
|-damage|p2a: Bronzor|215\/318
|choice|switch 6|
|
|switch|p1a: Meep Meep|Vullaby, F|219\/343
|move|p2a: Bronzor|Toxic|p1a: Meep Meep
|-status|p1a: Meep Meep|tox
|
|-heal|p2a: Bronzor|234\/318|[from] item: Leftovers
|-damage|p1a: Meep Meep|198\/343 tox|[from] psn
|upkeep
|turn|25
|l|burningplain123
|choice|move uturn|switch 6
|
|switch|p2a: Stunfisk|Stunfisk, F|79\/421
|move|p1a: Meep Meep|U-turn|p2a: Stunfisk
|-damage|p2a: Stunfisk|51\/421
|choice|switch 6|
|
|switch|p1a: Terminator|Rotom-Frost|48\/241
|
|upkeep
|turn|26
|choice|move blizzard|switch 6
|
|switch|p2a: Bronzor|Bronzor|234\/318
|move|p1a: Terminator|Blizzard|p2a: Bronzor|[miss]
|-miss|p1a: Terminator|p2a: Bronzor
|
|-heal|p2a: Bronzor|253\/318|[from] item: Leftovers
|upkeep
|turn|27
|c|☆UberSkitty ♥|smh
|choice|move voltswitch|move psywave
|
|move|p1a: Terminator|Volt Switch|p2a: Bronzor
|-damage|p2a: Bronzor|141\/318
|choice|switch 6|
|
|switch|p1a: Meep Meep|Vullaby, F|198\/343 tox
|move|p2a: Bronzor|Psywave|p1a: Meep Meep
|-immune|p1a: Meep Meep|[msg]
|
|-heal|p2a: Bronzor|160\/318|[from] item: Leftovers
|-damage|p1a: Meep Meep|177\/343 tox|[from] psn
|upkeep
|turn|28
|choice|move uturn|switch 6
|
|switch|p2a: Stunfisk|Stunfisk, F|51\/421
|move|p1a: Meep Meep|U-turn|p2a: Stunfisk
|-damage|p2a: Stunfisk|22\/421
|choice|switch 2|
|
|switch|p1a: I Believe|Altaria, M|166\/353
|
|-heal|p1a: I Believe|188\/353|[from] item: Leftovers
|upkeep
|turn|29
|choice|move flamethrower|move stealthrock
|
|move|p1a: I Believe|Flamethrower|p2a: Stunfisk
|-damage|p2a: Stunfisk|0 fnt
|faint|p2a: Stunfisk
|
|-heal|p1a: I Believe|210\/353|[from] item: Leftovers
|upkeep
|choice||switch 4
|
|switch|p2a: Rotom|Rotom-Frost|178\/241
|turn|30
|choice|switch 4|move voltswitch
|
|switch|p1a: Firebutt|Monferno, M|236\/269
|move|p2a: Rotom|Volt Switch|p1a: Firebutt
|-damage|p1a: Firebutt|113\/269
|choice||switch 3
|
|switch|p2a: Vullaby|Vullaby, F|265\/343
|
|upkeep
|turn|31
|choice|move uturn|move foulplay
|
|move|p1a: Firebutt|U-turn|p2a: Vullaby
|-damage|p2a: Vullaby|233\/343
|choice|switch 4|
|
|switch|p1a: I Believe|Altaria, M|210\/353
|move|p2a: Vullaby|Foul Play|p1a: I Believe
|-damage|p1a: I Believe|161\/353
|
|-heal|p1a: I Believe|183\/353|[from] item: Leftovers
|upkeep
|turn|32
|choice|move healbell|move roost
|
|move|p1a: I Believe|Heal Bell|p1a: I Believe
|-activate|p1a: I Believe|move: Heal Bell
|-curestatus|p1: Meep Meep|tox|[msg]
|-curestatus|p1: Spoon Me|slp|[msg]
|move|p2a: Vullaby|Roost|p2a: Vullaby
|-heal|p2a: Vullaby|343\/343
|
|-heal|p1a: I Believe|205\/353|[from] item: Leftovers
|upkeep
|turn|33
|choice|move toxic|move uturn
|
|move|p1a: I Believe|Toxic|p2a: Vullaby
|-status|p2a: Vullaby|tox
|move|p2a: Vullaby|U-turn|p1a: I Believe
|-resisted|p1a: I Believe
|-damage|p1a: I Believe|192\/353
|choice||switch 3
|
|switch|p2a: Rotom|Rotom-Frost|178\/241
|
|-heal|p1a: I Believe|214\/353|[from] item: Leftovers
|upkeep
|turn|34
|choice|switch 3|move blizzard
|
|switch|p1a: Spoon Me|Bronzor|174\/318
|move|p2a: Rotom|Blizzard|p1a: Spoon Me|[miss]
|-miss|p2a: Rotom|p1a: Spoon Me
|
|upkeep
|turn|35
|l|Jungle Fox
|choice|move psywave|switch 6
|
|switch|p2a: Bronzor|Bronzor|160\/318
|move|p1a: Spoon Me|Psywave|p2a: Bronzor
|-damage|p2a: Bronzor|63\/318
|
|-heal|p2a: Bronzor|82\/318|[from] item: Leftovers
|upkeep
|turn|36
|choice|move psywave|move rest
|
|move|p1a: Spoon Me|Psywave|p2a: Bronzor
|-damage|p2a: Bronzor|0 fnt
|faint|p2a: Bronzor
|
|upkeep
|choice||switch 5
|
|switch|p2a: Simipour|Simipour, F|204\/291
|turn|37
|j|Jungle Fox
|choice|switch 2|move gunkshot
|
|switch|p1a: Meep Meep|Vullaby, F|177\/343
|move|p2a: Simipour|Gunk Shot|p1a: Meep Meep
|-damage|p1a: Meep Meep|91\/343
|-status|p1a: Meep Meep|psn
|-damage|p2a: Simipour|175\/291|[from] item: Life Orb
|
|-damage|p1a: Meep Meep|49\/343 psn|[from] psn
|upkeep
|turn|38
|c|☆UberSkitty ♥|no ice beam
|c|☆UberSkitty ♥|that is so relieving
|choice|move uturn|move hydropump
|
|move|p2a: Simipour|Hydro Pump|p1a: Meep Meep
|-damage|p1a: Meep Meep|0 fnt
|-damage|p2a: Simipour|146\/291|[from] item: Life Orb
|faint|p1a: Meep Meep
|
|upkeep
|choice|switch 3|
|
|switch|p1a: I Believe|Altaria, M|214\/353
|turn|39
|choice|move toxic|switch 3
|
|switch|p2a: Vullaby|Vullaby, F|343\/343 tox
|move|p1a: I Believe|Toxic|p2a: Vullaby
|-fail|p2a: Vullaby|tox
|
|-heal|p1a: I Believe|236\/353|[from] item: Leftovers
|-damage|p2a: Vullaby|322\/343 tox|[from] psn
|upkeep
|turn|40
|choice|move flamethrower|move uturn
|
|move|p1a: I Believe|Flamethrower|p2a: Vullaby
|-damage|p2a: Vullaby|272\/343 tox
|move|p2a: Vullaby|U-turn|p1a: I Believe
|-resisted|p1a: I Believe
|-damage|p1a: I Believe|223\/353
|choice||switch 6
|
|switch|p2a: Rotom|Rotom-Frost|178\/241
|
|-heal|p1a: I Believe|245\/353|[from] item: Leftovers
|upkeep
|turn|41
|choice|switch 2|move voltswitch
|
|switch|p1a: Spoon Me|Bronzor|174\/318
|move|p2a: Rotom|Volt Switch|p1a: Spoon Me
|-damage|p1a: Spoon Me|96\/318
|choice||switch 3
|
|switch|p2a: Simipour|Simipour, F|146\/291
|
|upkeep
|turn|42
|j|275p
|choice|move rest|move knockoff
|
|move|p2a: Simipour|Knock Off|p1a: Spoon Me
|-supereffective|p1a: Spoon Me
|-damage|p1a: Spoon Me|0 fnt
|-enditem|p1a: Spoon Me|Eviolite|[from] move: Knock Off|[of] p2a: Simipour
|-damage|p2a: Simipour|117\/291|[from] item: Life Orb
|faint|p1a: Spoon Me
|
|upkeep
|choice|switch 2|
|
|switch|p1a: I Believe|Altaria, M|245\/353
|turn|43
|choice|switch 6|switch 6
|
|switch|p2a: Vullaby|Vullaby, F|272\/343 tox
|switch|p1a: Terminator|Rotom-Frost|48\/241
|
|-damage|p2a: Vullaby|251\/343 tox|[from] psn
|upkeep
|turn|44
|choice|move voltswitch|switch 3
|
|switch|p2a: Rotom|Rotom-Frost|178\/241
|move|p1a: Terminator|Volt Switch|p2a: Rotom
|-resisted|p2a: Rotom
|-damage|p2a: Rotom|124\/241
|choice|switch 4|
|
|switch|p1a: Firebutt|Monferno, M|113\/269
|
|upkeep
|turn|45
|choice|move machpunch|switch 3
|
|switch|p2a: Vullaby|Vullaby, F|251\/343 tox
|move|p1a: Firebutt|Mach Punch|p2a: Vullaby
|-damage|p2a: Vullaby|214\/343 tox
|
|-damage|p2a: Vullaby|193\/343 tox|[from] psn
|upkeep
|turn|46
|choice|move uturn|move uturn
|
|move|p1a: Firebutt|U-turn|p2a: Vullaby
|-damage|p2a: Vullaby|160\/343 tox
|choice|switch 6|
|
|switch|p1a: I Believe|Altaria, M|245\/353
|move|p2a: Vullaby|U-turn|p1a: I Believe
|-resisted|p1a: I Believe
|-damage|p1a: I Believe|230\/353
|choice||switch 3
|
|switch|p2a: Rotom|Rotom-Frost|124\/241
|
|-heal|p1a: I Believe|252\/353|[from] item: Leftovers
|upkeep
|turn|47
|choice|switch 5|move thunderbolt
|
|switch|p1a: 'Merica!!|Bouffalant, M|132\/394
|move|p2a: Rotom|Thunderbolt|p1a: 'Merica!!
|-damage|p1a: 'Merica!!|23\/394
|
|upkeep
|turn|48
|choice|move rest|move thunderbolt
|
|move|p2a: Rotom|Thunderbolt|p1a: 'Merica!!
|-damage|p1a: 'Merica!!|0 fnt
|faint|p1a: 'Merica!!
|
|upkeep
|l|RivalET
|choice|switch 5|
|
|switch|p1a: I Believe|Altaria, M|252\/353
|turn|49
|l|275p
|choice|move flamethrower|switch 6
|
|switch|p2a: Simipour|Simipour, F|117\/291
|move|p1a: I Believe|Flamethrower|p2a: Simipour
|-resisted|p2a: Simipour
|-damage|p2a: Simipour|71\/291
|
|-heal|p1a: I Believe|274\/353|[from] item: Leftovers
|upkeep
|turn|50
|choice|switch 4|move knockoff
|
|switch|p1a: Terminator|Rotom-Frost|48\/241
|move|p2a: Simipour|Knock Off|p1a: Terminator
|-damage|p1a: Terminator|0 fnt
|-enditem|p1a: Terminator|Eviolite|[from] move: Knock Off|[of] p2a: Simipour
|-damage|p2a: Simipour|42\/291|[from] item: Life Orb
|faint|p1a: Terminator
|
|upkeep
|choice|switch 6|
|
|switch|p1a: Firebutt|Monferno, M|113\/269
|turn|51
|choice|move machpunch|switch 3
|
|switch|p2a: Vullaby|Vullaby, F|160\/343 tox
|move|p1a: Firebutt|Mach Punch|p2a: Vullaby
|-damage|p2a: Vullaby|124\/343 tox
|
|-damage|p2a: Vullaby|103\/343 tox|[from] psn
|upkeep
|turn|52
|choice|move uturn|move roost
|
|move|p1a: Firebutt|U-turn|p2a: Vullaby
|-damage|p2a: Vullaby|65\/343 tox
|choice|switch 4|
|
|switch|p1a: I Believe|Altaria, M|274\/353
|move|p2a: Vullaby|Roost|p2a: Vullaby
|-heal|p2a: Vullaby|237\/343 tox
|
|-heal|p1a: I Believe|296\/353|[from] item: Leftovers
|-damage|p2a: Vullaby|195\/343 tox|[from] psn
|upkeep
|turn|53
|j|PokemonMasterTJ
|choice|switch 4|move roost
|
|switch|p1a: Firebutt|Monferno, M|113\/269
|move|p2a: Vullaby|Roost|p2a: Vullaby
|-heal|p2a: Vullaby|343\/343 tox
|
|-damage|p2a: Vullaby|280\/343 tox|[from] psn
|upkeep
|turn|54
|choice|move uturn|move uturn
|
|move|p1a: Firebutt|U-turn|p2a: Vullaby
|-damage|p2a: Vullaby|243\/343 tox
|choice|switch 4|
|
|switch|p1a: I Believe|Altaria, M|296\/353
|move|p2a: Vullaby|U-turn|p1a: I Believe
|-resisted|p1a: I Believe
|-damage|p1a: I Believe|283\/353
|choice||switch 6
|
|switch|p2a: Rotom|Rotom-Frost|124\/241
|
|-heal|p1a: I Believe|305\/353|[from] item: Leftovers
|upkeep
|turn|55
|choice|move flamethrower|move blizzard
|
|move|p2a: Rotom|Blizzard|p1a: I Believe
|-supereffective|p1a: I Believe
|-damage|p1a: I Believe|0 fnt
|faint|p1a: I Believe
|
|upkeep
|c|☆UberSkitty ♥|smh
|c|☆UberSkitty ♥|who hits blizzard?
|choice|switch 4|
|
|switch|p1a: Firebutt|Monferno, M|113\/269
|turn|56
|choice|move machpunch|switch 3
|
|switch|p2a: Simipour|Simipour, F|42\/291
|move|p1a: Firebutt|Mach Punch|p2a: Simipour
|-damage|p2a: Simipour|0 fnt
|faint|p2a: Simipour
|
|upkeep
|choice||switch 6
|
|switch|p2a: Vullaby|Vullaby, F|243\/343 tox
|turn|57
|choice|move closecombat|move roost
|
|move|p1a: Firebutt|Close Combat|p2a: Vullaby
|-damage|p2a: Vullaby|150\/343 tox
|-unboost|p1a: Firebutt|def|1
|-unboost|p1a: Firebutt|spd|1
|move|p2a: Vullaby|Roost|p2a: Vullaby
|-heal|p2a: Vullaby|322\/343 tox
|
|-damage|p2a: Vullaby|301\/343 tox|[from] psn
|upkeep
|turn|58
|c|☆UberSkitty ♥|gg
|c|☆Taskr|gg
|c|☆UberSkitty ♥|,,,
|choice|move closecombat|move foulplay
|
|move|p1a: Firebutt|Close Combat|p2a: Vullaby
|-damage|p2a: Vullaby|213\/343 tox
|-unboost|p1a: Firebutt|def|1
|-unboost|p1a: Firebutt|spd|1
|move|p2a: Vullaby|Foul Play|p1a: Firebutt
|-resisted|p1a: Firebutt
|-damage|p1a: Firebutt|0 fnt
|faint|p1a: Firebutt
|
|win|Taskr
|l|TIBot
|l|quagsgone
|l|5gen
|l|Chrisloud
|l|UberSkitty ♥
|l|Taskr
|l|Jungle Fox
|l|Specs Jigglypuff
|j|Taskr</script>
</div>
<div class="battle-log battle-log-inline"><div class="inner"><div class="battle-options"></div><div class="inner"><div class="chat"><small>UberSkitty ♥ joined.</small></div><div class="chat"><small>Taskr joined.</small></div><div class=""><small>Format:</small> <br><strong>PU</strong></div><div class=""><small><em>Sleep Clause Mod:</em> Limit one foe put to sleep</small></div><div class=""><small><em>Species Clause:</em> Limit one of each Pokémon</small></div><div class=""><small><em>OHKO Clause:</em> OHKO moves are banned</small></div><div class=""><small><em>Moody Clause:</em> Moody is banned</small></div><div class=""><small><em>Evasion Moves Clause:</em> Evasion moves are banned</small></div><div class=""><small><em>Endless Battle Clause:</em> Forcing endless battles is banned</small></div><div class=""><small><em>HP Percentage Mod:</em> HP is shown in percentages</small></div><div class=""><small><em>Swagger Clause:</em> Swagger is banned</small></div><div class=""><small><em>Baton Pass Clause:</em> Limit one Baton Passer, can't pass Spe and other stats simultaneously</small></div><div class="chat battle-history"><strong>UberSkitty ♥'s team:</strong> <em style="color:#445566;display:block;">Bouffalant / Altaria / Monferno / Bronzor / Vullaby / Rotom-Frost</em></div><div class="chat battle-history"><strong>Taskr's team:</strong> <em style="color:#445566;display:block;">Stunfisk / Beheeyem / Vullaby / Bronzor / Simipour / Rotom-Frost</em></div><div class="chat"><small>TIBot joined.</small></div><div class="chat"><small>yCocokie✱ joined.</small></div><div class="chat"><small>Chrisloud joined.</small></div><div class="chat chatmessage-taskr"><strong style="color:hsl(245,67%,63.87397679507551%)"><small>☆</small><span class="username" data-name="Taskr">Taskr</span>:</strong> <em>hf</em></div><div class="chat chatmessage-uberskitty"><strong style="color:hsl(74,64%,33%)"><small>☆</small><span class="username" data-name="UberSkitty ♥">UberSkitty ♥</span>:</strong> <em>hf</em></div><div class="chat"><small>RivalET joined.</small></div><div class="chat"><small>quagsgone joined.</small></div><div class="chat chatmessage-chrisloud"><strong style="color:hsl(98,63%,38%)"><small> </small><span class="username" data-name="Chrisloud">Chrisloud</span>:</strong> <em>where is ur ice doge switch ins</em></div><div class="chat chatmessage-chrisloud"><strong style="color:hsl(98,63%,38%)"><small> </small><span class="username" data-name="Chrisloud">Chrisloud</span>:</strong> <em>bois</em></div><div class="chat chatmessage-chrisloud"><strong style="color:hsl(98,63%,38%)"><small> </small><span class="username" data-name="Chrisloud">Chrisloud</span>:</strong> <em>(bouff)</em></div><div class="chat"><small>Jungle Fox joined.</small></div><div class="spacer battle-history"><br></div><div class="battle-history">Battle started between UberSkitty ♥ and Taskr!<br></div><div class="spacer battle-history"><br></div><div class="battle-history">Go! Terminator (<strong>Rotom-Frost</strong>)!<br></div><div class="spacer battle-history"><br></div><div class="battle-history">Taskr sent out <strong>Beheeyem</strong>!<br></div><div class="spacer battle-history"><br></div><h2 class="battle-history">Turn 1</h2><div class="chat chatmessage-junglefox"><strong style="color:hsl(303,42%,50.48366012119777%)"><small>%</small><span class="username" data-name="Jungle Fox">Jungle Fox</span>:</strong> <em>there's bronzor</em></div><div class="chat chatmessage-junglefox"><strong style="color:hsl(303,42%,50.48366012119777%)"><small>%</small><span class="username" data-name="Jungle Fox">Jungle Fox</span>:</strong> <em>who switches into everything tho</em></div><div class="chat chatmessage-uberskitty"><strong style="color:hsl(74,64%,33%)"><small>☆</small><span class="username" data-name="UberSkitty ♥">UberSkitty ♥</span>:</strong> <em>wheres bronzor?</em></div><div class="chat chatmessage-junglefox"><strong style="color:hsl(303,42%,50.48366012119777%)"><small>%</small><span class="username" data-name="Jungle Fox">Jungle Fox</span>:</strong> <em>taskr's</em></div><div class="chat chatmessage-chrisloud"><strong style="color:hsl(98,63%,38%)"><small> </small><span class="username" data-name="Chrisloud">Chrisloud</span>:</strong> <em>shadow ball</em></div><div class="chat chatmessage-chrisloud"><strong style="color:hsl(98,63%,38%)"><small> </small><span class="username" data-name="Chrisloud">Chrisloud</span>:</strong> <em>ez 2hko</em></div><div class="chat chatmessage-junglefox"><strong style="color:hsl(303,42%,50.48366012119777%)"><small>%</small><span class="username" data-name="Jungle Fox">Jungle Fox</span>:</strong> <em>and urs lol</em></div><div class="chat"><small>Slowbroth joined.</small></div><div class="chat chatmessage-chrisloud"><strong style="color:hsl(98,63%,38%)"><small> </small><span class="username" data-name="Chrisloud">Chrisloud</span>:</strong> <em>bronzor</em></div><div class="spacer battle-history"><br></div><div class="battle-history">Terminator, come back!<br></div><div class="battle-history">Go! Spoon Me (<strong>Bronzor</strong>)!<br></div><div class="spacer battle-history"><br></div><div class="battle-history">The opposing Beheeyem used <strong>Nasty Plot</strong>!<br></div><div class="battle-history"><small>The opposing Beheeyem's Special Attack rose sharply!</small><br></div><div class="spacer battle-history"><br></div><h2 class="battle-history">Turn 2</h2><div class="chat chatmessage-uberskitty"><strong style="color:hsl(74,64%,33%)"><small>☆</small><span class="username" data-name="UberSkitty ♥">UberSkitty ♥</span>:</strong> <em>i dont see any bronzors</em></div><div class="chat chatmessage-chrisloud"><strong style="color:hsl(98,63%,38%)"><small> </small><span class="username" data-name="Chrisloud">Chrisloud</span>:</strong> <em>broznor is straight cancer</em></div><div class="chat chatmessage-chrisloud"><strong style="color:hsl(98,63%,38%)"><small> </small><span class="username" data-name="Chrisloud">Chrisloud</span>:</strong> <em>stop using it D:</em></div><div class="spacer battle-history"><br></div><div class="battle-history">The opposing Beheeyem used <strong>Thunderbolt</strong>!<br></div><div class="battle-history"><small>(Spoon Me lost <abbr title="−132/318">41.5%</abbr> of its health!)</small><br></div><div class="spacer battle-history"><br></div><div class="battle-history">Spoon Me used <strong>Toxic</strong>!<br></div><div class="battle-history"><small>The opposing Beheeyem was badly poisoned!</small><br></div><div class="spacer battle-history"><br></div><div class="battle-history"><small>The opposing Beheeyem was hurt by poison!</small><br></div><div class="spacer battle-history"><br></div><h2 class="battle-history">Turn 3</h2><div class="chat"><small>burningplain123 joined.</small></div><div class="chat chatmessage-uberskitty"><strong style="color:hsl(74,64%,33%)"><small>☆</small><span class="username" data-name="UberSkitty ♥">UberSkitty ♥</span>:</strong> <em>pls no shadow ball</em></div><div class="chat chatmessage-uberskitty"><strong style="color:hsl(74,64%,33%)"><small>☆</small><span class="username" data-name="UberSkitty ♥">UberSkitty ♥</span>:</strong> <em>thx</em></div><div class="spacer battle-history"><br></div><div class="battle-history">Taskr withdrew Beheeyem!<br></div><div class="battle-history">Taskr sent out <strong>Simipour</strong>!<br></div><div class="spacer battle-history"><br></div><div class="battle-history">Spoon Me used <strong>Rest</strong>!<br></div><div class="battle-history"><small>Spoon Me fell asleep!</small><br></div><div class="battle-history"><small>Spoon Me slept and became healthy!</small><br></div><div class="spacer battle-history"><br></div><h2 class="battle-history">Turn 4</h2><div class="spacer battle-history"><br></div><div class="battle-history">Spoon Me, come back!<br></div><div class="battle-history">Go! 'Merica!! (<strong>Bouffalant</strong>)!<br></div><div class="spacer battle-history"><br></div><div class="battle-history">The opposing Simipour used <strong>Knock Off</strong>!<br></div><div class="battle-history"><small>('Merica!! lost <abbr title="−129/394">32.7%</abbr> of its health!)</small><br></div><div class="battle-history"><small>The opposing Simipour knocked off 'Merica!!'s Leftovers!</small><br></div><div class="battle-history"><small>The opposing Simipour lost some of its HP!</small><br></div><div class="spacer battle-history"><br></div><h2 class="battle-history">Turn 5</h2><div class="chat"><small>PokeNerdMatt joined.</small></div><div class="chat"><small>Akir joined.</small></div><div class="spacer battle-history"><br></div><div class="battle-history">'Merica!!, come back!<br></div><div class="battle-history">Go! I Believe (<strong>Altaria</strong>)!<br></div><div class="spacer battle-history"><br></div><div class="battle-history">The opposing Simipour used <strong>Superpower</strong>!<br></div><div class="battle-history"><small>It's not very effective...</small><br></div><div class="battle-history"><small>(I Believe lost <abbr title="−65/353">18.4%</abbr> of its health!)</small><br></div><div class="battle-history"><small>The opposing Simipour's Attack fell!</small><br></div><div class="battle-history"><small>The opposing Simipour's Defense fell!</small><br></div><div class="battle-history"><small>The opposing Simipour lost some of its HP!</small><br></div><div class="spacer battle-history"><br></div><div class="battle-history"><small>I Believe restored a little HP using its Leftovers!</small><br></div><div class="spacer battle-history"><br></div><h2 class="battle-history">Turn 6</h2><div class="chat"><small>5gen joined.</small></div><div class="spacer battle-history"><br></div><div class="battle-history">Taskr withdrew Simipour!<br></div><div class="battle-history">Taskr sent out <strong>Bronzor</strong>!<br></div><div class="spacer battle-history"><br></div><div class="battle-history">I Believe, come back!<br></div><div class="battle-history">Go! Terminator (<strong>Rotom-Frost</strong>)!<br></div><div class="spacer battle-history"><br></div><h2 class="battle-history">Turn 7</h2><div class="spacer battle-history"><br></div><div class="battle-history">Taskr withdrew Bronzor!<br></div><div class="battle-history">Taskr sent out <strong>Stunfisk</strong>!<br></div><div class="spacer battle-history"><br></div><div class="battle-history">Terminator used <strong>Trick</strong>!<br></div><div class="battle-history"><small>Terminator switched items with its target!</small><br></div><div class="battle-history"><small>The opposing Stunfisk obtained one Choice Scarf.</small><br></div><div class="battle-history"><small>Terminator obtained one Leftovers.</small><br></div><div class="spacer battle-history"><br></div><h2 class="battle-history">Turn 8</h2><div class="chat chatmessage-uberskitty"><strong style="color:hsl(74,64%,33%)"><small>☆</small><span class="username" data-name="UberSkitty ♥">UberSkitty ♥</span>:</strong> <em>gottem</em></div><div class="spacer battle-history"><br></div><div class="battle-history">Terminator used <strong>Blizzard</strong>!<br></div><div class="battle-history"><small>It's super effective!</small><br></div><div class="battle-history"><small>(The opposing Stunfisk lost <abbr title="−342/421">81.2%</abbr> of its health!)</small><br></div><div class="spacer battle-history"><br></div><div class="battle-history">The opposing Stunfisk used <strong>Stealth Rock</strong>!<br></div><div class="battle-history"><small>Pointed stones float in the air around your team!</small><br></div><div class="spacer battle-history"><br></div><h2 class="battle-history">Turn 9</h2><div class="spacer battle-history"><br></div><div class="battle-history">Taskr withdrew Stunfisk!<br></div><div class="battle-history">Taskr sent out Rotom (<strong>Rotom-Frost</strong>)!<br></div><div class="spacer battle-history"><br></div><div class="battle-history">Terminator used <strong>Thunderbolt</strong>!<br></div><div class="battle-history"><small>It's not very effective...</small><br></div><div class="battle-history"><small>(The opposing Rotom lost <abbr title="−63/241">26.1%</abbr> of its health!)</small><br></div><div class="spacer battle-history"><br></div><h2 class="battle-history">Turn 10</h2><div class="spacer battle-history"><br></div><div class="battle-history">The opposing Rotom used <strong>Volt Switch</strong>!<br></div><div class="battle-history"><small>It's not very effective...</small><br></div><div class="battle-history"><small>(Terminator lost <abbr title="−54/241">22.4%</abbr> of its health!)</small><br></div><div class="spacer battle-history"><br></div><div class="battle-history">The opposing Rotom went back to Taskr!<br></div><div class="battle-history">Taskr sent out <strong>Beheeyem</strong>!<br></div><div class="spacer battle-history"><br></div><div class="battle-history">Terminator used <strong>Blizzard</strong>!<br></div><div class="battle-history"><small>The opposing Beheeyem avoided the attack!</small><br></div><div class="spacer battle-history"><br></div><div class="battle-history"><small>Terminator restored a little HP using its Leftovers!</small><br></div><div class="battle-history"><small>The opposing Beheeyem restored a little HP using its Leftovers!</small><br></div><div class="battle-history"><small>The opposing Beheeyem was hurt by poison!</small><br></div><div class="spacer battle-history"><br></div><h2 class="battle-history">Turn 11</h2><div class="chat chatmessage-uberskitty"><strong style="color:hsl(74,64%,33%)"><small>☆</small><span class="username" data-name="UberSkitty ♥">UberSkitty ♥</span>:</strong> <em>,,,</em></div><div class="spacer battle-history"><br></div><div class="battle-history">Terminator used <strong>Volt Switch</strong>!<br></div><div class="battle-history"><small>(The opposing Beheeyem lost <abbr title="−88/353">24.9%</abbr> of its health!)</small><br></div><div class="spacer battle-history"><br></div><div class="battle-history">Terminator went back to UberSkitty ♥!<br></div><div class="battle-history">Go! Spoon Me (<strong>Bronzor</strong>)!<br></div><div class="battle-history"><small>Pointed stones dug into Spoon Me!</small><br></div><div class="spacer battle-history"><br></div><div class="battle-history">The opposing Beheeyem used <strong>Thunderbolt</strong>!<br></div><div class="battle-history"><small>A critical hit!</small><br></div><div class="battle-history"><small>(Spoon Me lost <abbr title="−125/318">39.3%</abbr> of its health!)</small><br></div><div class="spacer battle-history"><br></div><div class="battle-history"><small>The opposing Beheeyem restored a little HP using its Leftovers!</small><br></div><div class="battle-history"><small>The opposing Beheeyem was hurt by poison!</small><br></div><div class="spacer battle-history"><br></div><h2 class="battle-history">Turn 12</h2><div class="spacer battle-history"><br></div><div class="battle-history">Taskr withdrew Beheeyem!<br></div><div class="battle-history">Taskr sent out <strong>Simipour</strong>!<br></div><div class="spacer battle-history"><br></div><div class="battle-history">Spoon Me, come back!<br></div><div class="battle-history">Go! Firebutt (<strong>Monferno</strong>)!<br></div><div class="battle-history"><small>Pointed stones dug into Firebutt!</small><br></div><div class="spacer battle-history"><br></div><h2 class="battle-history">Turn 13</h2><div class="spacer battle-history"><br></div><div class="battle-history">Firebutt, come back!<br></div><div class="battle-history">Go! I Believe (<strong>Altaria</strong>)!<br></div><div class="battle-history"><small>Pointed stones dug into I Believe!</small><br></div><div class="spacer battle-history"><br></div><div class="battle-history">The opposing Simipour used <strong>Hydro Pump</strong>!<br></div><div class="battle-history"><small>It's not very effective...</small><br></div><div class="battle-history"><small>(I Believe lost <abbr title="−78/353">22.1%</abbr> of its health!)</small><br></div><div class="battle-history"><small>The opposing Simipour lost some of its HP!</small><br></div><div class="spacer battle-history"><br></div><div class="battle-history"><small>I Believe restored a little HP using its Leftovers!</small><br></div><div class="spacer battle-history"><br></div><h2 class="battle-history">Turn 14</h2><div class="spacer battle-history"><br></div><div class="battle-history">Taskr withdrew Simipour!<br></div><div class="battle-history">Taskr sent out Rotom (<strong>Rotom-Frost</strong>)!<br></div><div class="spacer battle-history"><br></div><div class="battle-history">I Believe, come back!<br></div><div class="battle-history">Go! 'Merica!! (<strong>Bouffalant</strong>)!<br></div><div class="battle-history"><small>Pointed stones dug into 'Merica!!!</small><br></div><div class="spacer battle-history"><br></div><h2 class="battle-history">Turn 15</h2><div class="chat chatmessage-pokenerdmatt"><strong style="color:hsl(258,78%,58.45941135514741%)"><small> </small><span class="username" data-name="PokeNerdMatt">PokeNerdMatt</span>:</strong> <em>why is bronzor rising in popularity so much?</em></div><div class="spacer battle-history"><br></div><div class="battle-history">The opposing Rotom used <strong>Volt Switch</strong>!<br></div><div class="battle-history"><small>('Merica!! lost <abbr title="−84/394">21.3%</abbr> of its health!)</small><br></div><div class="chat chatmessage-uberskitty"><strong style="color:hsl(74,64%,33%)"><small>☆</small><span class="username" data-name="UberSkitty ♥">UberSkitty ♥</span>:</strong> <em>because its so good</em></div><div class="spacer battle-history"><br></div><div class="battle-history">The opposing Rotom went back to Taskr!<br></div><div class="battle-history">Taskr sent out <strong>Vullaby</strong>!<br></div><div class="spacer battle-history"><br></div><div class="battle-history">'Merica!! used <strong>Frustration</strong>!<br></div><div class="battle-history"><small>(The opposing Vullaby lost <abbr title="−78/343">22.7%</abbr> of its health!)</small><br></div><div class="spacer battle-history"><br></div><h2 class="battle-history">Turn 16</h2><div class="chat chatmessage-uberskitty"><strong style="color:hsl(74,64%,33%)"><small>☆</small><span class="username" data-name="UberSkitty ♥">UberSkitty ♥</span>:</strong> <em>great bulk and typing</em></div><div class="spacer battle-history"><br></div><div class="battle-history">'Merica!!, come back!<br></div><div class="battle-history">Go! Meep Meep (<strong>Vullaby</strong>)!<br></div><div class="battle-history"><small>Pointed stones dug into Meep Meep!</small><br></div><div class="spacer battle-history"><br></div><div class="battle-history">The opposing Vullaby used <strong>Foul Play</strong>!<br></div><div class="battle-history"><small>It's not very effective...</small><br></div><div class="battle-history"><small>(Meep Meep lost <abbr title="−19/343">5.5%</abbr> of its health!)</small><br></div><div class="spacer battle-history"><br></div><h2 class="battle-history">Turn 17</h2><div class="chat chatmessage-burningplain123"><strong style="color:hsl(220,41%,50.22030984902466%)"><small> </small><span class="username" data-name="burningplain123">burningplain123</span>:</strong> <em>and ability</em></div><div class="spacer battle-history"><br></div><div class="battle-history">The opposing Vullaby used <strong>U-turn</strong>!<br></div><div class="battle-history"><small>(Meep Meep lost <abbr title="−20/343">5.8%</abbr> of its health!)</small><br></div><div class="chat chatmessage-ycocokie"><strong style="color:hsl(128,80%,34.89818467270656%)"><small> </small><span class="username" data-name="yCocokie✱">yCocokie✱</span>:</strong> <em>and Psywave is damn good too ^^</em></div><div class="spacer battle-history"><br></div><div class="battle-history">The opposing Vullaby went back to Taskr!<br></div><div class="battle-history">Taskr sent out Rotom (<strong>Rotom-Frost</strong>)!<br></div><div class="spacer battle-history"><br></div><div class="battle-history">Meep Meep used <strong>Defog</strong>!<br></div><div class="battle-history"><small>The opposing Rotom's evasiveness fell!</small><br></div><div class="battle-history"><small>The pointed stones disappeared from around your team!</small><br></div><div class="spacer battle-history"><br></div><h2 class="battle-history">Turn 18</h2><div class="chat"><small>Specs Jigglypuff joined.</small></div><div class="spacer battle-history"><br></div><div class="battle-history">Meep Meep, come back!<br></div><div class="battle-history">Go! Terminator (<strong>Rotom-Frost</strong>)!<br></div><div class="spacer battle-history"><br></div><div class="battle-history">The opposing Rotom used <strong>Volt Switch</strong>!<br></div><div class="battle-history"><small>It's not very effective...</small><br></div><div class="battle-history"><small>(Terminator lost <abbr title="−54/241">22.4%</abbr> of its health!)</small><br></div><div class="spacer battle-history"><br></div><div class="battle-history">The opposing Rotom went back to Taskr!<br></div><div class="battle-history">Taskr sent out <strong>Beheeyem</strong>!<br></div><div class="spacer battle-history"><br></div><div class="battle-history"><small>Terminator restored a little HP using its Leftovers!</small><br></div><div class="battle-history"><small>The opposing Beheeyem restored a little HP using its Leftovers!</small><br></div><div class="battle-history"><small>The opposing Beheeyem was hurt by poison!</small><br></div><div class="spacer battle-history"><br></div><h2 class="battle-history">Turn 19</h2><div class="chat"><small>Slowbroth left.</small></div><div class="spacer battle-history"><br></div><div class="battle-history">Terminator used <strong>Blizzard</strong>!<br></div><div class="battle-history"><small>(The opposing Beheeyem lost <abbr title="−141/353">39.9%</abbr> of its health!)</small><br></div><div class="spacer battle-history"><br></div><div class="battle-history">The opposing Beheeyem used <strong>Recover</strong>!<br></div><div class="battle-history"><small>The opposing Beheeyem restored its HP.</small><br></div><div class="spacer battle-history"><br></div><div class="battle-history"><small>Terminator restored a little HP using its Leftovers!</small><br></div><div class="battle-history"><small>The opposing Beheeyem restored a little HP using its Leftovers!</small><br></div><div class="battle-history"><small>The opposing Beheeyem was hurt by poison!</small><br></div><div class="spacer battle-history"><br></div><h2 class="battle-history">Turn 20</h2><div class="spacer battle-history"><br></div><div class="battle-history">Terminator used <strong>Volt Switch</strong>!<br></div><div class="battle-history"><small>(The opposing Beheeyem lost <abbr title="−88/353">24.9%</abbr> of its health!)</small><br></div><div class="spacer battle-history"><br></div><div class="battle-history">Terminator went back to UberSkitty ♥!<br></div><div class="battle-history">Go! Meep Meep (<strong>Vullaby</strong>)!<br></div><div class="spacer battle-history"><br></div><div class="battle-history">The opposing Beheeyem used <strong>Psyshock</strong>!<br></div><div class="battle-history"><small>It doesn't affect Meep Meep...</small><br></div><div class="spacer battle-history"><br></div><div class="battle-history"><small>The opposing Beheeyem restored a little HP using its Leftovers!</small><br></div><div class="battle-history"><small>The opposing Beheeyem was hurt by poison!</small><br></div><div class="spacer battle-history"><br></div><h2 class="battle-history">Turn 21</h2><div class="spacer battle-history"><br></div><div class="battle-history">Meep Meep, come back!<br></div><div class="battle-history">Go! Terminator (<strong>Rotom-Frost</strong>)!<br></div><div class="spacer battle-history"><br></div><div class="battle-history">The opposing Beheeyem used <strong>Thunderbolt</strong>!<br></div><div class="battle-history"><small>It's not very effective...</small><br></div><div class="battle-history"><small>(Terminator lost <abbr title="−57/241">23.7%</abbr> of its health!)</small><br></div><div class="spacer battle-history"><br></div><div class="battle-history"><small>Terminator restored a little HP using its Leftovers!</small><br></div><div class="battle-history"><small>The opposing Beheeyem restored a little HP using its Leftovers!</small><br></div><div class="battle-history"><small>The opposing Beheeyem was hurt by poison!</small><br></div><div class="spacer battle-history"><br></div><h2 class="battle-history">Turn 22</h2><div class="spacer battle-history"><br></div><div class="battle-history">Terminator used <strong>Thunderbolt</strong>!<br></div><div class="battle-history"><small>(The opposing Beheeyem lost <abbr title="−37/353">10.5%</abbr> of its health!)</small><br></div><div class="spacer battle-history"><br></div><div class="battle-history">The opposing Beheeyem fainted!<br></div><div class="spacer battle-history"><br></div><div class="battle-history"><small>Terminator restored a little HP using its Leftovers!</small><br></div><div class="chat"><small>PokeNerdMatt left.</small></div><div class="spacer battle-history"><br></div><div class="battle-history">Taskr sent out <strong>Bronzor</strong>!<br></div><div class="spacer battle-history"><br></div><h2 class="battle-history">Turn 23</h2><div class="spacer battle-history"><br></div><div class="battle-history">Terminator used <strong>Trick</strong>!<br></div><div class="battle-history"><small>Terminator switched items with its target!</small><br></div><div class="battle-history"><small>The opposing Bronzor obtained one Leftovers.</small><br></div><div class="battle-history"><small>Terminator obtained one Eviolite.</small><br></div><div class="spacer battle-history"><br></div><div class="battle-history">The opposing Bronzor used <strong>Psywave</strong>!<br></div><div class="battle-history"><small>(Terminator lost <abbr title="−103/241">42.7%</abbr> of its health!)</small><br></div><div class="spacer battle-history"><br></div><h2 class="battle-history">Turn 24</h2><div class="spacer battle-history"><br></div><div class="battle-history">Terminator used <strong>Volt Switch</strong>!<br></div><div class="battle-history"><small>(The opposing Bronzor lost <abbr title="−103/318">32.4%</abbr> of its health!)</small><br></div><div class="spacer battle-history"><br></div><div class="battle-history">Terminator went back to UberSkitty ♥!<br></div><div class="battle-history">Go! Meep Meep (<strong>Vullaby</strong>)!<br></div><div class="spacer battle-history"><br></div><div class="battle-history">The opposing Bronzor used <strong>Toxic</strong>!<br></div><div class="battle-history"><small>Meep Meep was badly poisoned!</small><br></div><div class="spacer battle-history"><br></div><div class="battle-history"><small>The opposing Bronzor restored a little HP using its Leftovers!</small><br></div><div class="battle-history"><small>Meep Meep was hurt by poison!</small><br></div><div class="spacer battle-history"><br></div><h2 class="battle-history">Turn 25</h2><div class="chat"><small>burningplain123 left.</small></div><div class="spacer battle-history"><br></div><div class="battle-history">Taskr withdrew Bronzor!<br></div><div class="battle-history">Taskr sent out <strong>Stunfisk</strong>!<br></div><div class="spacer battle-history"><br></div><div class="battle-history">Meep Meep used <strong>U-turn</strong>!<br></div><div class="battle-history"><small>(The opposing Stunfisk lost <abbr title="−28/421">6.7%</abbr> of its health!)</small><br></div><div class="spacer battle-history"><br></div><div class="battle-history">Meep Meep went back to UberSkitty ♥!<br></div><div class="battle-history">Go! Terminator (<strong>Rotom-Frost</strong>)!<br></div><div class="spacer battle-history"><br></div><h2 class="battle-history">Turn 26</h2><div class="spacer battle-history"><br></div><div class="battle-history">Taskr withdrew Stunfisk!<br></div><div class="battle-history">Taskr sent out <strong>Bronzor</strong>!<br></div><div class="spacer battle-history"><br></div><div class="battle-history">Terminator used <strong>Blizzard</strong>!<br></div><div class="battle-history"><small>The opposing Bronzor avoided the attack!</small><br></div><div class="spacer battle-history"><br></div><div class="battle-history"><small>The opposing Bronzor restored a little HP using its Leftovers!</small><br></div><div class="spacer battle-history"><br></div><h2 class="battle-history">Turn 27</h2><div class="chat chatmessage-uberskitty"><strong style="color:hsl(74,64%,33%)"><small>☆</small><span class="username" data-name="UberSkitty ♥">UberSkitty ♥</span>:</strong> <em>smh</em></div><div class="spacer battle-history"><br></div><div class="battle-history">Terminator used <strong>Volt Switch</strong>!<br></div><div class="battle-history"><small>(The opposing Bronzor lost <abbr title="−112/318">35.2%</abbr> of its health!)</small><br></div><div class="spacer battle-history"><br></div><div class="battle-history">Terminator went back to UberSkitty ♥!<br></div><div class="battle-history">Go! Meep Meep (<strong>Vullaby</strong>)!<br></div><div class="spacer battle-history"><br></div><div class="battle-history">The opposing Bronzor used <strong>Psywave</strong>!<br></div><div class="battle-history"><small>It doesn't affect Meep Meep...</small><br></div><div class="spacer battle-history"><br></div><div class="battle-history"><small>The opposing Bronzor restored a little HP using its Leftovers!</small><br></div><div class="battle-history"><small>Meep Meep was hurt by poison!</small><br></div><div class="spacer battle-history"><br></div><h2 class="battle-history">Turn 28</h2><div class="spacer battle-history"><br></div><div class="battle-history">Taskr withdrew Bronzor!<br></div><div class="battle-history">Taskr sent out <strong>Stunfisk</strong>!<br></div><div class="spacer battle-history"><br></div><div class="battle-history">Meep Meep used <strong>U-turn</strong>!<br></div><div class="battle-history"><small>(The opposing Stunfisk lost <abbr title="−29/421">6.9%</abbr> of its health!)</small><br></div><div class="spacer battle-history"><br></div><div class="battle-history">Meep Meep went back to UberSkitty ♥!<br></div><div class="battle-history">Go! I Believe (<strong>Altaria</strong>)!<br></div><div class="spacer battle-history"><br></div><div class="battle-history"><small>I Believe restored a little HP using its Leftovers!</small><br></div><div class="spacer battle-history"><br></div><h2 class="battle-history">Turn 29</h2><div class="spacer battle-history"><br></div><div class="battle-history">I Believe used <strong>Flamethrower</strong>!<br></div><div class="battle-history"><small>(The opposing Stunfisk lost <abbr title="−22/421">5.2%</abbr> of its health!)</small><br></div><div class="spacer battle-history"><br></div><div class="battle-history">The opposing Stunfisk fainted!<br></div><div class="spacer battle-history"><br></div><div class="battle-history"><small>I Believe restored a little HP using its Leftovers!</small><br></div><div class="spacer battle-history"><br></div><div class="battle-history">Taskr sent out Rotom (<strong>Rotom-Frost</strong>)!<br></div><div class="spacer battle-history"><br></div><h2 class="battle-history">Turn 30</h2><div class="spacer battle-history"><br></div><div class="battle-history">I Believe, come back!<br></div><div class="battle-history">Go! Firebutt (<strong>Monferno</strong>)!<br></div><div class="spacer battle-history"><br></div><div class="battle-history">The opposing Rotom used <strong>Volt Switch</strong>!<br></div><div class="battle-history"><small>(Firebutt lost <abbr title="−123/269">45.7%</abbr> of its health!)</small><br></div><div class="spacer battle-history"><br></div><div class="battle-history">The opposing Rotom went back to Taskr!<br></div><div class="battle-history">Taskr sent out <strong>Vullaby</strong>!<br></div><div class="spacer battle-history"><br></div><h2 class="battle-history">Turn 31</h2><div class="spacer battle-history"><br></div><div class="battle-history">Firebutt used <strong>U-turn</strong>!<br></div><div class="battle-history"><small>(The opposing Vullaby lost <abbr title="−32/343">9.3%</abbr> of its health!)</small><br></div><div class="spacer battle-history"><br></div><div class="battle-history">Firebutt went back to UberSkitty ♥!<br></div><div class="battle-history">Go! I Believe (<strong>Altaria</strong>)!<br></div><div class="spacer battle-history"><br></div><div class="battle-history">The opposing Vullaby used <strong>Foul Play</strong>!<br></div><div class="battle-history"><small>(I Believe lost <abbr title="−49/353">13.9%</abbr> of its health!)</small><br></div><div class="spacer battle-history"><br></div><div class="battle-history"><small>I Believe restored a little HP using its Leftovers!</small><br></div><div class="spacer battle-history"><br></div><h2 class="battle-history">Turn 32</h2><div class="spacer battle-history"><br></div><div class="battle-history">I Believe used <strong>Heal Bell</strong>!<br></div><div class="battle-history"><small>A bell chimed!</small><br></div><div class="battle-history"><small>Meep Meep was cured of its poisoning.</small><br></div><div class="battle-history"><small>Spoon Me woke up!</small><br></div><div class="spacer battle-history"><br></div><div class="battle-history">The opposing Vullaby used <strong>Roost</strong>!<br></div><div class="battle-history"><small>The opposing Vullaby restored its HP.</small><br></div><div class="spacer battle-history"><br></div><div class="battle-history"><small>I Believe restored a little HP using its Leftovers!</small><br></div><div class="spacer battle-history"><br></div><h2 class="battle-history">Turn 33</h2><div class="spacer battle-history"><br></div><div class="battle-history">I Believe used <strong>Toxic</strong>!<br></div><div class="battle-history"><small>The opposing Vullaby was badly poisoned!</small><br></div><div class="spacer battle-history"><br></div><div class="battle-history">The opposing Vullaby used <strong>U-turn</strong>!<br></div><div class="battle-history"><small>It's not very effective...</small><br></div><div class="battle-history"><small>(I Believe lost <abbr title="−13/353">3.7%</abbr> of its health!)</small><br></div><div class="spacer battle-history"><br></div><div class="battle-history">The opposing Vullaby went back to Taskr!<br></div><div class="battle-history">Taskr sent out Rotom (<strong>Rotom-Frost</strong>)!<br></div><div class="spacer battle-history"><br></div><div class="battle-history"><small>I Believe restored a little HP using its Leftovers!</small><br></div><div class="spacer battle-history"><br></div><h2 class="battle-history">Turn 34</h2><div class="spacer battle-history"><br></div><div class="battle-history">I Believe, come back!<br></div><div class="battle-history">Go! Spoon Me (<strong>Bronzor</strong>)!<br></div><div class="spacer battle-history"><br></div><div class="battle-history">The opposing Rotom used <strong>Blizzard</strong>!<br></div><div class="battle-history"><small>Spoon Me avoided the attack!</small><br></div><div class="spacer battle-history"><br></div><h2 class="battle-history">Turn 35</h2><div class="chat"><small>Jungle Fox left.</small></div><div class="spacer battle-history"><br></div><div class="battle-history">Taskr withdrew Rotom!<br></div><div class="battle-history">Taskr sent out <strong>Bronzor</strong>!<br></div><div class="spacer battle-history"><br></div><div class="battle-history">Spoon Me used <strong>Psywave</strong>!<br></div><div class="battle-history"><small>(The opposing Bronzor lost <abbr title="−97/318">30.5%</abbr> of its health!)</small><br></div><div class="spacer battle-history"><br></div><div class="battle-history"><small>The opposing Bronzor restored a little HP using its Leftovers!</small><br></div><div class="spacer battle-history"><br></div><h2 class="battle-history">Turn 36</h2><div class="spacer battle-history"><br></div><div class="battle-history">Spoon Me used <strong>Psywave</strong>!<br></div><div class="battle-history"><small>(The opposing Bronzor lost <abbr title="−82/318">25.8%</abbr> of its health!)</small><br></div><div class="spacer battle-history"><br></div><div class="battle-history">The opposing Bronzor fainted!<br></div><div class="spacer battle-history"><br></div><div class="battle-history">Taskr sent out <strong>Simipour</strong>!<br></div><div class="spacer battle-history"><br></div><h2 class="battle-history">Turn 37</h2><div class="chat"><small>Jungle Fox joined.</small></div><div class="spacer battle-history"><br></div><div class="battle-history">Spoon Me, come back!<br></div><div class="battle-history">Go! Meep Meep (<strong>Vullaby</strong>)!<br></div><div class="spacer battle-history"><br></div><div class="battle-history">The opposing Simipour used <strong>Gunk Shot</strong>!<br></div><div class="battle-history"><small>(Meep Meep lost <abbr title="−86/343">25.1%</abbr> of its health!)</small><br></div><div class="battle-history"><small>Meep Meep was poisoned!</small><br></div><div class="battle-history"><small>The opposing Simipour lost some of its HP!</small><br></div><div class="spacer battle-history"><br></div><div class="battle-history"><small>Meep Meep was hurt by poison!</small><br></div><div class="spacer battle-history"><br></div><h2 class="battle-history">Turn 38</h2><div class="chat chatmessage-uberskitty"><strong style="color:hsl(74,64%,33%)"><small>☆</small><span class="username" data-name="UberSkitty ♥">UberSkitty ♥</span>:</strong> <em>no ice beam</em></div><div class="chat chatmessage-uberskitty"><strong style="color:hsl(74,64%,33%)"><small>☆</small><span class="username" data-name="UberSkitty ♥">UberSkitty ♥</span>:</strong> <em>that is so relieving</em></div><div class="spacer battle-history"><br></div><div class="battle-history">The opposing Simipour used <strong>Hydro Pump</strong>!<br></div><div class="battle-history"><small>(Meep Meep lost <abbr title="−49/343">14.3%</abbr> of its health!)</small><br></div><div class="battle-history"><small>The opposing Simipour lost some of its HP!</small><br></div><div class="spacer battle-history"><br></div><div class="battle-history">Meep Meep fainted!<br></div><div class="spacer battle-history"><br></div><div class="battle-history">Go! I Believe (<strong>Altaria</strong>)!<br></div><div class="spacer battle-history"><br></div><h2 class="battle-history">Turn 39</h2><div class="spacer battle-history"><br></div><div class="battle-history">Taskr withdrew Simipour!<br></div><div class="battle-history">Taskr sent out <strong>Vullaby</strong>!<br></div><div class="spacer battle-history"><br></div><div class="battle-history">I Believe used <strong>Toxic</strong>!<br></div><div class="battle-history"><small>But it failed!</small><br></div><div class="spacer battle-history"><br></div><div class="battle-history"><small>I Believe restored a little HP using its Leftovers!</small><br></div><div class="battle-history"><small>The opposing Vullaby was hurt by poison!</small><br></div><div class="spacer battle-history"><br></div><h2 class="battle-history">Turn 40</h2><div class="spacer battle-history"><br></div><div class="battle-history">I Believe used <strong>Flamethrower</strong>!<br></div><div class="battle-history"><small>(The opposing Vullaby lost <abbr title="−50/343">14.6%</abbr> of its health!)</small><br></div><div class="spacer battle-history"><br></div><div class="battle-history">The opposing Vullaby used <strong>U-turn</strong>!<br></div><div class="battle-history"><small>It's not very effective...</small><br></div><div class="battle-history"><small>(I Believe lost <abbr title="−13/353">3.7%</abbr> of its health!)</small><br></div><div class="spacer battle-history"><br></div><div class="battle-history">The opposing Vullaby went back to Taskr!<br></div><div class="battle-history">Taskr sent out Rotom (<strong>Rotom-Frost</strong>)!<br></div><div class="spacer battle-history"><br></div><div class="battle-history"><small>I Believe restored a little HP using its Leftovers!</small><br></div><div class="spacer battle-history"><br></div><h2 class="battle-history">Turn 41</h2><div class="spacer battle-history"><br></div><div class="battle-history">I Believe, come back!<br></div><div class="battle-history">Go! Spoon Me (<strong>Bronzor</strong>)!<br></div><div class="spacer battle-history"><br></div><div class="battle-history">The opposing Rotom used <strong>Volt Switch</strong>!<br></div><div class="battle-history"><small>(Spoon Me lost <abbr title="−78/318">24.5%</abbr> of its health!)</small><br></div><div class="spacer battle-history"><br></div><div class="battle-history">The opposing Rotom went back to Taskr!<br></div><div class="battle-history">Taskr sent out <strong>Simipour</strong>!<br></div><div class="spacer battle-history"><br></div><h2 class="battle-history">Turn 42</h2><div class="chat"><small>275p joined.</small></div><div class="spacer battle-history"><br></div><div class="battle-history">The opposing Simipour used <strong>Knock Off</strong>!<br></div><div class="battle-history"><small>It's super effective!</small><br></div><div class="battle-history"><small>(Spoon Me lost <abbr title="−96/318">30.2%</abbr> of its health!)</small><br></div><div class="battle-history"><small>The opposing Simipour knocked off Spoon Me's Eviolite!</small><br></div><div class="battle-history"><small>The opposing Simipour lost some of its HP!</small><br></div><div class="spacer battle-history"><br></div><div class="battle-history">Spoon Me fainted!<br></div><div class="spacer battle-history"><br></div><div class="battle-history">Go! I Believe (<strong>Altaria</strong>)!<br></div><div class="spacer battle-history"><br></div><h2 class="battle-history">Turn 43</h2><div class="spacer battle-history"><br></div><div class="battle-history">Taskr withdrew Simipour!<br></div><div class="battle-history">Taskr sent out <strong>Vullaby</strong>!<br></div><div class="spacer battle-history"><br></div><div class="battle-history">I Believe, come back!<br></div><div class="battle-history">Go! Terminator (<strong>Rotom-Frost</strong>)!<br></div><div class="spacer battle-history"><br></div><div class="battle-history"><small>The opposing Vullaby was hurt by poison!</small><br></div><div class="spacer battle-history"><br></div><h2 class="battle-history">Turn 44</h2><div class="spacer battle-history"><br></div><div class="battle-history">Taskr withdrew Vullaby!<br></div><div class="battle-history">Taskr sent out Rotom (<strong>Rotom-Frost</strong>)!<br></div><div class="spacer battle-history"><br></div><div class="battle-history">Terminator used <strong>Volt Switch</strong>!<br></div><div class="battle-history"><small>It's not very effective...</small><br></div><div class="battle-history"><small>(The opposing Rotom lost <abbr title="−54/241">22.4%</abbr> of its health!)</small><br></div><div class="spacer battle-history"><br></div><div class="battle-history">Terminator went back to UberSkitty ♥!<br></div><div class="battle-history">Go! Firebutt (<strong>Monferno</strong>)!<br></div><div class="spacer battle-history"><br></div><h2 class="battle-history">Turn 45</h2><div class="spacer battle-history"><br></div><div class="battle-history">Taskr withdrew Rotom!<br></div><div class="battle-history">Taskr sent out <strong>Vullaby</strong>!<br></div><div class="spacer battle-history"><br></div><div class="battle-history">Firebutt used <strong>Mach Punch</strong>!<br></div><div class="battle-history"><small>(The opposing Vullaby lost <abbr title="−37/343">10.8%</abbr> of its health!)</small><br></div><div class="spacer battle-history"><br></div><div class="battle-history"><small>The opposing Vullaby was hurt by poison!</small><br></div><div class="spacer battle-history"><br></div><h2 class="battle-history">Turn 46</h2><div class="spacer battle-history"><br></div><div class="battle-history">Firebutt used <strong>U-turn</strong>!<br></div><div class="battle-history"><small>(The opposing Vullaby lost <abbr title="−33/343">9.6%</abbr> of its health!)</small><br></div><div class="spacer battle-history"><br></div><div class="battle-history">Firebutt went back to UberSkitty ♥!<br></div><div class="battle-history">Go! I Believe (<strong>Altaria</strong>)!<br></div><div class="spacer battle-history"><br></div><div class="battle-history">The opposing Vullaby used <strong>U-turn</strong>!<br></div><div class="battle-history"><small>It's not very effective...</small><br></div><div class="battle-history"><small>(I Believe lost <abbr title="−15/353">4.2%</abbr> of its health!)</small><br></div><div class="spacer battle-history"><br></div><div class="battle-history">The opposing Vullaby went back to Taskr!<br></div><div class="battle-history">Taskr sent out Rotom (<strong>Rotom-Frost</strong>)!<br></div><div class="spacer battle-history"><br></div><div class="battle-history"><small>I Believe restored a little HP using its Leftovers!</small><br></div><div class="spacer battle-history"><br></div><h2 class="battle-history">Turn 47</h2><div class="spacer battle-history"><br></div><div class="battle-history">I Believe, come back!<br></div><div class="battle-history">Go! 'Merica!! (<strong>Bouffalant</strong>)!<br></div><div class="spacer battle-history"><br></div><div class="battle-history">The opposing Rotom used <strong>Thunderbolt</strong>!<br></div><div class="battle-history"><small>('Merica!! lost <abbr title="−109/394">27.7%</abbr> of its health!)</small><br></div><div class="spacer battle-history"><br></div><h2 class="battle-history">Turn 48</h2><div class="spacer battle-history"><br></div><div class="battle-history">The opposing Rotom used <strong>Thunderbolt</strong>!<br></div><div class="battle-history"><small>('Merica!! lost <abbr title="−23/394">5.8%</abbr> of its health!)</small><br></div><div class="spacer battle-history"><br></div><div class="battle-history">'Merica!! fainted!<br></div><div class="chat"><small>RivalET left.</small></div><div class="spacer battle-history"><br></div><div class="battle-history">Go! I Believe (<strong>Altaria</strong>)!<br></div><div class="spacer battle-history"><br></div><h2 class="battle-history">Turn 49</h2><div class="chat"><small>275p left.</small></div><div class="spacer battle-history"><br></div><div class="battle-history">Taskr withdrew Rotom!<br></div><div class="battle-history">Taskr sent out <strong>Simipour</strong>!<br></div><div class="spacer battle-history"><br></div><div class="battle-history">I Believe used <strong>Flamethrower</strong>!<br></div><div class="battle-history"><small>It's not very effective...</small><br></div><div class="battle-history"><small>(The opposing Simipour lost <abbr title="−46/291">15.8%</abbr> of its health!)</small><br></div><div class="spacer battle-history"><br></div><div class="battle-history"><small>I Believe restored a little HP using its Leftovers!</small><br></div><div class="spacer battle-history"><br></div><h2 class="battle-history">Turn 50</h2><div class="spacer battle-history"><br></div><div class="battle-history">I Believe, come back!<br></div><div class="battle-history">Go! Terminator (<strong>Rotom-Frost</strong>)!<br></div><div class="spacer battle-history"><br></div><div class="battle-history">The opposing Simipour used <strong>Knock Off</strong>!<br></div><div class="battle-history"><small>(Terminator lost <abbr title="−48/241">19.9%</abbr> of its health!)</small><br></div><div class="battle-history"><small>The opposing Simipour knocked off Terminator's Eviolite!</small><br></div><div class="battle-history"><small>The opposing Simipour lost some of its HP!</small><br></div><div class="spacer battle-history"><br></div><div class="battle-history">Terminator fainted!<br></div><div class="spacer battle-history"><br></div><div class="battle-history">Go! Firebutt (<strong>Monferno</strong>)!<br></div><div class="spacer battle-history"><br></div><h2 class="battle-history">Turn 51</h2><div class="spacer battle-history"><br></div><div class="battle-history">Taskr withdrew Simipour!<br></div><div class="battle-history">Taskr sent out <strong>Vullaby</strong>!<br></div><div class="spacer battle-history"><br></div><div class="battle-history">Firebutt used <strong>Mach Punch</strong>!<br></div><div class="battle-history"><small>(The opposing Vullaby lost <abbr title="−36/343">10.5%</abbr> of its health!)</small><br></div><div class="spacer battle-history"><br></div><div class="battle-history"><small>The opposing Vullaby was hurt by poison!</small><br></div><div class="spacer battle-history"><br></div><h2 class="battle-history">Turn 52</h2><div class="spacer battle-history"><br></div><div class="battle-history">Firebutt used <strong>U-turn</strong>!<br></div><div class="battle-history"><small>(The opposing Vullaby lost <abbr title="−38/343">11.1%</abbr> of its health!)</small><br></div><div class="spacer battle-history"><br></div><div class="battle-history">Firebutt went back to UberSkitty ♥!<br></div><div class="battle-history">Go! I Believe (<strong>Altaria</strong>)!<br></div><div class="spacer battle-history"><br></div><div class="battle-history">The opposing Vullaby used <strong>Roost</strong>!<br></div><div class="battle-history"><small>The opposing Vullaby restored its HP.</small><br></div><div class="spacer battle-history"><br></div><div class="battle-history"><small>I Believe restored a little HP using its Leftovers!</small><br></div><div class="battle-history"><small>The opposing Vullaby was hurt by poison!</small><br></div><div class="spacer battle-history"><br></div><h2 class="battle-history">Turn 53</h2><div class="chat"><small>PokemonMasterTJ joined.</small></div><div class="spacer battle-history"><br></div><div class="battle-history">I Believe, come back!<br></div><div class="battle-history">Go! Firebutt (<strong>Monferno</strong>)!<br></div><div class="spacer battle-history"><br></div><div class="battle-history">The opposing Vullaby used <strong>Roost</strong>!<br></div><div class="battle-history"><small>The opposing Vullaby restored its HP.</small><br></div><div class="spacer battle-history"><br></div><div class="battle-history"><small>The opposing Vullaby was hurt by poison!</small><br></div><div class="spacer battle-history"><br></div><h2 class="battle-history">Turn 54</h2><div class="spacer battle-history"><br></div><div class="battle-history">Firebutt used <strong>U-turn</strong>!<br></div><div class="battle-history"><small>(The opposing Vullaby lost <abbr title="−37/343">10.8%</abbr> of its health!)</small><br></div><div class="spacer battle-history"><br></div><div class="battle-history">Firebutt went back to UberSkitty ♥!<br></div><div class="battle-history">Go! I Believe (<strong>Altaria</strong>)!<br></div><div class="spacer battle-history"><br></div><div class="battle-history">The opposing Vullaby used <strong>U-turn</strong>!<br></div><div class="battle-history"><small>It's not very effective...</small><br></div><div class="battle-history"><small>(I Believe lost <abbr title="−13/353">3.7%</abbr> of its health!)</small><br></div><div class="spacer battle-history"><br></div><div class="battle-history">The opposing Vullaby went back to Taskr!<br></div><div class="battle-history">Taskr sent out Rotom (<strong>Rotom-Frost</strong>)!<br></div><div class="spacer battle-history"><br></div><div class="battle-history"><small>I Believe restored a little HP using its Leftovers!</small><br></div><div class="spacer battle-history"><br></div><h2 class="battle-history">Turn 55</h2><div class="spacer battle-history"><br></div><div class="battle-history">The opposing Rotom used <strong>Blizzard</strong>!<br></div><div class="battle-history"><small>It's super effective!</small><br></div><div class="battle-history"><small>(I Believe lost <abbr title="−305/353">86.4%</abbr> of its health!)</small><br></div><div class="spacer battle-history"><br></div><div class="battle-history">I Believe fainted!<br></div><div class="chat chatmessage-uberskitty"><strong style="color:hsl(74,64%,33%)"><small>☆</small><span class="username" data-name="UberSkitty ♥">UberSkitty ♥</span>:</strong> <em>smh</em></div><div class="chat chatmessage-uberskitty"><strong style="color:hsl(74,64%,33%)"><small>☆</small><span class="username" data-name="UberSkitty ♥">UberSkitty ♥</span>:</strong> <em>who hits blizzard?</em></div><div class="spacer battle-history"><br></div><div class="battle-history">Go! Firebutt (<strong>Monferno</strong>)!<br></div><div class="spacer battle-history"><br></div><h2 class="battle-history">Turn 56</h2><div class="spacer battle-history"><br></div><div class="battle-history">Taskr withdrew Rotom!<br></div><div class="battle-history">Taskr sent out <strong>Simipour</strong>!<br></div><div class="spacer battle-history"><br></div><div class="battle-history">Firebutt used <strong>Mach Punch</strong>!<br></div><div class="battle-history"><small>(The opposing Simipour lost <abbr title="−42/291">14.4%</abbr> of its health!)</small><br></div><div class="spacer battle-history"><br></div><div class="battle-history">The opposing Simipour fainted!<br></div><div class="spacer battle-history"><br></div><div class="battle-history">Taskr sent out <strong>Vullaby</strong>!<br></div><div class="spacer battle-history"><br></div><h2 class="battle-history">Turn 57</h2><div class="spacer battle-history"><br></div><div class="battle-history">Firebutt used <strong>Close Combat</strong>!<br></div><div class="battle-history"><small>(The opposing Vullaby lost <abbr title="−93/343">27.1%</abbr> of its health!)</small><br></div><div class="battle-history"><small>Firebutt's Defense fell!</small><br></div><div class="battle-history"><small>Firebutt's Special Defense fell!</small><br></div><div class="spacer battle-history"><br></div><div class="battle-history">The opposing Vullaby used <strong>Roost</strong>!<br></div><div class="battle-history"><small>The opposing Vullaby restored its HP.</small><br></div><div class="spacer battle-history"><br></div><div class="battle-history"><small>The opposing Vullaby was hurt by poison!</small><br></div><div class="spacer battle-history"><br></div><h2 class="battle-history">Turn 58</h2><div class="chat chatmessage-uberskitty"><strong style="color:hsl(74,64%,33%)"><small>☆</small><span class="username" data-name="UberSkitty ♥">UberSkitty ♥</span>:</strong> <em>gg</em></div><div class="chat chatmessage-taskr"><strong style="color:hsl(245,67%,63.87397679507551%)"><small>☆</small><span class="username" data-name="Taskr">Taskr</span>:</strong> <em>gg</em></div><div class="chat chatmessage-uberskitty"><strong style="color:hsl(74,64%,33%)"><small>☆</small><span class="username" data-name="UberSkitty ♥">UberSkitty ♥</span>:</strong> <em>,,,</em></div><div class="spacer battle-history"><br></div><div class="battle-history">Firebutt used <strong>Close Combat</strong>!<br></div><div class="battle-history"><small>(The opposing Vullaby lost <abbr title="−88/343">25.7%</abbr> of its health!)</small><br></div><div class="battle-history"><small>Firebutt's Defense fell!</small><br></div><div class="battle-history"><small>Firebutt's Special Defense fell!</small><br></div><div class="spacer battle-history"><br></div><div class="battle-history">The opposing Vullaby used <strong>Foul Play</strong>!<br></div><div class="battle-history"><small>It's not very effective...</small><br></div><div class="battle-history"><small>(Firebutt lost <abbr title="−113/269">42.0%</abbr> of its health!)</small><br></div><div class="spacer battle-history"><br></div><div class="battle-history">Firebutt fainted!<br></div><div class="spacer battle-history"><br></div><div class="battle-history"><strong>Taskr</strong> won the battle!<br></div><div class="chat"><small>TIBot left.</small></div><div class="chat"><small>quagsgone left.</small></div><div class="chat"><small>5gen left.</small></div><div class="chat"><small>Chrisloud left.</small></div><div class="chat"><small>UberSkitty ♥ left.</small></div><div class="chat"><small>Taskr left.</small></div><div class="chat"><small>Jungle Fox left.</small></div><div class="chat"><small>Specs Jigglypuff left.</small></div><div class="chat"><small>Taskr joined.</small></div></div><div class="inner-preempt"></div></div></div>
</div>
<script>
let daily = Math.floor(Date.now()/1000/60/60/24);document.write('<script src="https://play.pokemonshowdown.com/js/replay-embed.js?version'+daily+'"></'+'script>');
</script>
