<!DOCTYPE html>
<meta charset="utf-8" />
<!-- version 1 -->
<title>PU replay: RivalET vs. CrazyStevy</title>
<style>
html,body {font-family:Verdana, sans-serif;font-size:10pt;margin:0;padding:0;}body{padding:12px 0;} .battle-log {font-family:Verdana, sans-serif;font-size:10pt;} .battle-log-inline {border:1px solid #AAAAAA;background:#EEF2F5;color:black;max-width:640px;margin:0 auto 80px;padding-bottom:5px;} .battle-log .inner {padding:4px 8px 0px 8px;} .battle-log .inner-preempt {padding:0 8px 4px 8px;} .battle-log .inner-after {margin-top:0.5em;} .battle-log h2 {margin:0.5em -8px;padding:4px 8px;border:1px solid #AAAAAA;background:#E0E7EA;border-left:0;border-right:0;font-family:Verdana, sans-serif;font-size:13pt;} .battle-log .chat {vertical-align:middle;padding:3px 0 3px 0;font-size:8pt;} .battle-log .chat strong {color:#40576A;} .battle-log .chat em {padding:1px 4px 1px 3px;color:#000000;font-style:normal;} .chat.mine {background:rgba(0,0,0,0.05);margin-left:-8px;margin-right:-8px;padding-left:8px;padding-right:8px;} .spoiler {color:#BBBBBB;background:#BBBBBB;padding:0px 3px;} .spoiler:hover, .spoiler:active, .spoiler-shown {color:#000000;background:#E2E2E2;padding:0px 3px;} .spoiler a {color:#BBBBBB;} .spoiler:hover a, .spoiler:active a, .spoiler-shown a {color:#2288CC;} .chat code, .chat .spoiler:hover code, .chat .spoiler:active code, .chat .spoiler-shown code {border:1px solid #C0C0C0;background:#EEEEEE;color:black;padding:0 2px;} .chat .spoiler code {border:1px solid #CCCCCC;background:#CCCCCC;color:#CCCCCC;} .battle-log .rated {padding:3px 4px;} .battle-log .rated strong {color:white;background:#89A;padding:1px 4px;border-radius:4px;} .spacer {margin-top:0.5em;} .message-announce {background:#6688AA;color:white;padding:1px 4px 2px;} .message-announce a, .broadcast-green a, .broadcast-blue a, .broadcast-red a {color:#DDEEFF;} .broadcast-green {background-color:#559955;color:white;padding:2px 4px;} .broadcast-blue {background-color:#6688AA;color:white;padding:2px 4px;} .infobox {border:1px solid #6688AA;padding:2px 4px;} .infobox-limited {max-height:200px;overflow:auto;overflow-x:hidden;} .broadcast-red {background-color:#AA5544;color:white;padding:2px 4px;} .message-learn-canlearn {font-weight:bold;color:#228822;text-decoration:underline;} .message-learn-cannotlearn {font-weight:bold;color:#CC2222;text-decoration:underline;} .message-effect-weak {font-weight:bold;color:#CC2222;} .message-effect-resist {font-weight:bold;color:#6688AA;} .message-effect-immune {font-weight:bold;color:#666666;} .message-learn-list {margin-top:0;margin-bottom:0;} .message-throttle-notice, .message-error {color:#992222;} .message-overflow, .chat small.message-overflow {font-size:0pt;} .message-overflow::before {font-size:9pt;content:'...';} .subtle {color:#3A4A66;}
</style>
<div class="wrapper replay-wrapper" style="max-width:1180px;margin:0 auto">
<input type="hidden" name="replayid" value="pu-589257573" />
<div class="battle"></div><div class="battle-log"></div><div class="replay-controls"></div><div class="replay-controls-2"></div>
<h1 style="font-weight:normal;text-align:center"><strong>PU</strong><br /><a href="http://pokemonshowdown.com/users/rivalet" class="subtle" target="_blank">RivalET</a> vs. <a href="http://pokemonshowdown.com/users/crazystevy" class="subtle" target="_blank">CrazyStevy</a></h1>
<script type="text/plain" class="battle-log-data">|j|RivalET
|j|CrazyStevy
|player|p1|RivalET|126
|teamsize|p1|6
|player|p2|CrazyStevy|126
|teamsize|p2|6
|gametype|singles
|gen|6
|tier|PU
|seed|1992,9922,46799,40530
|rule|Sleep Clause Mod: Limit one foe put to sleep
|rule|Species Clause: Limit one of each Pokémon
|rule|OHKO Clause: OHKO moves are banned
|rule|Moody Clause: Moody is banned
|rule|Evasion Moves Clause: Evasion moves are banned
|rule|Endless Battle Clause: Forcing endless battles is banned
|rule|HP Percentage Mod: HP is shown in percentages
|clearpoke
|poke|p1|Beheeyem, M|item
|poke|p1|Monferno, F|item
|poke|p1|Probopass, F|item
|poke|p1|Vibrava, M|item
|poke|p1|Dodrio, M|item
|poke|p1|Zebstrika, M|item
|poke|p2|Zebstrika, F|item
|poke|p2|Ninjask, M|item
|poke|p2|Vibrava, F|item
|poke|p2|Probopass, M|item
|poke|p2|Clefairy, F|item
|poke|p2|Golem, M|item
|rule|Swagger Clause: Swagger is banned
|rule|Baton Pass Clause: Limit one Baton Passer, can't pass Spe and other stats simultaneously
|teampreview
|j|2xTheTap
|c|☆CrazyStevy|hf
|c|☆RivalET|u2
|choice|team 3, team 2, team 1, team 4, team 5, team 6|team 2, team 1, team 3, team 4, team 5, team 6
|
|start
|switch|p1a: Markiplier|Probopass, F|304\/304
|switch|p2a: Ninjask|Ninjask, M|263\/263
|turn|1
|choice|move earthpower|move uturn
|
|move|p2a: Ninjask|U-turn|p1a: Markiplier
|-resisted|p1a: Markiplier
|-crit|p1a: Markiplier
|-damage|p1a: Markiplier|229\/304
|choice||switch 4
|
|switch|p2a: Probopass|Probopass, M|292\/292
|-item|p2a: Probopass|Air Balloon
|move|p1a: Markiplier|Earth Power|p2a: Probopass
|-immune|p2a: Probopass|[msg]
|
|-heal|p1a: Markiplier|248\/304|[from] item: Leftovers
|upkeep
|turn|2
|choice|move voltswitch|move earthpower
|
|move|p2a: Probopass|Earth Power|p1a: Markiplier
|-supereffective|p1a: Markiplier
|-damage|p1a: Markiplier|32\/304
|move|p1a: Markiplier|Volt Switch|p2a: Probopass
|-damage|p2a: Probopass|244\/292
|-enditem|p2a: Probopass|Air Balloon
|choice|switch 2|
|
|switch|p1a: ThaFern|Monferno, F|269\/269
|
|upkeep
|turn|3
|choice|move uturn|switch 3
|
|switch|p2a: Vibrava|Vibrava, F|303\/303
|move|p1a: ThaFern|U-turn|p2a: Vibrava
|-damage|p2a: Vibrava|259\/303
|choice|switch 3|
|
|switch|p1a: Beheehee|Beheeyem, M|349\/349
|
|upkeep
|turn|4
|choice|move psychic|switch 6
|
|switch|p2a: Golem|Golem, M|301\/301
|move|p1a: Beheehee|Psychic|p2a: Golem
|-ability|p2a: Golem|Sturdy
|-damage|p2a: Golem|1\/301
|
|upkeep
|turn|5
|choice|switch 4|move stoneedge
|
|switch|p1a: brother|Vibrava, M|303\/303
|move|p2a: Golem|Stone Edge|p1a: brother|[miss]
|-miss|p2a: Golem|p1a: brother
|
|upkeep
|turn|6
|choice|move uturn|switch 4
|
|switch|p2a: Ninjask|Ninjask, M|263\/263
|move|p1a: brother|U-turn|p2a: Ninjask
|-resisted|p2a: Ninjask
|-damage|p2a: Ninjask|225\/263
|choice|switch 5|
|
|switch|p1a: BETTER THAN 2|Dodrio, M|261\/261
|
|upkeep
|turn|7
|j|TengaLeTingi
|choice|move knockoff|switch 3
|
|switch|p2a: Probopass|Probopass, M|244\/292
|move|p1a: BETTER THAN 2|Knock Off|p2a: Probopass
|-damage|p2a: Probopass|193\/292
|
|upkeep
|turn|8
|choice|switch 5|move stealthrock
|
|switch|p1a: brother|Vibrava, M|303\/303
|move|p2a: Probopass|Stealth Rock|p1a: brother
|-sidestart|p1: RivalET|move: Stealth Rock
|
|upkeep
|turn|9
|choice|move defog|switch 5
|
|switch|p2a: Clefairy|Clefairy, F|344\/344
|move|p1a: brother|Defog|p2a: Clefairy
|-unboost|p2a: Clefairy|evasion|1
|-sideend|p1: RivalET|Stealth Rock|[from] move: Defog|[of] p1a: brother
|
|upkeep
|turn|10
|l|TengaLeTingi
|choice|move uturn|move knockoff
|
|move|p1a: brother|U-turn|p2a: Clefairy
|-resisted|p2a: Clefairy
|-damage|p2a: Clefairy|320\/344
|choice|switch 2|
|
|switch|p1a: Markiplier|Probopass, F|32\/304
|move|p2a: Clefairy|Knock Off|p1a: Markiplier
|-damage|p1a: Markiplier|3\/304
|-enditem|p1a: Markiplier|Leftovers|[from] move: Knock Off|[of] p2a: Clefairy
|
|upkeep
|turn|11
|j|Neutral Zone (‽)
|choice|move flashcannon|switch 6
|
|switch|p2a: Vibrava|Vibrava, F|259\/303
|move|p1a: Markiplier|Flash Cannon|p2a: Vibrava
|-damage|p2a: Vibrava|142\/303
|
|upkeep
|turn|12
|choice|move flashcannon|move uturn
|
|move|p2a: Vibrava|U-turn|p1a: Markiplier
|-resisted|p1a: Markiplier
|-damage|p1a: Markiplier|0 fnt
|faint|p1a: Markiplier
|choice||switch 3
|
|switch|p2a: Ninjask|Ninjask, M|225\/263
|
|upkeep
|choice|switch 5|
|
|switch|p1a: BETTER THAN 2|Dodrio, M|261\/261
|turn|13
|choice|switch 2|switch 4
|
|switch|p1a: brother|Vibrava, M|303\/303
|switch|p2a: Golem|Golem, M|1\/301
|
|upkeep
|turn|14
|choice|move uturn|move suckerpunch
|
|move|p2a: Golem|Sucker Punch|p1a: brother
|-damage|p1a: brother|193\/303
|move|p1a: brother|U-turn|p2a: Golem
|-damage|p2a: Golem|0 fnt
|faint|p2a: Golem
|choice|switch 2|
|
|switch|p1a: BETTER THAN 2|Dodrio, M|261\/261
|
|upkeep
|choice||switch 5
|
|switch|p2a: Probopass|Probopass, M|193\/292
|turn|15
|choice|switch 2|move stealthrock
|
|switch|p1a: brother|Vibrava, M|193\/303
|move|p2a: Probopass|Stealth Rock|p1a: brother
|-sidestart|p1: RivalET|move: Stealth Rock
|
|upkeep
|turn|16
|choice|move earthquake|move flashcannon
|
|move|p1a: brother|Earthquake|p2a: Probopass
|-supereffective|p2a: Probopass
|-crit|p2a: Probopass
|-damage|p2a: Probopass|0 fnt
|faint|p2a: Probopass
|
|upkeep
|choice||switch 2
|
|switch|p2a: Zebstrika|Zebstrika, F|291\/291
|turn|17
|choice|switch 6|move thunderbolt
|
|switch|p1a: ol'skool|Zebstrika, M|291\/291
|-damage|p1a: ol'skool|255\/291|[from] Stealth Rock
|move|p2a: Zebstrika|Thunderbolt|p1a: ol'skool
|-resisted|p1a: ol'skool
|-damage|p1a: ol'skool|150\/291
|-damage|p2a: Zebstrika|262\/291|[from] item: Life Orb
|
|upkeep
|turn|18
|choice|move overheat|switch 6
|
|switch|p2a: Clefairy|Clefairy, F|320\/344
|move|p1a: ol'skool|Overheat|p2a: Clefairy
|-damage|p2a: Clefairy|226\/344
|-unboost|p1a: ol'skool|spa|2
|-damage|p1a: ol'skool|121\/291|[from] item: Life Orb
|
|upkeep
|turn|19
|choice|move voltswitch|move knockoff
|
|move|p1a: ol'skool|Volt Switch|p2a: Clefairy
|-damage|p2a: Clefairy|190\/344
|-damage|p1a: ol'skool|92\/291|[from] item: Life Orb
|choice|switch 6|
|
|switch|p1a: brother|Vibrava, M|193\/303
|-damage|p1a: brother|175\/303|[from] Stealth Rock
|move|p2a: Clefairy|Knock Off|p1a: brother
|-crit|p1a: brother
|-damage|p1a: brother|128\/303
|-enditem|p1a: brother|Eviolite|[from] move: Knock Off|[of] p2a: Clefairy
|
|upkeep
|turn|20
|choice|move defog|switch 6
|
|switch|p2a: Zebstrika|Zebstrika, F|262\/291
|move|p1a: brother|Defog|p2a: Zebstrika
|-unboost|p2a: Zebstrika|evasion|1
|-sideend|p1: RivalET|Stealth Rock|[from] move: Defog|[of] p1a: brother
|
|upkeep
|turn|21
|j|NotInfernoMo
|choice|move earthquake|move hiddenpower
|
|move|p2a: Zebstrika|Hidden Power|p1a: brother
|-supereffective|p1a: brother
|-crit|p1a: brother
|-damage|p1a: brother|0 fnt
|-damage|p2a: Zebstrika|233\/291|[from] item: Life Orb
|faint|p1a: brother
|
|upkeep
|choice|switch 2|
|
|switch|p1a: BETTER THAN 2|Dodrio, M|261\/261
|turn|22
|choice|move frustration|move thunderbolt
|
|move|p1a: BETTER THAN 2|Frustration|p2a: Zebstrika
|-damage|p2a: Zebstrika|0 fnt
|faint|p2a: Zebstrika
|
|upkeep
|choice||switch 3
|
|switch|p2a: Vibrava|Vibrava, F|142\/303
|turn|23
|choice|switch 4|move roost
|
|switch|p1a: Beheehee|Beheeyem, M|349\/349
|move|p2a: Vibrava|Roost|p2a: Vibrava
|-heal|p2a: Vibrava|294\/303
|
|upkeep
|turn|24
|choice|move psychic|move uturn
|
|move|p2a: Vibrava|U-turn|p1a: Beheehee
|-supereffective|p1a: Beheehee
|-damage|p1a: Beheehee|243\/349
|choice||switch 6
|
|switch|p2a: Clefairy|Clefairy, F|190\/344
|move|p1a: Beheehee|Psychic|p2a: Clefairy
|-damage|p2a: Clefairy|54\/344
|
|upkeep
|turn|25
|choice|move psychic|move softboiled
|
|move|p1a: Beheehee|Psychic|p2a: Clefairy
|-damage|p2a: Clefairy|0 fnt
|faint|p2a: Clefairy
|
|upkeep
|choice||switch 4
|
|switch|p2a: Ninjask|Ninjask, M|225\/263
|turn|26
|choice|switch 6|move xscissor
|
|switch|p1a: ol'skool|Zebstrika, M|92\/291
|move|p2a: Ninjask|X-Scissor|p1a: ol'skool
|-damage|p1a: ol'skool|0 fnt
|faint|p1a: ol'skool
|
|upkeep
|choice|switch 4|
|
|switch|p1a: BETTER THAN 2|Dodrio, M|261\/261
|turn|27
|choice|move bravebird|switch 6
|
|switch|p2a: Vibrava|Vibrava, F|294\/303
|move|p1a: BETTER THAN 2|Brave Bird|p2a: Vibrava
|-damage|p2a: Vibrava|153\/303
|-damage|p1a: BETTER THAN 2|214\/261|[from] Recoil|[of] p2a: Vibrava
|
|upkeep
|turn|28
|choice|switch 6|move roost
|
|switch|p1a: Beheehee|Beheeyem, M|243\/349
|move|p2a: Vibrava|Roost|p2a: Vibrava
|-heal|p2a: Vibrava|303\/303
|
|upkeep
|turn|29
|choice|move hiddenpower|move earthquake
|
|move|p2a: Vibrava|Earthquake|p1a: Beheehee
|-damage|p1a: Beheehee|129\/349
|move|p1a: Beheehee|Hidden Power|p2a: Vibrava
|-supereffective|p2a: Vibrava
|-damage|p2a: Vibrava|0 fnt
|faint|p2a: Vibrava
|
|upkeep
|choice||switch 6
|
|switch|p2a: Ninjask|Ninjask, M|225\/263
|turn|30
|c|☆RivalET|ggs
|c|☆CrazyStevy|gg
|choice|move psychic|move aerialace
|
|move|p2a: Ninjask|Aerial Ace|p1a: Beheehee
|-damage|p1a: Beheehee|0 fnt
|faint|p1a: Beheehee
|
|upkeep
|choice|switch 6|
|
|switch|p1a: BETTER THAN 2|Dodrio, M|214\/261
|turn|31
|choice|move bravebird|move aerialace
|
|move|p1a: BETTER THAN 2|Brave Bird|p2a: Ninjask
|-supereffective|p2a: Ninjask
|-damage|p2a: Ninjask|0 fnt
|-damage|p1a: BETTER THAN 2|140\/261|[from] Recoil|[of] p2a: Ninjask
|faint|p2a: Ninjask
|
|win|RivalET
|l|CrazyStevy
|l|NotInfernoMo</script>
</div>
<div class="battle-log battle-log-inline"><div class="inner"><div class="battle-options"></div><div class="inner"><div class="chat"><small>RivalET joined.</small></div><div class="chat"><small>CrazyStevy joined.</small></div><div class=""><small>Format:</small> <br><strong>PU</strong></div><div class=""><small><em>Sleep Clause Mod:</em> Limit one foe put to sleep</small></div><div class=""><small><em>Species Clause:</em> Limit one of each Pokémon</small></div><div class=""><small><em>OHKO Clause:</em> OHKO moves are banned</small></div><div class=""><small><em>Moody Clause:</em> Moody is banned</small></div><div class=""><small><em>Evasion Moves Clause:</em> Evasion moves are banned</small></div><div class=""><small><em>Endless Battle Clause:</em> Forcing endless battles is banned</small></div><div class=""><small><em>HP Percentage Mod:</em> HP is shown in percentages</small></div><div class=""><small><em>Swagger Clause:</em> Swagger is banned</small></div><div class=""><small><em>Baton Pass Clause:</em> Limit one Baton Passer, can't pass Spe and other stats simultaneously</small></div><div class="chat battle-history"><strong>RivalET's team:</strong> <em style="color:#445566;display:block;">Beheeyem / Monferno / Probopass / Vibrava / Dodrio / Zebstrika</em></div><div class="chat battle-history"><strong>CrazyStevy's team:</strong> <em style="color:#445566;display:block;">Zebstrika / Ninjask / Vibrava / Probopass / Clefairy / Golem</em></div><div class="chat"><small>2xTheTap joined.</small></div><div class="chat chatmessage-crazystevy"><strong style="color:hsl(155,63%,40.12542104423551%)"><small>☆</small><span class="username" data-name="CrazyStevy">CrazyStevy</span>:</strong> <em>hf</em></div><div class="chat chatmessage-rivalet"><strong style="color:hsl(1,69%,49.320757446718204%)"><small>☆</small><span class="username" data-name="RivalET">RivalET</span>:</strong> <em>u2</em></div><div class="spacer battle-history"><br></div><div class="battle-history">Battle started between RivalET and CrazyStevy!<br></div><div class="spacer battle-history"><br></div><div class="battle-history">Go! Markiplier (<strong>Probopass</strong>)!<br></div><div class="spacer battle-history"><br></div><div class="battle-history">CrazyStevy sent out <strong>Ninjask</strong>!<br></div><div class="spacer battle-history"><br></div><h2 class="battle-history">Turn 1</h2><div class="spacer battle-history"><br></div><div class="battle-history">The opposing Ninjask used <strong>U-turn</strong>!<br></div><div class="battle-history"><small>It's not very effective...</small><br></div><div class="battle-history"><small>A critical hit!</small><br></div><div class="battle-history"><small>(Markiplier lost <abbr title="−75/304">24.7%</abbr> of its health!)</small><br></div><div class="spacer battle-history"><br></div><div class="battle-history">The opposing Ninjask went back to CrazyStevy!<br></div><div class="battle-history">CrazyStevy sent out <strong>Probopass</strong>!<br></div><div class="battle-history"><small>The opposing Probopass floats in the air with its Air Balloon!</small><br></div><div class="spacer battle-history"><br></div><div class="battle-history">Markiplier used <strong>Earth Power</strong>!<br></div><div class="battle-history"><small>It doesn't affect the opposing Probopass...</small><br></div><div class="spacer battle-history"><br></div><div class="battle-history"><small>Markiplier restored a little HP using its Leftovers!</small><br></div><div class="spacer battle-history"><br></div><h2 class="battle-history">Turn 2</h2><div class="spacer battle-history"><br></div><div class="battle-history">The opposing Probopass used <strong>Earth Power</strong>!<br></div><div class="battle-history"><small>It's super effective!</small><br></div><div class="battle-history"><small>(Markiplier lost <abbr title="−216/304">71.1%</abbr> of its health!)</small><br></div><div class="spacer battle-history"><br></div><div class="battle-history">Markiplier used <strong>Volt Switch</strong>!<br></div><div class="battle-history"><small>(The opposing Probopass lost <abbr title="−48/292">16.4%</abbr> of its health!)</small><br></div><div class="battle-history"><small>The opposing Probopass's Air Balloon popped!</small><br></div><div class="spacer battle-history"><br></div><div class="battle-history">Markiplier went back to RivalET!<br></div><div class="battle-history">Go! ThaFern (<strong>Monferno</strong>)!<br></div><div class="spacer battle-history"><br></div><h2 class="battle-history">Turn 3</h2><div class="spacer battle-history"><br></div><div class="battle-history">CrazyStevy withdrew Probopass!<br></div><div class="battle-history">CrazyStevy sent out <strong>Vibrava</strong>!<br></div><div class="spacer battle-history"><br></div><div class="battle-history">ThaFern used <strong>U-turn</strong>!<br></div><div class="battle-history"><small>(The opposing Vibrava lost <abbr title="−44/303">14.5%</abbr> of its health!)</small><br></div><div class="spacer battle-history"><br></div><div class="battle-history">ThaFern went back to RivalET!<br></div><div class="battle-history">Go! Beheehee (<strong>Beheeyem</strong>)!<br></div><div class="spacer battle-history"><br></div><h2 class="battle-history">Turn 4</h2><div class="spacer battle-history"><br></div><div class="battle-history">CrazyStevy withdrew Vibrava!<br></div><div class="battle-history">CrazyStevy sent out <strong>Golem</strong>!<br></div><div class="spacer battle-history"><br></div><div class="battle-history">Beheehee used <strong>Psychic</strong>!<br></div><div class="battle-history"><small>[The opposing Golem's Sturdy]</small><br><small>The opposing Golem endured the hit!</small><br></div><div class="battle-history"><small>(The opposing Golem lost <abbr title="−300/301">99.7%</abbr> of its health!)</small><br></div><div class="spacer battle-history"><br></div><h2 class="battle-history">Turn 5</h2><div class="spacer battle-history"><br></div><div class="battle-history">Beheehee, come back!<br></div><div class="battle-history">Go! brother (<strong>Vibrava</strong>)!<br></div><div class="spacer battle-history"><br></div><div class="battle-history">The opposing Golem used <strong>Stone Edge</strong>!<br></div><div class="battle-history"><small>brother avoided the attack!</small><br></div><div class="spacer battle-history"><br></div><h2 class="battle-history">Turn 6</h2><div class="spacer battle-history"><br></div><div class="battle-history">CrazyStevy withdrew Golem!<br></div><div class="battle-history">CrazyStevy sent out <strong>Ninjask</strong>!<br></div><div class="spacer battle-history"><br></div><div class="battle-history">brother used <strong>U-turn</strong>!<br></div><div class="battle-history"><small>It's not very effective...</small><br></div><div class="battle-history"><small>(The opposing Ninjask lost <abbr title="−38/263">14.4%</abbr> of its health!)</small><br></div><div class="spacer battle-history"><br></div><div class="battle-history">brother went back to RivalET!<br></div><div class="battle-history">Go! BETTER THAN 2 (<strong>Dodrio</strong>)!<br></div><div class="spacer battle-history"><br></div><h2 class="battle-history">Turn 7</h2><div class="chat"><small>TengaLeTingi joined.</small></div><div class="spacer battle-history"><br></div><div class="battle-history">CrazyStevy withdrew Ninjask!<br></div><div class="battle-history">CrazyStevy sent out <strong>Probopass</strong>!<br></div><div class="spacer battle-history"><br></div><div class="battle-history">BETTER THAN 2 used <strong>Knock Off</strong>!<br></div><div class="battle-history"><small>(The opposing Probopass lost <abbr title="−51/292">17.5%</abbr> of its health!)</small><br></div><div class="spacer battle-history"><br></div><h2 class="battle-history">Turn 8</h2><div class="spacer battle-history"><br></div><div class="battle-history">BETTER THAN 2, come back!<br></div><div class="battle-history">Go! brother (<strong>Vibrava</strong>)!<br></div><div class="spacer battle-history"><br></div><div class="battle-history">The opposing Probopass used <strong>Stealth Rock</strong>!<br></div><div class="battle-history"><small>Pointed stones float in the air around your team!</small><br></div><div class="spacer battle-history"><br></div><h2 class="battle-history">Turn 9</h2><div class="spacer battle-history"><br></div><div class="battle-history">CrazyStevy withdrew Probopass!<br></div><div class="battle-history">CrazyStevy sent out <strong>Clefairy</strong>!<br></div><div class="spacer battle-history"><br></div><div class="battle-history">brother used <strong>Defog</strong>!<br></div><div class="battle-history"><small>The opposing Clefairy's evasiveness fell!</small><br></div><div class="battle-history"><small>The pointed stones disappeared from around your team!</small><br></div><div class="spacer battle-history"><br></div><h2 class="battle-history">Turn 10</h2><div class="chat"><small>TengaLeTingi left.</small></div><div class="spacer battle-history"><br></div><div class="battle-history">brother used <strong>U-turn</strong>!<br></div><div class="battle-history"><small>It's not very effective...</small><br></div><div class="battle-history"><small>(The opposing Clefairy lost <abbr title="−24/344">7.0%</abbr> of its health!)</small><br></div><div class="spacer battle-history"><br></div><div class="battle-history">brother went back to RivalET!<br></div><div class="battle-history">Go! Markiplier (<strong>Probopass</strong>)!<br></div><div class="spacer battle-history"><br></div><div class="battle-history">The opposing Clefairy used <strong>Knock Off</strong>!<br></div><div class="battle-history"><small>(Markiplier lost <abbr title="−29/304">9.5%</abbr> of its health!)</small><br></div><div class="battle-history"><small>The opposing Clefairy knocked off Markiplier's Leftovers!</small><br></div><div class="spacer battle-history"><br></div><h2 class="battle-history">Turn 11</h2><div class="chat"><small>Neutral Zone (‽) joined.</small></div><div class="spacer battle-history"><br></div><div class="battle-history">CrazyStevy withdrew Clefairy!<br></div><div class="battle-history">CrazyStevy sent out <strong>Vibrava</strong>!<br></div><div class="spacer battle-history"><br></div><div class="battle-history">Markiplier used <strong>Flash Cannon</strong>!<br></div><div class="battle-history"><small>(The opposing Vibrava lost <abbr title="−117/303">38.6%</abbr> of its health!)</small><br></div><div class="spacer battle-history"><br></div><h2 class="battle-history">Turn 12</h2><div class="spacer battle-history"><br></div><div class="battle-history">The opposing Vibrava used <strong>U-turn</strong>!<br></div><div class="battle-history"><small>It's not very effective...</small><br></div><div class="battle-history"><small>(Markiplier lost <abbr title="−3/304">1.0%</abbr> of its health!)</small><br></div><div class="spacer battle-history"><br></div><div class="battle-history">Markiplier fainted!<br></div><div class="spacer battle-history"><br></div><div class="battle-history">The opposing Vibrava went back to CrazyStevy!<br></div><div class="battle-history">CrazyStevy sent out <strong>Ninjask</strong>!<br></div><div class="spacer battle-history"><br></div><div class="battle-history">Go! BETTER THAN 2 (<strong>Dodrio</strong>)!<br></div><div class="spacer battle-history"><br></div><h2 class="battle-history">Turn 13</h2><div class="spacer battle-history"><br></div><div class="battle-history">BETTER THAN 2, come back!<br></div><div class="battle-history">Go! brother (<strong>Vibrava</strong>)!<br></div><div class="spacer battle-history"><br></div><div class="battle-history">CrazyStevy withdrew Ninjask!<br></div><div class="battle-history">CrazyStevy sent out <strong>Golem</strong>!<br></div><div class="spacer battle-history"><br></div><h2 class="battle-history">Turn 14</h2><div class="spacer battle-history"><br></div><div class="battle-history">The opposing Golem used <strong>Sucker Punch</strong>!<br></div><div class="battle-history"><small>(brother lost <abbr title="−110/303">36.3%</abbr> of its health!)</small><br></div><div class="spacer battle-history"><br></div><div class="battle-history">brother used <strong>U-turn</strong>!<br></div><div class="battle-history"><small>(The opposing Golem lost <abbr title="−1/301">0.3%</abbr> of its health!)</small><br></div><div class="spacer battle-history"><br></div><div class="battle-history">The opposing Golem fainted!<br></div><div class="spacer battle-history"><br></div><div class="battle-history">brother went back to RivalET!<br></div><div class="battle-history">Go! BETTER THAN 2 (<strong>Dodrio</strong>)!<br></div><div class="spacer battle-history"><br></div><div class="battle-history">CrazyStevy sent out <strong>Probopass</strong>!<br></div><div class="spacer battle-history"><br></div><h2 class="battle-history">Turn 15</h2><div class="spacer battle-history"><br></div><div class="battle-history">BETTER THAN 2, come back!<br></div><div class="battle-history">Go! brother (<strong>Vibrava</strong>)!<br></div><div class="spacer battle-history"><br></div><div class="battle-history">The opposing Probopass used <strong>Stealth Rock</strong>!<br></div><div class="battle-history"><small>Pointed stones float in the air around your team!</small><br></div><div class="spacer battle-history"><br></div><h2 class="battle-history">Turn 16</h2><div class="spacer battle-history"><br></div><div class="battle-history">brother used <strong>Earthquake</strong>!<br></div><div class="battle-history"><small>It's super effective!</small><br></div><div class="battle-history"><small>A critical hit!</small><br></div><div class="battle-history"><small>(The opposing Probopass lost <abbr title="−193/292">66.1%</abbr> of its health!)</small><br></div><div class="spacer battle-history"><br></div><div class="battle-history">The opposing Probopass fainted!<br></div><div class="spacer battle-history"><br></div><div class="battle-history">CrazyStevy sent out <strong>Zebstrika</strong>!<br></div><div class="spacer battle-history"><br></div><h2 class="battle-history">Turn 17</h2><div class="spacer battle-history"><br></div><div class="battle-history">brother, come back!<br></div><div class="battle-history">Go! ol'skool (<strong>Zebstrika</strong>)!<br></div><div class="battle-history"><small>Pointed stones dug into ol'skool!</small><br></div><div class="spacer battle-history"><br></div><div class="battle-history">The opposing Zebstrika used <strong>Thunderbolt</strong>!<br></div><div class="battle-history"><small>It's not very effective...</small><br></div><div class="battle-history"><small>(ol'skool lost <abbr title="−105/291">36.1%</abbr> of its health!)</small><br></div><div class="battle-history"><small>The opposing Zebstrika lost some of its HP!</small><br></div><div class="spacer battle-history"><br></div><h2 class="battle-history">Turn 18</h2><div class="spacer battle-history"><br></div><div class="battle-history">CrazyStevy withdrew Zebstrika!<br></div><div class="battle-history">CrazyStevy sent out <strong>Clefairy</strong>!<br></div><div class="spacer battle-history"><br></div><div class="battle-history">ol'skool used <strong>Overheat</strong>!<br></div><div class="battle-history"><small>(The opposing Clefairy lost <abbr title="−94/344">27.3%</abbr> of its health!)</small><br></div><div class="battle-history"><small>ol'skool's Special Attack fell harshly!</small><br></div><div class="battle-history"><small>ol'skool lost some of its HP!</small><br></div><div class="spacer battle-history"><br></div><h2 class="battle-history">Turn 19</h2><div class="spacer battle-history"><br></div><div class="battle-history">ol'skool used <strong>Volt Switch</strong>!<br></div><div class="battle-history"><small>(The opposing Clefairy lost <abbr title="−36/344">10.5%</abbr> of its health!)</small><br></div><div class="battle-history"><small>ol'skool lost some of its HP!</small><br></div><div class="spacer battle-history"><br></div><div class="battle-history">ol'skool went back to RivalET!<br></div><div class="battle-history">Go! brother (<strong>Vibrava</strong>)!<br></div><div class="battle-history"><small>Pointed stones dug into brother!</small><br></div><div class="spacer battle-history"><br></div><div class="battle-history">The opposing Clefairy used <strong>Knock Off</strong>!<br></div><div class="battle-history"><small>A critical hit!</small><br></div><div class="battle-history"><small>(brother lost <abbr title="−47/303">15.5%</abbr> of its health!)</small><br></div><div class="battle-history"><small>The opposing Clefairy knocked off brother's Eviolite!</small><br></div><div class="spacer battle-history"><br></div><h2 class="battle-history">Turn 20</h2><div class="spacer battle-history"><br></div><div class="battle-history">CrazyStevy withdrew Clefairy!<br></div><div class="battle-history">CrazyStevy sent out <strong>Zebstrika</strong>!<br></div><div class="spacer battle-history"><br></div><div class="battle-history">brother used <strong>Defog</strong>!<br></div><div class="battle-history"><small>The opposing Zebstrika's evasiveness fell!</small><br></div><div class="battle-history"><small>The pointed stones disappeared from around your team!</small><br></div><div class="spacer battle-history"><br></div><h2 class="battle-history">Turn 21</h2><div class="chat"><small>NotInfernoMo joined.</small></div><div class="spacer battle-history"><br></div><div class="battle-history">The opposing Zebstrika used <strong>Hidden Power</strong>!<br></div><div class="battle-history"><small>It's super effective!</small><br></div><div class="battle-history"><small>A critical hit!</small><br></div><div class="battle-history"><small>(brother lost <abbr title="−128/303">42.2%</abbr> of its health!)</small><br></div><div class="battle-history"><small>The opposing Zebstrika lost some of its HP!</small><br></div><div class="spacer battle-history"><br></div><div class="battle-history">brother fainted!<br></div><div class="spacer battle-history"><br></div><div class="battle-history">Go! BETTER THAN 2 (<strong>Dodrio</strong>)!<br></div><div class="spacer battle-history"><br></div><h2 class="battle-history">Turn 22</h2><div class="spacer battle-history"><br></div><div class="battle-history">BETTER THAN 2 used <strong>Frustration</strong>!<br></div><div class="battle-history"><small>(The opposing Zebstrika lost <abbr title="−233/291">80.1%</abbr> of its health!)</small><br></div><div class="spacer battle-history"><br></div><div class="battle-history">The opposing Zebstrika fainted!<br></div><div class="spacer battle-history"><br></div><div class="battle-history">CrazyStevy sent out <strong>Vibrava</strong>!<br></div><div class="spacer battle-history"><br></div><h2 class="battle-history">Turn 23</h2><div class="spacer battle-history"><br></div><div class="battle-history">BETTER THAN 2, come back!<br></div><div class="battle-history">Go! Beheehee (<strong>Beheeyem</strong>)!<br></div><div class="spacer battle-history"><br></div><div class="battle-history">The opposing Vibrava used <strong>Roost</strong>!<br></div><div class="battle-history"><small>The opposing Vibrava restored its HP.</small><br></div><div class="spacer battle-history"><br></div><h2 class="battle-history">Turn 24</h2><div class="spacer battle-history"><br></div><div class="battle-history">The opposing Vibrava used <strong>U-turn</strong>!<br></div><div class="battle-history"><small>It's super effective!</small><br></div><div class="battle-history"><small>(Beheehee lost <abbr title="−106/349">30.4%</abbr> of its health!)</small><br></div><div class="spacer battle-history"><br></div><div class="battle-history">The opposing Vibrava went back to CrazyStevy!<br></div><div class="battle-history">CrazyStevy sent out <strong>Clefairy</strong>!<br></div><div class="spacer battle-history"><br></div><div class="battle-history">Beheehee used <strong>Psychic</strong>!<br></div><div class="battle-history"><small>(The opposing Clefairy lost <abbr title="−136/344">39.5%</abbr> of its health!)</small><br></div><div class="spacer battle-history"><br></div><h2 class="battle-history">Turn 25</h2><div class="spacer battle-history"><br></div><div class="battle-history">Beheehee used <strong>Psychic</strong>!<br></div><div class="battle-history"><small>(The opposing Clefairy lost <abbr title="−54/344">15.7%</abbr> of its health!)</small><br></div><div class="spacer battle-history"><br></div><div class="battle-history">The opposing Clefairy fainted!<br></div><div class="spacer battle-history"><br></div><div class="battle-history">CrazyStevy sent out <strong>Ninjask</strong>!<br></div><div class="spacer battle-history"><br></div><h2 class="battle-history">Turn 26</h2><div class="spacer battle-history"><br></div><div class="battle-history">Beheehee, come back!<br></div><div class="battle-history">Go! ol'skool (<strong>Zebstrika</strong>)!<br></div><div class="spacer battle-history"><br></div><div class="battle-history">The opposing Ninjask used <strong>X-Scissor</strong>!<br></div><div class="battle-history"><small>(ol'skool lost <abbr title="−92/291">31.6%</abbr> of its health!)</small><br></div><div class="spacer battle-history"><br></div><div class="battle-history">ol'skool fainted!<br></div><div class="spacer battle-history"><br></div><div class="battle-history">Go! BETTER THAN 2 (<strong>Dodrio</strong>)!<br></div><div class="spacer battle-history"><br></div><h2 class="battle-history">Turn 27</h2><div class="spacer battle-history"><br></div><div class="battle-history">CrazyStevy withdrew Ninjask!<br></div><div class="battle-history">CrazyStevy sent out <strong>Vibrava</strong>!<br></div><div class="spacer battle-history"><br></div><div class="battle-history">BETTER THAN 2 used <strong>Brave Bird</strong>!<br></div><div class="battle-history"><small>(The opposing Vibrava lost <abbr title="−141/303">46.5%</abbr> of its health!)</small><br></div><div class="battle-history"><small>BETTER THAN 2 is damaged by the recoil!</small><br></div><div class="spacer battle-history"><br></div><h2 class="battle-history">Turn 28</h2><div class="spacer battle-history"><br></div><div class="battle-history">BETTER THAN 2, come back!<br></div><div class="battle-history">Go! Beheehee (<strong>Beheeyem</strong>)!<br></div><div class="spacer battle-history"><br></div><div class="battle-history">The opposing Vibrava used <strong>Roost</strong>!<br></div><div class="battle-history"><small>The opposing Vibrava restored its HP.</small><br></div><div class="spacer battle-history"><br></div><h2 class="battle-history">Turn 29</h2><div class="spacer battle-history"><br></div><div class="battle-history">The opposing Vibrava used <strong>Earthquake</strong>!<br></div><div class="battle-history"><small>(Beheehee lost <abbr title="−114/349">32.7%</abbr> of its health!)</small><br></div><div class="spacer battle-history"><br></div><div class="battle-history">Beheehee used <strong>Hidden Power</strong>!<br></div><div class="battle-history"><small>It's super effective!</small><br></div><div class="battle-history"><small>(The opposing Vibrava lost <abbr title="−303/303">100%</abbr> of its health!)</small><br></div><div class="spacer battle-history"><br></div><div class="battle-history">The opposing Vibrava fainted!<br></div><div class="spacer battle-history"><br></div><div class="battle-history">CrazyStevy sent out <strong>Ninjask</strong>!<br></div><div class="spacer battle-history"><br></div><h2 class="battle-history">Turn 30</h2><div class="chat chatmessage-rivalet"><strong style="color:hsl(1,69%,49.320757446718204%)"><small>☆</small><span class="username" data-name="RivalET">RivalET</span>:</strong> <em>ggs</em></div><div class="chat chatmessage-crazystevy"><strong style="color:hsl(155,63%,40.12542104423551%)"><small>☆</small><span class="username" data-name="CrazyStevy">CrazyStevy</span>:</strong> <em>gg</em></div><div class="spacer battle-history"><br></div><div class="battle-history">The opposing Ninjask used <strong>Aerial Ace</strong>!<br></div><div class="battle-history"><small>(Beheehee lost <abbr title="−129/349">37.0%</abbr> of its health!)</small><br></div><div class="spacer battle-history"><br></div><div class="battle-history">Beheehee fainted!<br></div><div class="spacer battle-history"><br></div><div class="battle-history">Go! BETTER THAN 2 (<strong>Dodrio</strong>)!<br></div><div class="spacer battle-history"><br></div><h2 class="battle-history">Turn 31</h2><div class="spacer battle-history"><br></div><div class="battle-history">BETTER THAN 2 used <strong>Brave Bird</strong>!<br></div><div class="battle-history"><small>It's super effective!</small><br></div><div class="battle-history"><small>(The opposing Ninjask lost <abbr title="−225/263">85.6%</abbr> of its health!)</small><br></div><div class="battle-history"><small>BETTER THAN 2 is damaged by the recoil!</small><br></div><div class="spacer battle-history"><br></div><div class="battle-history">The opposing Ninjask fainted!<br></div><div class="spacer battle-history"><br></div><div class="battle-history"><strong>RivalET</strong> won the battle!<br></div><div class="chat"><small>CrazyStevy left.</small></div><div class="chat"><small>NotInfernoMo left.</small></div></div><div class="inner-preempt"></div></div></div>
</div>
<script>
let daily = Math.floor(Date.now()/1000/60/60/24);document.write('<script src="https://play.pokemonshowdown.com/js/replay-embed.js?version'+daily+'"></'+'script>');
</script>
