<!DOCTYPE html>
<meta charset="utf-8" />
<!-- version 1 -->
<title>PU replay: 2xTheTap vs. Gallons</title>
<style>
html,body {font-family:Verdana, sans-serif;font-size:10pt;margin:0;padding:0;}body{padding:12px 0;} .battle-log {font-family:Verdana, sans-serif;font-size:10pt;} .battle-log-inline {border:1px solid #AAAAAA;background:#EEF2F5;color:black;max-width:640px;margin:0 auto 80px;padding-bottom:5px;} .battle-log .inner {padding:4px 8px 0px 8px;} .battle-log .inner-preempt {padding:0 8px 4px 8px;} .battle-log .inner-after {margin-top:0.5em;} .battle-log h2 {margin:0.5em -8px;padding:4px 8px;border:1px solid #AAAAAA;background:#E0E7EA;border-left:0;border-right:0;font-family:Verdana, sans-serif;font-size:13pt;} .battle-log .chat {vertical-align:middle;padding:3px 0 3px 0;font-size:8pt;} .battle-log .chat strong {color:#40576A;} .battle-log .chat em {padding:1px 4px 1px 3px;color:#000000;font-style:normal;} .chat.mine {background:rgba(0,0,0,0.05);margin-left:-8px;margin-right:-8px;padding-left:8px;padding-right:8px;} .spoiler {color:#BBBBBB;background:#BBBBBB;padding:0px 3px;} .spoiler:hover, .spoiler:active, .spoiler-shown {color:#000000;background:#E2E2E2;padding:0px 3px;} .spoiler a {color:#BBBBBB;} .spoiler:hover a, .spoiler:active a, .spoiler-shown a {color:#2288CC;} .chat code, .chat .spoiler:hover code, .chat .spoiler:active code, .chat .spoiler-shown code {border:1px solid #C0C0C0;background:#EEEEEE;color:black;padding:0 2px;} .chat .spoiler code {border:1px solid #CCCCCC;background:#CCCCCC;color:#CCCCCC;} .battle-log .rated {padding:3px 4px;} .battle-log .rated strong {color:white;background:#89A;padding:1px 4px;border-radius:4px;} .spacer {margin-top:0.5em;} .message-announce {background:#6688AA;color:white;padding:1px 4px 2px;} .message-announce a, .broadcast-green a, .broadcast-blue a, .broadcast-red a {color:#DDEEFF;} .broadcast-green {background-color:#559955;color:white;padding:2px 4px;} .broadcast-blue {background-color:#6688AA;color:white;padding:2px 4px;} .infobox {border:1px solid #6688AA;padding:2px 4px;} .infobox-limited {max-height:200px;overflow:auto;overflow-x:hidden;} .broadcast-red {background-color:#AA5544;color:white;padding:2px 4px;} .message-learn-canlearn {font-weight:bold;color:#228822;text-decoration:underline;} .message-learn-cannotlearn {font-weight:bold;color:#CC2222;text-decoration:underline;} .message-effect-weak {font-weight:bold;color:#CC2222;} .message-effect-resist {font-weight:bold;color:#6688AA;} .message-effect-immune {font-weight:bold;color:#666666;} .message-learn-list {margin-top:0;margin-bottom:0;} .message-throttle-notice, .message-error {color:#992222;} .message-overflow, .chat small.message-overflow {font-size:0pt;} .message-overflow::before {font-size:9pt;content:'...';} .subtle {color:#3A4A66;}
</style>
<div class="wrapper replay-wrapper" style="max-width:1180px;margin:0 auto">
<input type="hidden" name="replayid" value="pu-583138835" />
<div class="battle"></div><div class="battle-log"></div><div class="replay-controls"></div><div class="replay-controls-2"></div>
<h1 style="font-weight:normal;text-align:center"><strong>PU</strong><br /><a href="http://pokemonshowdown.com/users/2xthetap" class="subtle" target="_blank">2xTheTap</a> vs. <a href="http://pokemonshowdown.com/users/gallons" class="subtle" target="_blank">Gallons</a></h1>
<script type="text/plain" class="battle-log-data">|j|2xTheTap
|j|Gallons
|player|p1|2xTheTap|#2xthetap
|teamsize|p1|6
|player|p2|Gallons|290
|teamsize|p2|6
|gametype|singles
|gen|6
|tier|PU
|seed|51621,26168,65251,25593
|rule|Sleep Clause Mod: Limit one foe put to sleep
|rule|Species Clause: Limit one of each Pokémon
|rule|OHKO Clause: OHKO moves are banned
|rule|Moody Clause: Moody is banned
|rule|Evasion Moves Clause: Evasion moves are banned
|rule|Endless Battle Clause: Forcing endless battles is banned
|rule|HP Percentage Mod: HP is shown in percentages
|clearpoke
|poke|p1|Cottonee, F|item
|poke|p1|Frogadier, F|item
|poke|p1|Misdreavus, M|item
|poke|p1|Gourgeist-*, M|item
|poke|p1|Golem, F|item
|poke|p1|Bouffalant, F|item
|poke|p2|Relicanth, M|item
|poke|p2|Armaldo, F|item
|poke|p2|Luxray, M|item
|poke|p2|Shedinja|item
|poke|p2|Altaria, F|item
|poke|p2|Cacturne, F|item
|rule|Swagger Clause: Swagger is banned
|rule|Baton Pass Clause: Limit one Baton Passer, can't pass Spe and other stats simultaneously
|teampreview
|j|TIBot
|j|LordST
|inactive|Battle timer is ON: inactive players will automatically lose when time's up. (requested by Gallons)
|j|Chrisloud
|choice|team 2, team 1, team 3, team 4, team 5, team 6|team 5, team 2, team 3, team 4, team 1, team 6
|
|start
|switch|p1a: Frogadier|Frogadier, F|249\/249
|switch|p2a: Altaria|Altaria, F|354\/354
|turn|1
|choice|move toxicspikes|move moonblast
|
|move|p1a: Frogadier|Toxic Spikes|p2a: Altaria
|-start|p1a: Frogadier|typechange|Poison|[from] Protean
|-sidestart|p2: Gallons|move: Toxic Spikes
|move|p2a: Altaria|Moonblast|p1a: Frogadier
|-resisted|p1a: Frogadier
|-damage|p1a: Frogadier|173\/249
|
|upkeep
|turn|2
|choice|switch 2|move flamethrower
|
|switch|p1a: Cottonee|Cottonee, F|283\/283
|move|p2a: Altaria|Flamethrower|p1a: Cottonee
|-supereffective|p1a: Cottonee
|-crit|p1a: Cottonee
|-damage|p1a: Cottonee|29\/283
|-status|p1a: Cottonee|brn
|
|-damage|p1a: Cottonee|0 fnt|[from] brn
|upkeep
|faint|p1a: Cottonee
|c|☆2xTheTap|kek
|c| Chrisloud|LOL
|c|+LordST|power predicted
|c|☆2xTheTap|a crit burn flamethrower
|c|☆2xTheTap|that's new
|c| Chrisloud|even worse than me!
|choice|switch 2|
|
|switch|p1a: Frogadier|Frogadier, F|173\/249
|turn|3
|choice|move icebeam|move hypervoice
|
|move|p1a: Frogadier|Ice Beam|p2a: Altaria
|-start|p1a: Frogadier|typechange|Ice|[from] Protean
|-supereffective|p2a: Altaria
|-enditem|p2a: Altaria|Focus Sash
|-damage|p2a: Altaria|1\/354
|move|p2a: Altaria|Hyper Voice|p1a: Frogadier
|-damage|p1a: Frogadier|23\/249
|
|upkeep
|turn|4
|choice|move icebeam|move flamethrower
|
|move|p1a: Frogadier|Ice Beam|p2a: Altaria
|-supereffective|p2a: Altaria
|-damage|p2a: Altaria|0 fnt
|faint|p2a: Altaria
|
|upkeep
|c|+LordST|the cteam is unreal
|c|☆2xTheTap|let's see
|c|☆2xTheTap|if I can overcome
|choice||switch 6
|
|switch|p2a: Cacturne|Cacturne, F|343\/343
|-status|p2a: Cacturne|psn
|turn|5
|c|☆2xTheTap|my cottonee \/ cacturne hard switch is dead
|choice|switch 6|move energyball
|
|switch|p1a: Bouffalant|Bouffalant, F|393\/393
|move|p2a: Cacturne|Energy Ball|p1a: Bouffalant
|-ability|p1a: Bouffalant|Sap Sipper|boost
|-boost|p1a: Bouffalant|atk|1
|
|-damage|p2a: Cacturne|301\/343 psn|[from] psn
|upkeep
|turn|6
|c|+LordST|power predicted
|choice|move frustration|move drainpunch
|
|move|p1a: Bouffalant|Frustration|p2a: Cacturne
|-damage|p2a: Cacturne|0 fnt
|faint|p2a: Cacturne
|
|upkeep
|c|☆Gallons|nice play
|c|☆2xTheTap|slow cacturne
|c| Chrisloud|now need for it
|c|☆2xTheTap|is weird
|choice||switch 2
|
|switch|p2a: Armaldo|Armaldo, F|354\/354
|-status|p2a: Armaldo|psn
|turn|7
|c|+LordST|maybe
|choice|switch 4|move superpower
|
|switch|p1a: Gourgeist|Gourgeist-Small, M|289\/289
|-item|p2a: Armaldo|Life Orb|[from] ability: Frisk|[of] p1a: Gourgeist|[identify]
|move|p2a: Armaldo|Superpower|p1a: Gourgeist
|-immune|p1a: Gourgeist|[msg]
|
|-damage|p2a: Armaldo|310\/354 psn|[from] psn
|upkeep
|turn|8
|c|+LordST|hes tr shedinja
|c|+LordST|into cacturne
|c|+LordST|!learn shedinja, trick room
|html|<div class="infobox">In Gen 7, Shedinja <span class="message-learn-cannotlearn">can't<\/span> learn Trick Room<\/div>
|choice|move leechseed|move xscissor
|
|move|p1a: Gourgeist|Leech Seed|p2a: Armaldo
|-start|p2a: Armaldo|move: Leech Seed
|move|p2a: Armaldo|X-Scissor|p1a: Gourgeist
|-damage|p1a: Gourgeist|143\/289
|-damage|p2a: Armaldo|275\/354 psn|[from] item: Life Orb
|
|-heal|p1a: Gourgeist|161\/289|[from] item: Leftovers
|-damage|p2a: Armaldo|231\/354 psn|[from] Leech Seed|[of] p1a: Gourgeist
|-heal|p1a: Gourgeist|205\/289|[silent]
|-damage|p2a: Armaldo|187\/354 psn|[from] psn
|upkeep
|turn|9
|c| Chrisloud|does shedinja even gets tr
|c|+LordST|fr*ck
|c| Chrisloud|sniped
|choice|move substitute|move xscissor
|
|move|p1a: Gourgeist|Substitute|p1a: Gourgeist
|-start|p1a: Gourgeist|Substitute
|-damage|p1a: Gourgeist|133\/289
|move|p2a: Armaldo|X-Scissor|p1a: Gourgeist
|-end|p1a: Gourgeist|Substitute
|-damage|p2a: Armaldo|152\/354 psn|[from] item: Life Orb
|
|-heal|p1a: Gourgeist|151\/289|[from] item: Leftovers
|-damage|p2a: Armaldo|108\/354 psn|[from] Leech Seed|[of] p1a: Gourgeist
|-heal|p1a: Gourgeist|195\/289|[silent]
|-damage|p2a: Armaldo|64\/354 psn|[from] psn
|upkeep
|turn|10
|choice|move substitute|move xscissor
|
|move|p1a: Gourgeist|Substitute|p1a: Gourgeist
|-start|p1a: Gourgeist|Substitute
|-damage|p1a: Gourgeist|123\/289
|move|p2a: Armaldo|X-Scissor|p1a: Gourgeist
|-end|p1a: Gourgeist|Substitute
|-damage|p2a: Armaldo|29\/354 psn|[from] item: Life Orb
|
|-heal|p1a: Gourgeist|141\/289|[from] item: Leftovers
|-damage|p2a: Armaldo|0 fnt|[from] Leech Seed|[of] p1a: Gourgeist
|-heal|p1a: Gourgeist|170\/289|[silent]
|upkeep
|faint|p2a: Armaldo
|choice||switch 3
|
|switch|p2a: Luxray|Luxray, M|364\/364
|-ability|p2a: Luxray|Intimidate|boost
|-unboost|p1a: Gourgeist|atk|1
|-item|p2a: Luxray|Air Balloon
|turn|11
|choice|move willowisp|move crunch
|
|move|p1a: Gourgeist|Will-O-Wisp|p2a: Luxray
|-status|p2a: Luxray|brn
|move|p2a: Luxray|Crunch|p1a: Gourgeist
|-supereffective|p1a: Gourgeist
|-damage|p1a: Gourgeist|88\/289
|
|-heal|p1a: Gourgeist|106\/289|[from] item: Leftovers
|-damage|p2a: Luxray|319\/364 brn|[from] brn
|upkeep
|turn|12
|c|☆2xTheTap|watch this
|choice|move skillswap|move thunderbolt
|
|move|p1a: Gourgeist|Skill Swap|p2a: Luxray
|-activate|p1a: Gourgeist|move: Skill Swap|Intimidate|Frisk|[of] p2a: Luxray
|-ability|p1a: Gourgeist|Intimidate|boost
|-unboost|p2a: Luxray|atk|1
|-item|p1a: Gourgeist|Leftovers|[from] ability: Frisk|[of] p2a: Luxray|[identify]
|move|p2a: Luxray|Thunderbolt|p1a: Gourgeist
|-resisted|p1a: Gourgeist
|-damage|p1a: Gourgeist|38\/289
|
|-heal|p1a: Gourgeist|56\/289|[from] item: Leftovers
|-damage|p2a: Luxray|274\/364 brn|[from] brn
|upkeep
|turn|13
|c|+LordST|jokes on you
|c| Chrisloud|mixed
|choice|move leechseed|move thunderbolt
|
|move|p1a: Gourgeist|Leech Seed|p2a: Luxray
|-start|p2a: Luxray|move: Leech Seed
|move|p2a: Luxray|Thunderbolt|p1a: Gourgeist
|-resisted|p1a: Gourgeist
|-damage|p1a: Gourgeist|0 fnt
|faint|p1a: Gourgeist
|
|-damage|p2a: Luxray|229\/364 brn|[from] brn
|upkeep
|c|+LordST|special luxray doesnt care
|c|+LordST|lmao
|c|☆2xTheTap|lol
|c| Chrisloud|countered
|c|☆2xTheTap|it's true
|c|☆2xTheTap|this is a ct
|choice|switch 5|
|
|switch|p1a: Golem|Golem, F|363\/363
|turn|14
|c| Chrisloud|he just lured your lure
|c| Chrisloud|how do you feel
|choice|move stoneedge|move superpower
|
|move|p2a: Luxray|Superpower|p1a: Golem
|-supereffective|p1a: Golem
|-damage|p1a: Golem|282\/363
|-unboost|p2a: Luxray|atk|1
|-unboost|p2a: Luxray|def|1
|move|p1a: Golem|Stone Edge|p2a: Luxray
|-damage|p2a: Luxray|0 fnt
|-enditem|p2a: Luxray|Air Balloon
|faint|p2a: Luxray
|
|-heal|p1a: Golem|304\/363|[from] item: Leftovers
|upkeep
|c|☆2xTheTap|kind of yucky
|choice||switch 5
|
|switch|p2a: Relicanth|Relicanth, M|404\/404
|-status|p2a: Relicanth|psn
|turn|15
|c|+LordST|your right tap
|c|+LordST|more people should play ladder
|choice|move earthquake|move aquatail
|
|move|p2a: Relicanth|Aqua Tail|p1a: Golem
|-supereffective|p1a: Golem
|-damage|p1a: Golem|0 fnt
|faint|p1a: Golem
|
|-damage|p2a: Relicanth|354\/404 psn|[from] psn
|upkeep
|c|+LordST|for high quality games liek this
|c|☆2xTheTap|there's literally no reason not to
|c|☆2xTheTap|if sm pu isn't out
|c| Chrisloud|I do it osmetimes
|c| Chrisloud|i wait 20 hours
|choice|switch 3|
|
|switch|p1a: Misdreavus|Misdreavus, M|261\/261
|turn|16
|c|+LordST|except other morecinteresting metas...
|c| Chrisloud|no matches
|c| Chrisloud|i leave
|c| Chrisloud|y cry
|c| Chrisloud|I*
|choice|move hex|move zenheadbutt
|
|move|p1a: Misdreavus|Hex|p2a: Relicanth
|-crit|p2a: Relicanth
|-damage|p2a: Relicanth|0 fnt
|faint|p2a: Relicanth
|
|upkeep
|choice||switch 4
|
|switch|p2a: Shedinja|Shedinja|1\/1
|-status|p2a: Shedinja|psn
|turn|17
|choice|switch 4|move toxic
|
|switch|p1a: Bouffalant|Bouffalant, F|393\/393
|move|p2a: Shedinja|Toxic|p1a: Bouffalant|[miss]
|-miss|p2a: Shedinja|p1a: Bouffalant
|
|-damage|p2a: Shedinja|0 fnt|[from] psn
|upkeep
|faint|p2a: Shedinja
|
|win|2xTheTap
|l|TIBot
|l|Chrisloud
|c|☆Gallons|no chANCE
|l|Gallons
|c|☆2xTheTap|gg
|l|LordST</script>
</div>
<div class="battle-log battle-log-inline"><div class="inner"><div class="battle-options"></div><div class="inner"><div class="chat"><small>2xTheTap joined.</small></div><div class="chat"><small>Gallons joined.</small></div><div class=""><small>Format:</small> <br><strong>PU</strong></div><div class=""><small><em>Sleep Clause Mod:</em> Limit one foe put to sleep</small></div><div class=""><small><em>Species Clause:</em> Limit one of each Pokémon</small></div><div class=""><small><em>OHKO Clause:</em> OHKO moves are banned</small></div><div class=""><small><em>Moody Clause:</em> Moody is banned</small></div><div class=""><small><em>Evasion Moves Clause:</em> Evasion moves are banned</small></div><div class=""><small><em>Endless Battle Clause:</em> Forcing endless battles is banned</small></div><div class=""><small><em>HP Percentage Mod:</em> HP is shown in percentages</small></div><div class=""><small><em>Swagger Clause:</em> Swagger is banned</small></div><div class=""><small><em>Baton Pass Clause:</em> Limit one Baton Passer, can't pass Spe and other stats simultaneously</small></div><div class="chat battle-history"><strong>2xTheTap's team:</strong> <em style="color:#445566;display:block;">Cottonee / Frogadier / Misdreavus / Gourgeist-* / Golem / Bouffalant</em></div><div class="chat battle-history"><strong>Gallons's team:</strong> <em style="color:#445566;display:block;">Relicanth / Armaldo / Luxray / Shedinja / Altaria / Cacturne</em></div><div class="chat"><small>TIBot joined.</small></div><div class="chat"><small>LordST joined.</small></div><div class="chat message-error">Battle timer is ON: inactive players will automatically lose when time's up. (requested by Gallons)</div><div class="chat"><small>Chrisloud joined.</small></div><div class="spacer battle-history"><br></div><div class="battle-history">Battle started between 2xTheTap and Gallons!<br></div><div class="spacer battle-history"><br></div><div class="battle-history">Go! <strong>Frogadier</strong>!<br></div><div class="spacer battle-history"><br></div><div class="battle-history">Gallons sent out <strong>Altaria</strong>!<br></div><div class="spacer battle-history"><br></div><h2 class="battle-history">Turn 1</h2><div class="spacer battle-history"><br></div><div class="battle-history">Frogadier used <strong>Toxic Spikes</strong>!<br></div><div class="spacer battle-history"><br></div><div class="battle-history"><small>[Frogadier's Protean]</small><br><small>Frogadier transformed into the Poison type!</small><br></div><div class="battle-history"><small>Poison spikes were scattered on the ground all around the opposing team!</small><br></div><div class="spacer battle-history"><br></div><div class="battle-history">The opposing Altaria used <strong>Moonblast</strong>!<br></div><div class="battle-history"><small>It's not very effective...</small><br></div><div class="battle-history"><small>(Frogadier lost <abbr title="−76/249">30.5%</abbr> of its health!)</small><br></div><div class="spacer battle-history"><br></div><h2 class="battle-history">Turn 2</h2><div class="spacer battle-history"><br></div><div class="battle-history">Frogadier, come back!<br></div><div class="battle-history">Go! <strong>Cottonee</strong>!<br></div><div class="spacer battle-history"><br></div><div class="battle-history">The opposing Altaria used <strong>Flamethrower</strong>!<br></div><div class="battle-history"><small>It's super effective!</small><br></div><div class="battle-history"><small>A critical hit!</small><br></div><div class="battle-history"><small>(Cottonee lost <abbr title="−254/283">89.8%</abbr> of its health!)</small><br></div><div class="battle-history"><small>Cottonee was burned!</small><br></div><div class="spacer battle-history"><br></div><div class="battle-history"><small>Cottonee was hurt by its burn!</small><br></div><div class="spacer battle-history"><br></div><div class="battle-history">Cottonee fainted!<br></div><div class="chat chatmessage-2xthetap"><strong style="color:hsl(356,51%,50.948703188140954%)"><small>☆</small><span class="username" data-name="2xTheTap">2xTheTap</span>:</strong> <em>kek</em></div><div class="chat chatmessage-chrisloud"><strong style="color:hsl(98,63%,38%)"><small> </small><span class="username" data-name="Chrisloud">Chrisloud</span>:</strong> <em>LOL</em></div><div class="chat chatmessage-lordst"><strong style="color:hsl(5,52%,47%)"><small>+</small><span class="username" data-name="LordST">LordST</span>:</strong> <em>power predicted</em></div><div class="chat chatmessage-2xthetap"><strong style="color:hsl(356,51%,50.948703188140954%)"><small>☆</small><span class="username" data-name="2xTheTap">2xTheTap</span>:</strong> <em>a crit burn flamethrower</em></div><div class="chat chatmessage-2xthetap"><strong style="color:hsl(356,51%,50.948703188140954%)"><small>☆</small><span class="username" data-name="2xTheTap">2xTheTap</span>:</strong> <em>that's new</em></div><div class="chat chatmessage-chrisloud"><strong style="color:hsl(98,63%,38%)"><small> </small><span class="username" data-name="Chrisloud">Chrisloud</span>:</strong> <em>even worse than me!</em></div><div class="spacer battle-history"><br></div><div class="battle-history">Go! <strong>Frogadier</strong>!<br></div><div class="spacer battle-history"><br></div><h2 class="battle-history">Turn 3</h2><div class="spacer battle-history"><br></div><div class="battle-history">Frogadier used <strong>Ice Beam</strong>!<br></div><div class="spacer battle-history"><br></div><div class="battle-history"><small>[Frogadier's Protean]</small><br><small>Frogadier transformed into the Ice type!</small><br></div><div class="battle-history"><small>It's super effective!</small><br></div><div class="battle-history"><small>The opposing Altaria hung on using its Focus Sash!</small><br></div><div class="battle-history"><small>(The opposing Altaria lost <abbr title="−353/354">99.7%</abbr> of its health!)</small><br></div><div class="spacer battle-history"><br></div><div class="battle-history">The opposing Altaria used <strong>Hyper Voice</strong>!<br></div><div class="battle-history"><small>(Frogadier lost <abbr title="−150/249">60.2%</abbr> of its health!)</small><br></div><div class="spacer battle-history"><br></div><h2 class="battle-history">Turn 4</h2><div class="spacer battle-history"><br></div><div class="battle-history">Frogadier used <strong>Ice Beam</strong>!<br></div><div class="battle-history"><small>It's super effective!</small><br></div><div class="battle-history"><small>(The opposing Altaria lost <abbr title="−1/354">0.3%</abbr> of its health!)</small><br></div><div class="spacer battle-history"><br></div><div class="battle-history">The opposing Altaria fainted!<br></div><div class="chat chatmessage-lordst"><strong style="color:hsl(5,52%,47%)"><small>+</small><span class="username" data-name="LordST">LordST</span>:</strong> <em>the cteam is unreal</em></div><div class="chat chatmessage-2xthetap"><strong style="color:hsl(356,51%,50.948703188140954%)"><small>☆</small><span class="username" data-name="2xTheTap">2xTheTap</span>:</strong> <em>let's see</em></div><div class="chat chatmessage-2xthetap"><strong style="color:hsl(356,51%,50.948703188140954%)"><small>☆</small><span class="username" data-name="2xTheTap">2xTheTap</span>:</strong> <em>if I can overcome</em></div><div class="spacer battle-history"><br></div><div class="battle-history">Gallons sent out <strong>Cacturne</strong>!<br></div><div class="battle-history"><small>The opposing Cacturne was poisoned!</small><br></div><div class="spacer battle-history"><br></div><h2 class="battle-history">Turn 5</h2><div class="chat chatmessage-2xthetap"><strong style="color:hsl(356,51%,50.948703188140954%)"><small>☆</small><span class="username" data-name="2xTheTap">2xTheTap</span>:</strong> <em>my cottonee / cacturne hard switch is dead</em></div><div class="spacer battle-history"><br></div><div class="battle-history">Frogadier, come back!<br></div><div class="battle-history">Go! <strong>Bouffalant</strong>!<br></div><div class="spacer battle-history"><br></div><div class="battle-history">The opposing Cacturne used <strong>Energy Ball</strong>!<br></div><div class="battle-history"><small>[Bouffalant's Sap Sipper]</small><br></div><div class="battle-history"><small>Bouffalant's Attack rose!</small><br></div><div class="spacer battle-history"><br></div><div class="battle-history"><small>The opposing Cacturne was hurt by poison!</small><br></div><div class="spacer battle-history"><br></div><h2 class="battle-history">Turn 6</h2><div class="chat chatmessage-lordst"><strong style="color:hsl(5,52%,47%)"><small>+</small><span class="username" data-name="LordST">LordST</span>:</strong> <em>power predicted</em></div><div class="spacer battle-history"><br></div><div class="battle-history">Bouffalant used <strong>Frustration</strong>!<br></div><div class="battle-history"><small>(The opposing Cacturne lost <abbr title="−301/343">87.8%</abbr> of its health!)</small><br></div><div class="spacer battle-history"><br></div><div class="battle-history">The opposing Cacturne fainted!<br></div><div class="chat chatmessage-gallons"><strong style="color:hsl(356,67%,46.98671619761265%)"><small>☆</small><span class="username" data-name="Gallons">Gallons</span>:</strong> <em>nice play</em></div><div class="chat chatmessage-2xthetap"><strong style="color:hsl(356,51%,50.948703188140954%)"><small>☆</small><span class="username" data-name="2xTheTap">2xTheTap</span>:</strong> <em>slow cacturne</em></div><div class="chat chatmessage-chrisloud"><strong style="color:hsl(98,63%,38%)"><small> </small><span class="username" data-name="Chrisloud">Chrisloud</span>:</strong> <em>now need for it</em></div><div class="chat chatmessage-2xthetap"><strong style="color:hsl(356,51%,50.948703188140954%)"><small>☆</small><span class="username" data-name="2xTheTap">2xTheTap</span>:</strong> <em>is weird</em></div><div class="spacer battle-history"><br></div><div class="battle-history">Gallons sent out <strong>Armaldo</strong>!<br></div><div class="battle-history"><small>The opposing Armaldo was poisoned!</small><br></div><div class="spacer battle-history"><br></div><h2 class="battle-history">Turn 7</h2><div class="chat chatmessage-lordst"><strong style="color:hsl(5,52%,47%)"><small>+</small><span class="username" data-name="LordST">LordST</span>:</strong> <em>maybe</em></div><div class="spacer battle-history"><br></div><div class="battle-history">Bouffalant, come back!<br></div><div class="battle-history">Go! Gourgeist (<strong>Gourgeist-Small</strong>)!<br></div><div class="battle-history"><small>[Gourgeist's Frisk]</small><br><small>Gourgeist frisked the opposing Armaldo and found its Life Orb!</small><br></div><div class="spacer battle-history"><br></div><div class="battle-history">The opposing Armaldo used <strong>Superpower</strong>!<br></div><div class="battle-history"><small>It doesn't affect Gourgeist...</small><br></div><div class="spacer battle-history"><br></div><div class="battle-history"><small>The opposing Armaldo was hurt by poison!</small><br></div><div class="spacer battle-history"><br></div><h2 class="battle-history">Turn 8</h2><div class="chat chatmessage-lordst"><strong style="color:hsl(5,52%,47%)"><small>+</small><span class="username" data-name="LordST">LordST</span>:</strong> <em>hes tr shedinja</em></div><div class="chat chatmessage-lordst"><strong style="color:hsl(5,52%,47%)"><small>+</small><span class="username" data-name="LordST">LordST</span>:</strong> <em>into cacturne</em></div><div class="chat chatmessage-lordst"><strong style="color:hsl(5,52%,47%)"><small>+</small><span class="username" data-name="LordST">LordST</span>:</strong> <em>!learn shedinja, trick room</em></div><div class="chat"><div class="infobox">In Gen 7, Shedinja <span class="message-learn-cannotlearn">can't</span> learn Trick Room</div></div><div class="spacer battle-history"><br></div><div class="battle-history">Gourgeist used <strong>Leech Seed</strong>!<br></div><div class="battle-history"><small>The opposing Armaldo was seeded!</small><br></div><div class="spacer battle-history"><br></div><div class="battle-history">The opposing Armaldo used <strong>X-Scissor</strong>!<br></div><div class="battle-history"><small>(Gourgeist lost <abbr title="−146/289">50.5%</abbr> of its health!)</small><br></div><div class="battle-history"><small>The opposing Armaldo lost some of its HP!</small><br></div><div class="spacer battle-history"><br></div><div class="battle-history"><small>Gourgeist restored a little HP using its Leftovers!</small><br></div><div class="battle-history"><small>The opposing Armaldo's health is sapped by Leech Seed!</small><br></div><div class="battle-history"><small>The opposing Armaldo was hurt by poison!</small><br></div><div class="spacer battle-history"><br></div><h2 class="battle-history">Turn 9</h2><div class="chat chatmessage-chrisloud"><strong style="color:hsl(98,63%,38%)"><small> </small><span class="username" data-name="Chrisloud">Chrisloud</span>:</strong> <em>does shedinja even gets tr</em></div><div class="chat chatmessage-lordst"><strong style="color:hsl(5,52%,47%)"><small>+</small><span class="username" data-name="LordST">LordST</span>:</strong> <em>fr*ck</em></div><div class="chat chatmessage-chrisloud"><strong style="color:hsl(98,63%,38%)"><small> </small><span class="username" data-name="Chrisloud">Chrisloud</span>:</strong> <em>sniped</em></div><div class="spacer battle-history"><br></div><div class="battle-history">Gourgeist used <strong>Substitute</strong>!<br></div><div class="battle-history"><small>Gourgeist put in a substitute!</small><br></div><div class="battle-history"><small>(Gourgeist lost <abbr title="−72/289">24.9%</abbr> of its health!)</small><br></div><div class="spacer battle-history"><br></div><div class="battle-history">The opposing Armaldo used <strong>X-Scissor</strong>!<br></div><div class="battle-history"><small>Gourgeist's substitute faded!</small><br></div><div class="battle-history"><small>The opposing Armaldo lost some of its HP!</small><br></div><div class="spacer battle-history"><br></div><div class="battle-history"><small>Gourgeist restored a little HP using its Leftovers!</small><br></div><div class="battle-history"><small>The opposing Armaldo's health is sapped by Leech Seed!</small><br></div><div class="battle-history"><small>The opposing Armaldo was hurt by poison!</small><br></div><div class="spacer battle-history"><br></div><h2 class="battle-history">Turn 10</h2><div class="spacer battle-history"><br></div><div class="battle-history">Gourgeist used <strong>Substitute</strong>!<br></div><div class="battle-history"><small>Gourgeist put in a substitute!</small><br></div><div class="battle-history"><small>(Gourgeist lost <abbr title="−72/289">24.9%</abbr> of its health!)</small><br></div><div class="spacer battle-history"><br></div><div class="battle-history">The opposing Armaldo used <strong>X-Scissor</strong>!<br></div><div class="battle-history"><small>Gourgeist's substitute faded!</small><br></div><div class="battle-history"><small>The opposing Armaldo lost some of its HP!</small><br></div><div class="spacer battle-history"><br></div><div class="battle-history"><small>Gourgeist restored a little HP using its Leftovers!</small><br></div><div class="battle-history"><small>The opposing Armaldo's health is sapped by Leech Seed!</small><br></div><div class="spacer battle-history"><br></div><div class="battle-history">The opposing Armaldo fainted!<br></div><div class="spacer battle-history"><br></div><div class="battle-history">Gallons sent out <strong>Luxray</strong>!<br></div><div class="battle-history"><small>[The opposing Luxray's Intimidate]</small><br></div><div class="battle-history"><small>Gourgeist's Attack fell!</small><br></div><div class="battle-history"><small>The opposing Luxray floats in the air with its Air Balloon!</small><br></div><div class="spacer battle-history"><br></div><h2 class="battle-history">Turn 11</h2><div class="spacer battle-history"><br></div><div class="battle-history">Gourgeist used <strong>Will-O-Wisp</strong>!<br></div><div class="battle-history"><small>The opposing Luxray was burned!</small><br></div><div class="spacer battle-history"><br></div><div class="battle-history">The opposing Luxray used <strong>Crunch</strong>!<br></div><div class="battle-history"><small>It's super effective!</small><br></div><div class="battle-history"><small>(Gourgeist lost <abbr title="−82/289">28.4%</abbr> of its health!)</small><br></div><div class="spacer battle-history"><br></div><div class="battle-history"><small>Gourgeist restored a little HP using its Leftovers!</small><br></div><div class="battle-history"><small>The opposing Luxray was hurt by its burn!</small><br></div><div class="spacer battle-history"><br></div><h2 class="battle-history">Turn 12</h2><div class="chat chatmessage-2xthetap"><strong style="color:hsl(356,51%,50.948703188140954%)"><small>☆</small><span class="username" data-name="2xTheTap">2xTheTap</span>:</strong> <em>watch this</em></div><div class="spacer battle-history"><br></div><div class="battle-history">Gourgeist used <strong>Skill Swap</strong>!<br></div><div class="battle-history"><small>[Gourgeist's Intimidate]</small><br><small>[The opposing Luxray's Frisk]</small><br><small>Gourgeist swapped Abilities with its target!</small><br></div><div class="battle-history"><small>[Gourgeist's Intimidate]</small><br></div><div class="battle-history"><small>The opposing Luxray's Attack fell!</small><br></div><div class="battle-history"><small>[The opposing Luxray's Frisk]</small><br><small>The opposing Luxray frisked Gourgeist and found its Leftovers!</small><br></div><div class="spacer battle-history"><br></div><div class="battle-history">The opposing Luxray used <strong>Thunderbolt</strong>!<br></div><div class="battle-history"><small>It's not very effective...</small><br></div><div class="battle-history"><small>(Gourgeist lost <abbr title="−68/289">23.5%</abbr> of its health!)</small><br></div><div class="spacer battle-history"><br></div><div class="battle-history"><small>Gourgeist restored a little HP using its Leftovers!</small><br></div><div class="battle-history"><small>The opposing Luxray was hurt by its burn!</small><br></div><div class="spacer battle-history"><br></div><h2 class="battle-history">Turn 13</h2><div class="chat chatmessage-lordst"><strong style="color:hsl(5,52%,47%)"><small>+</small><span class="username" data-name="LordST">LordST</span>:</strong> <em>jokes on you</em></div><div class="chat chatmessage-chrisloud"><strong style="color:hsl(98,63%,38%)"><small> </small><span class="username" data-name="Chrisloud">Chrisloud</span>:</strong> <em>mixed</em></div><div class="spacer battle-history"><br></div><div class="battle-history">Gourgeist used <strong>Leech Seed</strong>!<br></div><div class="battle-history"><small>The opposing Luxray was seeded!</small><br></div><div class="spacer battle-history"><br></div><div class="battle-history">The opposing Luxray used <strong>Thunderbolt</strong>!<br></div><div class="battle-history"><small>It's not very effective...</small><br></div><div class="battle-history"><small>(Gourgeist lost <abbr title="−56/289">19.4%</abbr> of its health!)</small><br></div><div class="spacer battle-history"><br></div><div class="battle-history">Gourgeist fainted!<br></div><div class="spacer battle-history"><br></div><div class="battle-history"><small>The opposing Luxray was hurt by its burn!</small><br></div><div class="chat chatmessage-lordst"><strong style="color:hsl(5,52%,47%)"><small>+</small><span class="username" data-name="LordST">LordST</span>:</strong> <em>special luxray doesnt care</em></div><div class="chat chatmessage-lordst"><strong style="color:hsl(5,52%,47%)"><small>+</small><span class="username" data-name="LordST">LordST</span>:</strong> <em>lmao</em></div><div class="chat chatmessage-2xthetap"><strong style="color:hsl(356,51%,50.948703188140954%)"><small>☆</small><span class="username" data-name="2xTheTap">2xTheTap</span>:</strong> <em>lol</em></div><div class="chat chatmessage-chrisloud"><strong style="color:hsl(98,63%,38%)"><small> </small><span class="username" data-name="Chrisloud">Chrisloud</span>:</strong> <em>countered</em></div><div class="chat chatmessage-2xthetap"><strong style="color:hsl(356,51%,50.948703188140954%)"><small>☆</small><span class="username" data-name="2xTheTap">2xTheTap</span>:</strong> <em>it's true</em></div><div class="chat chatmessage-2xthetap"><strong style="color:hsl(356,51%,50.948703188140954%)"><small>☆</small><span class="username" data-name="2xTheTap">2xTheTap</span>:</strong> <em>this is a ct</em></div><div class="spacer battle-history"><br></div><div class="battle-history">Go! <strong>Golem</strong>!<br></div><div class="spacer battle-history"><br></div><h2 class="battle-history">Turn 14</h2><div class="chat chatmessage-chrisloud"><strong style="color:hsl(98,63%,38%)"><small> </small><span class="username" data-name="Chrisloud">Chrisloud</span>:</strong> <em>he just lured your lure</em></div><div class="chat chatmessage-chrisloud"><strong style="color:hsl(98,63%,38%)"><small> </small><span class="username" data-name="Chrisloud">Chrisloud</span>:</strong> <em>how do you feel</em></div><div class="spacer battle-history"><br></div><div class="battle-history">The opposing Luxray used <strong>Superpower</strong>!<br></div><div class="battle-history"><small>It's super effective!</small><br></div><div class="battle-history"><small>(Golem lost <abbr title="−81/363">22.3%</abbr> of its health!)</small><br></div><div class="battle-history"><small>The opposing Luxray's Attack fell!</small><br></div><div class="battle-history"><small>The opposing Luxray's Defense fell!</small><br></div><div class="spacer battle-history"><br></div><div class="battle-history">Golem used <strong>Stone Edge</strong>!<br></div><div class="battle-history"><small>(The opposing Luxray lost <abbr title="−229/364">62.9%</abbr> of its health!)</small><br></div><div class="battle-history"><small>The opposing Luxray's Air Balloon popped!</small><br></div><div class="spacer battle-history"><br></div><div class="battle-history">The opposing Luxray fainted!<br></div><div class="spacer battle-history"><br></div><div class="battle-history"><small>Golem restored a little HP using its Leftovers!</small><br></div><div class="chat chatmessage-2xthetap"><strong style="color:hsl(356,51%,50.948703188140954%)"><small>☆</small><span class="username" data-name="2xTheTap">2xTheTap</span>:</strong> <em>kind of yucky</em></div><div class="spacer battle-history"><br></div><div class="battle-history">Gallons sent out <strong>Relicanth</strong>!<br></div><div class="battle-history"><small>The opposing Relicanth was poisoned!</small><br></div><div class="spacer battle-history"><br></div><h2 class="battle-history">Turn 15</h2><div class="chat chatmessage-lordst"><strong style="color:hsl(5,52%,47%)"><small>+</small><span class="username" data-name="LordST">LordST</span>:</strong> <em>your right tap</em></div><div class="chat chatmessage-lordst"><strong style="color:hsl(5,52%,47%)"><small>+</small><span class="username" data-name="LordST">LordST</span>:</strong> <em>more people should play ladder</em></div><div class="spacer battle-history"><br></div><div class="battle-history">The opposing Relicanth used <strong>Aqua Tail</strong>!<br></div><div class="battle-history"><small>It's super effective!</small><br></div><div class="battle-history"><small>(Golem lost <abbr title="−304/363">83.7%</abbr> of its health!)</small><br></div><div class="spacer battle-history"><br></div><div class="battle-history">Golem fainted!<br></div><div class="spacer battle-history"><br></div><div class="battle-history"><small>The opposing Relicanth was hurt by poison!</small><br></div><div class="chat chatmessage-lordst"><strong style="color:hsl(5,52%,47%)"><small>+</small><span class="username" data-name="LordST">LordST</span>:</strong> <em>for high quality games liek this</em></div><div class="chat chatmessage-2xthetap"><strong style="color:hsl(356,51%,50.948703188140954%)"><small>☆</small><span class="username" data-name="2xTheTap">2xTheTap</span>:</strong> <em>there's literally no reason not to</em></div><div class="chat chatmessage-2xthetap"><strong style="color:hsl(356,51%,50.948703188140954%)"><small>☆</small><span class="username" data-name="2xTheTap">2xTheTap</span>:</strong> <em>if sm pu isn't out</em></div><div class="chat chatmessage-chrisloud"><strong style="color:hsl(98,63%,38%)"><small> </small><span class="username" data-name="Chrisloud">Chrisloud</span>:</strong> <em>I do it osmetimes</em></div><div class="chat chatmessage-chrisloud"><strong style="color:hsl(98,63%,38%)"><small> </small><span class="username" data-name="Chrisloud">Chrisloud</span>:</strong> <em>i wait 20 hours</em></div><div class="spacer battle-history"><br></div><div class="battle-history">Go! <strong>Misdreavus</strong>!<br></div><div class="spacer battle-history"><br></div><h2 class="battle-history">Turn 16</h2><div class="chat chatmessage-lordst"><strong style="color:hsl(5,52%,47%)"><small>+</small><span class="username" data-name="LordST">LordST</span>:</strong> <em>except other morecinteresting metas...</em></div><div class="chat chatmessage-chrisloud"><strong style="color:hsl(98,63%,38%)"><small> </small><span class="username" data-name="Chrisloud">Chrisloud</span>:</strong> <em>no matches</em></div><div class="chat chatmessage-chrisloud"><strong style="color:hsl(98,63%,38%)"><small> </small><span class="username" data-name="Chrisloud">Chrisloud</span>:</strong> <em>i leave</em></div><div class="chat chatmessage-chrisloud"><strong style="color:hsl(98,63%,38%)"><small> </small><span class="username" data-name="Chrisloud">Chrisloud</span>:</strong> <em>y cry</em></div><div class="chat chatmessage-chrisloud"><strong style="color:hsl(98,63%,38%)"><small> </small><span class="username" data-name="Chrisloud">Chrisloud</span>:</strong> <em>I*</em></div><div class="spacer battle-history"><br></div><div class="battle-history">Misdreavus used <strong>Hex</strong>!<br></div><div class="battle-history"><small>A critical hit!</small><br></div><div class="battle-history"><small>(The opposing Relicanth lost <abbr title="−354/404">87.6%</abbr> of its health!)</small><br></div><div class="spacer battle-history"><br></div><div class="battle-history">The opposing Relicanth fainted!<br></div><div class="spacer battle-history"><br></div><div class="battle-history">Gallons sent out <strong>Shedinja</strong>!<br></div><div class="battle-history"><small>The opposing Shedinja was poisoned!</small><br></div><div class="spacer battle-history"><br></div><h2 class="battle-history">Turn 17</h2><div class="spacer battle-history"><br></div><div class="battle-history">Misdreavus, come back!<br></div><div class="battle-history">Go! <strong>Bouffalant</strong>!<br></div><div class="spacer battle-history"><br></div><div class="battle-history">The opposing Shedinja used <strong>Toxic</strong>!<br></div><div class="battle-history"><small>Bouffalant avoided the attack!</small><br></div><div class="spacer battle-history"><br></div><div class="battle-history"><small>The opposing Shedinja was hurt by poison!</small><br></div><div class="spacer battle-history"><br></div><div class="battle-history">The opposing Shedinja fainted!<br></div><div class="spacer battle-history"><br></div><div class="battle-history"><strong>2xTheTap</strong> won the battle!<br></div><div class="chat"><small>TIBot left.</small></div><div class="chat"><small>Chrisloud left.</small></div><div class="chat chatmessage-gallons"><strong style="color:hsl(356,67%,46.98671619761265%)"><small>☆</small><span class="username" data-name="Gallons">Gallons</span>:</strong> <em>no chANCE</em></div><div class="chat"><small>Gallons left.</small></div><div class="chat chatmessage-2xthetap"><strong style="color:hsl(356,51%,50.948703188140954%)"><small>☆</small><span class="username" data-name="2xTheTap">2xTheTap</span>:</strong> <em>gg</em></div><div class="chat"><small>LordST left.</small></div></div><div class="inner-preempt"></div></div></div>
</div>
<script>
let daily = Math.floor(Date.now()/1000/60/60/24);document.write('<script src="https://play.pokemonshowdown.com/js/replay-embed.js?version'+daily+'"></'+'script>');
</script>
