<!DOCTYPE html>
<meta charset="utf-8" />
<!-- version 1 -->
<title>PU replay: Irpachuza vs. banned Tatu</title>
<style>
html,body {font-family:Verdana, sans-serif;font-size:10pt;margin:0;padding:0;}body{padding:12px 0;} .battle-log {font-family:Verdana, sans-serif;font-size:10pt;} .battle-log-inline {border:1px solid #AAAAAA;background:#EEF2F5;color:black;max-width:640px;margin:0 auto 80px;padding-bottom:5px;} .battle-log .inner {padding:4px 8px 0px 8px;} .battle-log .inner-preempt {padding:0 8px 4px 8px;} .battle-log .inner-after {margin-top:0.5em;} .battle-log h2 {margin:0.5em -8px;padding:4px 8px;border:1px solid #AAAAAA;background:#E0E7EA;border-left:0;border-right:0;font-family:Verdana, sans-serif;font-size:13pt;} .battle-log .chat {vertical-align:middle;padding:3px 0 3px 0;font-size:8pt;} .battle-log .chat strong {color:#40576A;} .battle-log .chat em {padding:1px 4px 1px 3px;color:#000000;font-style:normal;} .chat.mine {background:rgba(0,0,0,0.05);margin-left:-8px;margin-right:-8px;padding-left:8px;padding-right:8px;} .spoiler {color:#BBBBBB;background:#BBBBBB;padding:0px 3px;} .spoiler:hover, .spoiler:active, .spoiler-shown {color:#000000;background:#E2E2E2;padding:0px 3px;} .spoiler a {color:#BBBBBB;} .spoiler:hover a, .spoiler:active a, .spoiler-shown a {color:#2288CC;} .chat code, .chat .spoiler:hover code, .chat .spoiler:active code, .chat .spoiler-shown code {border:1px solid #C0C0C0;background:#EEEEEE;color:black;padding:0 2px;} .chat .spoiler code {border:1px solid #CCCCCC;background:#CCCCCC;color:#CCCCCC;} .battle-log .rated {padding:3px 4px;} .battle-log .rated strong {color:white;background:#89A;padding:1px 4px;border-radius:4px;} .spacer {margin-top:0.5em;} .message-announce {background:#6688AA;color:white;padding:1px 4px 2px;} .message-announce a, .broadcast-green a, .broadcast-blue a, .broadcast-red a {color:#DDEEFF;} .broadcast-green {background-color:#559955;color:white;padding:2px 4px;} .broadcast-blue {background-color:#6688AA;color:white;padding:2px 4px;} .infobox {border:1px solid #6688AA;padding:2px 4px;} .infobox-limited {max-height:200px;overflow:auto;overflow-x:hidden;} .broadcast-red {background-color:#AA5544;color:white;padding:2px 4px;} .message-learn-canlearn {font-weight:bold;color:#228822;text-decoration:underline;} .message-learn-cannotlearn {font-weight:bold;color:#CC2222;text-decoration:underline;} .message-effect-weak {font-weight:bold;color:#CC2222;} .message-effect-resist {font-weight:bold;color:#6688AA;} .message-effect-immune {font-weight:bold;color:#666666;} .message-learn-list {margin-top:0;margin-bottom:0;} .message-throttle-notice, .message-error {color:#992222;} .message-overflow, .chat small.message-overflow {font-size:0pt;} .message-overflow::before {font-size:9pt;content:'...';} .subtle {color:#3A4A66;}
</style>
<div class="wrapper replay-wrapper" style="max-width:1180px;margin:0 auto">
<input type="hidden" name="replayid" value="pu-554494320" />
<div class="battle"></div><div class="battle-log"></div><div class="replay-controls"></div><div class="replay-controls-2"></div>
<h1 style="font-weight:normal;text-align:center"><strong>PU</strong><br /><a href="http://pokemonshowdown.com/users/irpachuza" class="subtle" target="_blank">Irpachuza</a> vs. <a href="http://pokemonshowdown.com/users/bannedtatu" class="subtle" target="_blank">banned Tatu</a></h1>
<script type="text/plain" class="battle-log-data">|j|Irpachuza
|j|banned Tatu
|player|p1|Irpachuza|1
|player|p2|banned Tatu|225
|gametype|singles
|gen|6
|tier|PU
|seed|31449,2224,19803,59599
|rule|Sleep Clause Mod: Limit one foe put to sleep
|rule|Species Clause: Limit one of each Pokémon
|rule|OHKO Clause: OHKO moves are banned
|rule|Moody Clause: Moody is banned
|rule|Evasion Moves Clause: Evasion moves are banned
|rule|Endless Battle Clause: Forcing endless battles is banned
|rule|HP Percentage Mod: HP is shown in percentages
|clearpoke
|poke|p1|Mr. Mime, M|item
|poke|p1|Cryogonal|item
|poke|p1|Duosion, F|item
|poke|p1|Leavanny, F|item
|poke|p1|Muk, M|item
|poke|p1|Golem, F|item
|poke|p2|Electrode|item
|poke|p2|Muk, F|item
|poke|p2|Monferno, M|item
|poke|p2|Avalugg, F|item
|poke|p2|Tangela, F|item
|poke|p2|Frogadier, F|item
|rule|Swagger Clause: Swagger is banned
|rule|Baton Pass Clause: Limit one Baton Passer, can't pass Spe and other stats simultaneously
|teampreview
|j|TIBot
|j|ToasterCoaster
|c|☆Irpachuza|gl
|c|☆banned Tatu|same m8
|choice|team 1, team 2, team 3, team 4, team 5, team 6|team 1, team 2, team 3, team 4, team 5, team 6
|
|start
|switch|p1a: Mr. Mime|Mr. Mime, M|221\/221
|switch|p2a: Electrode|Electrode|262\/262
|-item|p2a: Electrode|Air Balloon
|turn|1
|j|L o r d S T
|choice|move trick|move voltswitch
|
|move|p2a: Electrode|Volt Switch|p1a: Mr. Mime
|-damage|p1a: Mr. Mime|133\/221
|l|L o r d S T
|choice||switch 2
|
|switch|p2a: Muk|Muk, F|414\/414
|move|p1a: Mr. Mime|Trick|p2a: Muk
|-activate|p1a: Mr. Mime|move: Trick|[of] p2a: Muk
|-item|p2a: Muk|Choice Specs|[from] move: Trick
|-item|p1a: Mr. Mime|Black Sludge|[from] move: Trick
|
|-damage|p1a: Mr. Mime|106\/221|[from] item: Black Sludge
|upkeep
|turn|2
|j|shpore
|choice|move psyshock|move shadowsneak
|
|move|p2a: Muk|Shadow Sneak|p1a: Mr. Mime
|-supereffective|p1a: Mr. Mime
|-damage|p1a: Mr. Mime|8\/221
|move|p1a: Mr. Mime|Psyshock|p2a: Muk
|-supereffective|p2a: Muk
|-damage|p2a: Muk|100\/414
|
|-damage|p1a: Mr. Mime|0 fnt|[from] item: Black Sludge
|upkeep
|faint|p1a: Mr. Mime
|choice|switch 4|
|
|switch|p1a: Leavanny|Leavanny, F|291\/291
|turn|3
|choice|move stickyweb|switch 4
|
|switch|p2a: Luke Cage|Avalugg, F|394\/394
|move|p1a: Leavanny|Sticky Web|p2a: Luke Cage
|-sidestart|p2: banned Tatu|move: Sticky Web
|
|upkeep
|turn|4
|choice|switch 2|move rapidspin
|
|switch|p1a: Cryogonal|Cryogonal|281\/281
|move|p2a: Luke Cage|Rapid Spin|p1a: Cryogonal
|-damage|p1a: Cryogonal|233\/281
|-sideend|p2: banned Tatu|Sticky Web|[from] move: Rapid Spin|[of] p2a: Luke Cage
|
|-heal|p1a: Cryogonal|250\/281|[from] item: Leftovers
|upkeep
|turn|5
|j|pinktidal
|choice|move hiddenpower|move toxic
|
|move|p1a: Cryogonal|Hidden Power|p2a: Luke Cage
|-supereffective|p2a: Luke Cage
|-damage|p2a: Luke Cage|202\/394
|move|p2a: Luke Cage|Toxic|p1a: Cryogonal
|-status|p1a: Cryogonal|tox
|
|-heal|p1a: Cryogonal|267\/281 tox|[from] item: Leftovers
|-damage|p1a: Cryogonal|250\/281 tox|[from] psn
|upkeep
|turn|6
|choice|move hiddenpower|switch 4
|
|switch|p2a: Muk|Muk, F|100\/414
|move|p1a: Cryogonal|Hidden Power|p2a: Muk
|-resisted|p2a: Muk
|-damage|p2a: Muk|81\/414
|
|-heal|p1a: Cryogonal|267\/281 tox|[from] item: Leftovers
|-damage|p1a: Cryogonal|233\/281 tox|[from] psn
|upkeep
|turn|7
|j|PokemonMasterTJ
|c| shpore|Look at this net that i just found
|choice|move freezedry|move shadowsneak
|
|move|p2a: Muk|Shadow Sneak|p1a: Cryogonal
|-damage|p1a: Cryogonal|157\/281 tox
|move|p1a: Cryogonal|Freeze-Dry|p2a: Muk
|-damage|p2a: Muk|5\/414
|
|-heal|p1a: Cryogonal|174\/281 tox|[from] item: Leftovers
|-damage|p1a: Cryogonal|123\/281 tox|[from] psn
|upkeep
|turn|8
|choice|move recover|move shadowsneak
|
|move|p2a: Muk|Shadow Sneak|p1a: Cryogonal
|-damage|p1a: Cryogonal|46\/281 tox
|move|p1a: Cryogonal|Recover|p1a: Cryogonal
|-heal|p1a: Cryogonal|187\/281 tox
|
|-heal|p1a: Cryogonal|204\/281 tox|[from] item: Leftovers
|-damage|p1a: Cryogonal|136\/281 tox|[from] psn
|upkeep
|turn|9
|choice|move freezedry|move shadowsneak
|
|move|p2a: Muk|Shadow Sneak|p1a: Cryogonal
|-damage|p1a: Cryogonal|60\/281 tox
|move|p1a: Cryogonal|Freeze-Dry|p2a: Muk
|-damage|p2a: Muk|0 fnt
|faint|p2a: Muk
|
|-heal|p1a: Cryogonal|77\/281 tox|[from] item: Leftovers
|-damage|p1a: Cryogonal|0 fnt|[from] psn
|upkeep
|faint|p1a: Cryogonal
|choice|switch 6|switch 2
|
|switch|p2a: Electrode|Electrode|262\/262
|switch|p1a: Golem|Golem, F|301\/301
|-item|p2a: Electrode|Air Balloon
|turn|10
|choice|move stoneedge|move toxic
|
|move|p2a: Electrode|Toxic|p1a: Golem
|-status|p1a: Golem|tox
|move|p1a: Golem|Stone Edge|p2a: Electrode
|-damage|p2a: Electrode|22\/262
|-enditem|p2a: Electrode|Air Balloon
|
|-damage|p1a: Golem|283\/301 tox|[from] psn
|upkeep
|turn|11
|choice|move earthquake|switch 5
|
|switch|p2a: Tangela|Tangela, F|272\/272
|move|p1a: Golem|Earthquake|p2a: Tangela
|-resisted|p2a: Tangela
|-damage|p2a: Tangela|225\/272
|
|-damage|p1a: Golem|247\/301 tox|[from] psn
|upkeep
|turn|12
|c| shpore|Oh my
|choice|move explosion|move leechseed
|
|move|p1a: Golem|Explosion|p2a: Tangela
|-damage|p2a: Tangela|67\/272
|faint|p1a: Golem
|move|p2a: Tangela|Leech Seed|p1: Golem|[notarget]
|-notarget
|
|upkeep
|choice|switch 2|
|
|switch|p1a: Leavanny|Leavanny, F|291\/291
|turn|13
|l|pinktidal
|choice|move knockoff|switch 4
|
|switch|p2a: Luke Cage|Avalugg, F|202\/394
|move|p1a: Leavanny|Knock Off|p2a: Luke Cage
|-damage|p2a: Luke Cage|154\/394
|-damage|p1a: Leavanny|243\/291|[from] item: Rocky Helmet|[of] p2a: Luke Cage
|-enditem|p2a: Luke Cage|Rocky Helmet|[from] move: Knock Off|[of] p1a: Leavanny
|
|upkeep
|turn|14
|choice|move electroweb|move recover
|
|move|p1a: Leavanny|Electroweb|p2a: Luke Cage
|-damage|p2a: Luke Cage|99\/394
|-unboost|p2a: Luke Cage|spe|1
|move|p2a: Luke Cage|Recover|p2a: Luke Cage
|-heal|p2a: Luke Cage|296\/394
|
|upkeep
|turn|15
|choice|switch 3|move avalanche
|
|switch|p1a: Duosion|Duosion, F|334\/334
|move|p2a: Luke Cage|Avalanche|p1a: Duosion
|-damage|p1a: Duosion|280\/334
|
|upkeep
|turn|16
|choice|move calmmind|switch 5
|
|switch|p2a: Electrode|Electrode|22\/262
|move|p1a: Duosion|Calm Mind|p1a: Duosion
|-boost|p1a: Duosion|spa|1
|-boost|p1a: Duosion|spd|1
|
|upkeep
|turn|17
|choice|move psyshock|move voltswitch
|
|move|p2a: Electrode|Volt Switch|p1a: Duosion
|-damage|p1a: Duosion|211\/334
|choice||switch 6
|
|switch|p2a: Frogadier|Frogadier, F|250\/250
|move|p1a: Duosion|Psyshock|p2a: Frogadier
|-damage|p2a: Frogadier|0 fnt
|faint|p2a: Frogadier
|
|upkeep
|c| shpore|??????????????????
|c|☆banned Tatu|lol is not dark type
|c| shpore|I know
|c| shpore|I wasn't expecting ohko though
|c|☆Irpachuza|Duosion is bae
|choice||switch 3
|
|switch|p2a: Danny Rand|Monferno, M|269\/269
|turn|18
|j|Fresh Pine Smell
|choice|move psyshock|move taunt
|
|move|p2a: Danny Rand|Taunt|p1a: Duosion
|-start|p1a: Duosion|move: Taunt
|move|p1a: Duosion|Psyshock|p2a: Danny Rand
|-supereffective|p2a: Danny Rand
|-enditem|p2a: Danny Rand|Focus Sash
|-damage|p2a: Danny Rand|1\/269
|
|upkeep
|turn|19
|choice|move psyshock|move fireblast
|
|move|p2a: Danny Rand|Fire Blast|p1a: Duosion
|-damage|p1a: Duosion|103\/334
|move|p1a: Duosion|Psyshock|p2a: Danny Rand
|-supereffective|p2a: Danny Rand
|-damage|p2a: Danny Rand|0 fnt
|faint|p2a: Danny Rand
|
|upkeep
|choice||switch 5
|
|switch|p2a: Luke Cage|Avalugg, F|296\/394
|turn|20
|choice|move psyshock|move avalanche
|
|move|p1a: Duosion|Psyshock|p2a: Luke Cage
|-damage|p2a: Luke Cage|215\/394
|move|p2a: Luke Cage|Avalanche|p1a: Duosion
|-damage|p1a: Duosion|0 fnt
|faint|p1a: Duosion
|
|upkeep
|choice|switch 5|
|
|switch|p1a: Muk|Muk, M|414\/414
|turn|21
|c| Fresh Pine Smell|+1 0 SpA Duosion Psyshock vs. 0 HP \/ 4 Def Frogadier: 262-309 (105.2 - 124%) -- guaranteed OHKO
|choice|move firepunch|move avalanche
|
|move|p1a: Muk|Fire Punch|p2a: Luke Cage
|-supereffective|p2a: Luke Cage
|-crit|p2a: Luke Cage
|-damage|p2a: Luke Cage|93\/394
|-status|p2a: Luke Cage|psn|[from] ability: Poison Touch|[of] p1a: Muk
|move|p2a: Luke Cage|Avalanche|p1a: Muk
|-damage|p1a: Muk|227\/414
|
|-damage|p2a: Luke Cage|44\/394 psn|[from] psn
|upkeep
|turn|22
|choice|move firepunch|move recover
|
|move|p1a: Muk|Fire Punch|p2a: Luke Cage
|-supereffective|p2a: Luke Cage
|-crit|p2a: Luke Cage
|-damage|p2a: Luke Cage|0 fnt
|faint|p2a: Luke Cage
|
|upkeep
|j|UBERSkitty
|choice||switch 4
|
|switch|p2a: Tangela|Tangela, F|67\/272
|turn|23
|choice|move firepunch|move synthesis
|
|move|p2a: Tangela|Synthesis|p2a: Tangela
|-heal|p2a: Tangela|203\/272
|move|p1a: Muk|Fire Punch|p2a: Tangela
|-supereffective|p2a: Tangela
|-damage|p2a: Tangela|125\/272
|
|upkeep
|turn|24
|choice|move gunkshot|move leechseed
|
|move|p2a: Tangela|Leech Seed|p1a: Muk
|-start|p1a: Muk|move: Leech Seed
|move|p1a: Muk|Gunk Shot|p2a: Tangela
|-supereffective|p2a: Tangela
|-damage|p2a: Tangela|0 fnt
|faint|p2a: Tangela
|
|upkeep
|choice||switch 6
|
|switch|p2a: Electrode|Electrode|22\/262
|turn|25
|j|pious swine
|choice|move shadowsneak|move foulplay
|
|move|p1a: Muk|Shadow Sneak|p2a: Electrode
|-damage|p2a: Electrode|0 fnt
|-damage|p1a: Muk|124\/414|[from] ability: Aftermath|[of] p2a: Electrode
|faint|p2a: Electrode
|
|win|Irpachuza
|l|TIBot
|c|☆Irpachuza|gg
|l|UBERSkitty
|c|☆banned Tatu|gg
|l|pious swine
|l|banned Tatu
|l|shpore
|l|ToasterCoaster</script>
</div>
<div class="battle-log battle-log-inline"><div class="inner"><div class="battle-options"></div><div class="inner"><div class="chat"><small>Irpachuza joined.</small></div><div class="chat"><small>banned Tatu joined.</small></div><div class=""><small>Format:</small> <br><strong>PU</strong></div><div class=""><small><em>Sleep Clause Mod:</em> Limit one foe put to sleep</small></div><div class=""><small><em>Species Clause:</em> Limit one of each Pokémon</small></div><div class=""><small><em>OHKO Clause:</em> OHKO moves are banned</small></div><div class=""><small><em>Moody Clause:</em> Moody is banned</small></div><div class=""><small><em>Evasion Moves Clause:</em> Evasion moves are banned</small></div><div class=""><small><em>Endless Battle Clause:</em> Forcing endless battles is banned</small></div><div class=""><small><em>HP Percentage Mod:</em> HP is shown in percentages</small></div><div class=""><small><em>Swagger Clause:</em> Swagger is banned</small></div><div class=""><small><em>Baton Pass Clause:</em> Limit one Baton Passer, can't pass Spe and other stats simultaneously</small></div><div class="chat battle-history"><strong>Irpachuza's team:</strong> <em style="color:#445566;display:block;">Mr. Mime / Cryogonal / Duosion / Leavanny / Muk / Golem</em></div><div class="chat battle-history"><strong>banned Tatu's team:</strong> <em style="color:#445566;display:block;">Electrode / Muk / Monferno / Avalugg / Tangela / Frogadier</em></div><div class="chat"><small>TIBot joined.</small></div><div class="chat"><small>ToasterCoaster joined.</small></div><div class="chat chatmessage-irpachuza"><strong style="color:hsl(298,59%,43%)"><small>☆</small><span class="username" data-name="Irpachuza">Irpachuza</span>:</strong> <em>gl</em></div><div class="chat chatmessage-bannedtatu"><strong style="color:hsl(93,62%,31%)"><small>☆</small><span class="username" data-name="banned Tatu">banned Tatu</span>:</strong> <em>same m8</em></div><div class="spacer battle-history"><br></div><div class="battle-history">Battle started between Irpachuza and banned Tatu!<br></div><div class="spacer battle-history"><br></div><div class="battle-history">Go! <strong>Mr. Mime</strong>!<br></div><div class="spacer battle-history"><br></div><div class="battle-history">banned Tatu sent out <strong>Electrode</strong>!<br></div><div class="battle-history"><small>The opposing Electrode floats in the air with its Air Balloon!</small><br></div><div class="spacer battle-history"><br></div><h2 class="battle-history">Turn 1</h2><div class="chat"><small>L o r d S T joined.</small></div><div class="spacer battle-history"><br></div><div class="battle-history">The opposing Electrode used <strong>Volt Switch</strong>!<br></div><div class="battle-history"><small>(Mr. Mime lost <abbr title="−88/221">39.8%</abbr> of its health!)</small><br></div><div class="chat"><small>L o r d S T left.</small></div><div class="spacer battle-history"><br></div><div class="battle-history">The opposing Electrode went back to banned Tatu!<br></div><div class="battle-history">banned Tatu sent out <strong>Muk</strong>!<br></div><div class="spacer battle-history"><br></div><div class="battle-history">Mr. Mime used <strong>Trick</strong>!<br></div><div class="battle-history"><small>Mr. Mime switched items with its target!</small><br></div><div class="battle-history"><small>The opposing Muk obtained one Choice Specs.</small><br></div><div class="battle-history"><small>Mr. Mime obtained one Black Sludge.</small><br></div><div class="spacer battle-history"><br></div><div class="battle-history"><small>Mr. Mime is hurt by its Black Sludge!</small><br></div><div class="spacer battle-history"><br></div><h2 class="battle-history">Turn 2</h2><div class="chat"><small>shpore joined.</small></div><div class="spacer battle-history"><br></div><div class="battle-history">The opposing Muk used <strong>Shadow Sneak</strong>!<br></div><div class="battle-history"><small>It's super effective!</small><br></div><div class="battle-history"><small>(Mr. Mime lost <abbr title="−98/221">44.3%</abbr> of its health!)</small><br></div><div class="spacer battle-history"><br></div><div class="battle-history">Mr. Mime used <strong>Psyshock</strong>!<br></div><div class="battle-history"><small>It's super effective!</small><br></div><div class="battle-history"><small>(The opposing Muk lost <abbr title="−314/414">75.8%</abbr> of its health!)</small><br></div><div class="spacer battle-history"><br></div><div class="battle-history"><small>Mr. Mime is hurt by its Black Sludge!</small><br></div><div class="spacer battle-history"><br></div><div class="battle-history">Mr. Mime fainted!<br></div><div class="spacer battle-history"><br></div><div class="battle-history">Go! <strong>Leavanny</strong>!<br></div><div class="spacer battle-history"><br></div><h2 class="battle-history">Turn 3</h2><div class="spacer battle-history"><br></div><div class="battle-history">banned Tatu withdrew Muk!<br></div><div class="battle-history">banned Tatu sent out Luke Cage (<strong>Avalugg</strong>)!<br></div><div class="spacer battle-history"><br></div><div class="battle-history">Leavanny used <strong>Sticky Web</strong>!<br></div><div class="battle-history"><small>A sticky web spreads out on the ground around the opposing team!</small><br></div><div class="spacer battle-history"><br></div><h2 class="battle-history">Turn 4</h2><div class="spacer battle-history"><br></div><div class="battle-history">Leavanny, come back!<br></div><div class="battle-history">Go! <strong>Cryogonal</strong>!<br></div><div class="spacer battle-history"><br></div><div class="battle-history">The opposing Luke Cage used <strong>Rapid Spin</strong>!<br></div><div class="battle-history"><small>(Cryogonal lost <abbr title="−48/281">17.1%</abbr> of its health!)</small><br></div><div class="battle-history"><small>The sticky web has disappeared from the ground around the opposing team!</small><br></div><div class="spacer battle-history"><br></div><div class="battle-history"><small>Cryogonal restored a little HP using its Leftovers!</small><br></div><div class="spacer battle-history"><br></div><h2 class="battle-history">Turn 5</h2><div class="chat"><small>pinktidal joined.</small></div><div class="spacer battle-history"><br></div><div class="battle-history">Cryogonal used <strong>Hidden Power</strong>!<br></div><div class="battle-history"><small>It's super effective!</small><br></div><div class="battle-history"><small>(The opposing Luke Cage lost <abbr title="−192/394">48.7%</abbr> of its health!)</small><br></div><div class="spacer battle-history"><br></div><div class="battle-history">The opposing Luke Cage used <strong>Toxic</strong>!<br></div><div class="battle-history"><small>Cryogonal was badly poisoned!</small><br></div><div class="spacer battle-history"><br></div><div class="battle-history"><small>Cryogonal restored a little HP using its Leftovers!</small><br></div><div class="battle-history"><small>Cryogonal was hurt by poison!</small><br></div><div class="spacer battle-history"><br></div><h2 class="battle-history">Turn 6</h2><div class="spacer battle-history"><br></div><div class="battle-history">banned Tatu withdrew Luke Cage!<br></div><div class="battle-history">banned Tatu sent out <strong>Muk</strong>!<br></div><div class="spacer battle-history"><br></div><div class="battle-history">Cryogonal used <strong>Hidden Power</strong>!<br></div><div class="battle-history"><small>It's not very effective...</small><br></div><div class="battle-history"><small>(The opposing Muk lost <abbr title="−19/414">4.6%</abbr> of its health!)</small><br></div><div class="spacer battle-history"><br></div><div class="battle-history"><small>Cryogonal restored a little HP using its Leftovers!</small><br></div><div class="battle-history"><small>Cryogonal was hurt by poison!</small><br></div><div class="spacer battle-history"><br></div><h2 class="battle-history">Turn 7</h2><div class="chat"><small>PokemonMasterTJ joined.</small></div><div class="chat chatmessage-shpore"><strong style="color:hsl(200,82%,44%)"><small> </small><span class="username" data-name="shpore">shpore</span>:</strong> <em>Look at this net that i just found</em></div><div class="spacer battle-history"><br></div><div class="battle-history">The opposing Muk used <strong>Shadow Sneak</strong>!<br></div><div class="battle-history"><small>(Cryogonal lost <abbr title="−76/281">27.0%</abbr> of its health!)</small><br></div><div class="spacer battle-history"><br></div><div class="battle-history">Cryogonal used <strong>Freeze-Dry</strong>!<br></div><div class="battle-history"><small>(The opposing Muk lost <abbr title="−76/414">18.4%</abbr> of its health!)</small><br></div><div class="spacer battle-history"><br></div><div class="battle-history"><small>Cryogonal restored a little HP using its Leftovers!</small><br></div><div class="battle-history"><small>Cryogonal was hurt by poison!</small><br></div><div class="spacer battle-history"><br></div><h2 class="battle-history">Turn 8</h2><div class="spacer battle-history"><br></div><div class="battle-history">The opposing Muk used <strong>Shadow Sneak</strong>!<br></div><div class="battle-history"><small>(Cryogonal lost <abbr title="−77/281">27.4%</abbr> of its health!)</small><br></div><div class="spacer battle-history"><br></div><div class="battle-history">Cryogonal used <strong>Recover</strong>!<br></div><div class="battle-history"><small>Cryogonal restored its HP.</small><br></div><div class="spacer battle-history"><br></div><div class="battle-history"><small>Cryogonal restored a little HP using its Leftovers!</small><br></div><div class="battle-history"><small>Cryogonal was hurt by poison!</small><br></div><div class="spacer battle-history"><br></div><h2 class="battle-history">Turn 9</h2><div class="spacer battle-history"><br></div><div class="battle-history">The opposing Muk used <strong>Shadow Sneak</strong>!<br></div><div class="battle-history"><small>(Cryogonal lost <abbr title="−76/281">27.0%</abbr> of its health!)</small><br></div><div class="spacer battle-history"><br></div><div class="battle-history">Cryogonal used <strong>Freeze-Dry</strong>!<br></div><div class="battle-history"><small>(The opposing Muk lost <abbr title="−5/414">1.2%</abbr> of its health!)</small><br></div><div class="spacer battle-history"><br></div><div class="battle-history">The opposing Muk fainted!<br></div><div class="spacer battle-history"><br></div><div class="battle-history"><small>Cryogonal restored a little HP using its Leftovers!</small><br></div><div class="battle-history"><small>Cryogonal was hurt by poison!</small><br></div><div class="spacer battle-history"><br></div><div class="battle-history">Cryogonal fainted!<br></div><div class="spacer battle-history"><br></div><div class="battle-history">banned Tatu sent out <strong>Electrode</strong>!<br></div><div class="spacer battle-history"><br></div><div class="battle-history">Go! <strong>Golem</strong>!<br></div><div class="battle-history"><small>The opposing Electrode floats in the air with its Air Balloon!</small><br></div><div class="spacer battle-history"><br></div><h2 class="battle-history">Turn 10</h2><div class="spacer battle-history"><br></div><div class="battle-history">The opposing Electrode used <strong>Toxic</strong>!<br></div><div class="battle-history"><small>Golem was badly poisoned!</small><br></div><div class="spacer battle-history"><br></div><div class="battle-history">Golem used <strong>Stone Edge</strong>!<br></div><div class="battle-history"><small>(The opposing Electrode lost <abbr title="−240/262">91.6%</abbr> of its health!)</small><br></div><div class="battle-history"><small>The opposing Electrode's Air Balloon popped!</small><br></div><div class="spacer battle-history"><br></div><div class="battle-history"><small>Golem was hurt by poison!</small><br></div><div class="spacer battle-history"><br></div><h2 class="battle-history">Turn 11</h2><div class="spacer battle-history"><br></div><div class="battle-history">banned Tatu withdrew Electrode!<br></div><div class="battle-history">banned Tatu sent out <strong>Tangela</strong>!<br></div><div class="spacer battle-history"><br></div><div class="battle-history">Golem used <strong>Earthquake</strong>!<br></div><div class="battle-history"><small>It's not very effective...</small><br></div><div class="battle-history"><small>(The opposing Tangela lost <abbr title="−47/272">17.3%</abbr> of its health!)</small><br></div><div class="spacer battle-history"><br></div><div class="battle-history"><small>Golem was hurt by poison!</small><br></div><div class="spacer battle-history"><br></div><h2 class="battle-history">Turn 12</h2><div class="chat chatmessage-shpore"><strong style="color:hsl(200,82%,44%)"><small> </small><span class="username" data-name="shpore">shpore</span>:</strong> <em>Oh my</em></div><div class="spacer battle-history"><br></div><div class="battle-history">Golem used <strong>Explosion</strong>!<br></div><div class="battle-history"><small>(The opposing Tangela lost <abbr title="−158/272">58.1%</abbr> of its health!)</small><br></div><div class="spacer battle-history"><br></div><div class="battle-history">Golem fainted!<br></div><div class="battle-history">The opposing Tangela used <strong>Leech Seed</strong>!<br></div><div class="battle-history"><small>But there was no target...</small><br></div><div class="spacer battle-history"><br></div><div class="battle-history">Go! <strong>Leavanny</strong>!<br></div><div class="spacer battle-history"><br></div><h2 class="battle-history">Turn 13</h2><div class="chat"><small>pinktidal left.</small></div><div class="spacer battle-history"><br></div><div class="battle-history">banned Tatu withdrew Tangela!<br></div><div class="battle-history">banned Tatu sent out Luke Cage (<strong>Avalugg</strong>)!<br></div><div class="spacer battle-history"><br></div><div class="battle-history">Leavanny used <strong>Knock Off</strong>!<br></div><div class="battle-history"><small>(The opposing Luke Cage lost <abbr title="−48/394">12.2%</abbr> of its health!)</small><br></div><div class="battle-history"><small>Leavanny was hurt by the Rocky Helmet!</small><br></div><div class="battle-history"><small>Leavanny knocked off the opposing Luke Cage's Rocky Helmet!</small><br></div><div class="spacer battle-history"><br></div><h2 class="battle-history">Turn 14</h2><div class="spacer battle-history"><br></div><div class="battle-history">Leavanny used <strong>Electroweb</strong>!<br></div><div class="battle-history"><small>(The opposing Luke Cage lost <abbr title="−55/394">14.0%</abbr> of its health!)</small><br></div><div class="battle-history"><small>The opposing Luke Cage's Speed fell!</small><br></div><div class="spacer battle-history"><br></div><div class="battle-history">The opposing Luke Cage used <strong>Recover</strong>!<br></div><div class="battle-history"><small>The opposing Luke Cage restored its HP.</small><br></div><div class="spacer battle-history"><br></div><h2 class="battle-history">Turn 15</h2><div class="spacer battle-history"><br></div><div class="battle-history">Leavanny, come back!<br></div><div class="battle-history">Go! <strong>Duosion</strong>!<br></div><div class="spacer battle-history"><br></div><div class="battle-history">The opposing Luke Cage used <strong>Avalanche</strong>!<br></div><div class="battle-history"><small>(Duosion lost <abbr title="−54/334">16.2%</abbr> of its health!)</small><br></div><div class="spacer battle-history"><br></div><h2 class="battle-history">Turn 16</h2><div class="spacer battle-history"><br></div><div class="battle-history">banned Tatu withdrew Luke Cage!<br></div><div class="battle-history">banned Tatu sent out <strong>Electrode</strong>!<br></div><div class="spacer battle-history"><br></div><div class="battle-history">Duosion used <strong>Calm Mind</strong>!<br></div><div class="battle-history"><small>Duosion's Special Attack rose!</small><br></div><div class="battle-history"><small>Duosion's Special Defense rose!</small><br></div><div class="spacer battle-history"><br></div><h2 class="battle-history">Turn 17</h2><div class="spacer battle-history"><br></div><div class="battle-history">The opposing Electrode used <strong>Volt Switch</strong>!<br></div><div class="battle-history"><small>(Duosion lost <abbr title="−69/334">20.7%</abbr> of its health!)</small><br></div><div class="spacer battle-history"><br></div><div class="battle-history">The opposing Electrode went back to banned Tatu!<br></div><div class="battle-history">banned Tatu sent out <strong>Frogadier</strong>!<br></div><div class="spacer battle-history"><br></div><div class="battle-history">Duosion used <strong>Psyshock</strong>!<br></div><div class="battle-history"><small>(The opposing Frogadier lost <abbr title="−250/250">100%</abbr> of its health!)</small><br></div><div class="spacer battle-history"><br></div><div class="battle-history">The opposing Frogadier fainted!<br></div><div class="chat chatmessage-shpore"><strong style="color:hsl(200,82%,44%)"><small> </small><span class="username" data-name="shpore">shpore</span>:</strong> <em>??????????????????</em></div><div class="chat chatmessage-bannedtatu"><strong style="color:hsl(93,62%,31%)"><small>☆</small><span class="username" data-name="banned Tatu">banned Tatu</span>:</strong> <em>lol is not dark type</em></div><div class="chat chatmessage-shpore"><strong style="color:hsl(200,82%,44%)"><small> </small><span class="username" data-name="shpore">shpore</span>:</strong> <em>I know</em></div><div class="chat chatmessage-shpore"><strong style="color:hsl(200,82%,44%)"><small> </small><span class="username" data-name="shpore">shpore</span>:</strong> <em>I wasn't expecting ohko though</em></div><div class="chat chatmessage-irpachuza"><strong style="color:hsl(298,59%,43%)"><small>☆</small><span class="username" data-name="Irpachuza">Irpachuza</span>:</strong> <em>Duosion is bae</em></div><div class="spacer battle-history"><br></div><div class="battle-history">banned Tatu sent out Danny Rand (<strong>Monferno</strong>)!<br></div><div class="spacer battle-history"><br></div><h2 class="battle-history">Turn 18</h2><div class="chat"><small>Fresh Pine Smell joined.</small></div><div class="spacer battle-history"><br></div><div class="battle-history">The opposing Danny Rand used <strong>Taunt</strong>!<br></div><div class="battle-history"><small>Duosion fell for the taunt!</small><br></div><div class="spacer battle-history"><br></div><div class="battle-history">Duosion used <strong>Psyshock</strong>!<br></div><div class="battle-history"><small>It's super effective!</small><br></div><div class="battle-history"><small>The opposing Danny Rand hung on using its Focus Sash!</small><br></div><div class="battle-history"><small>(The opposing Danny Rand lost <abbr title="−268/269">99.6%</abbr> of its health!)</small><br></div><div class="spacer battle-history"><br></div><h2 class="battle-history">Turn 19</h2><div class="spacer battle-history"><br></div><div class="battle-history">The opposing Danny Rand used <strong>Fire Blast</strong>!<br></div><div class="battle-history"><small>(Duosion lost <abbr title="−108/334">32.3%</abbr> of its health!)</small><br></div><div class="spacer battle-history"><br></div><div class="battle-history">Duosion used <strong>Psyshock</strong>!<br></div><div class="battle-history"><small>It's super effective!</small><br></div><div class="battle-history"><small>(The opposing Danny Rand lost <abbr title="−1/269">0.4%</abbr> of its health!)</small><br></div><div class="spacer battle-history"><br></div><div class="battle-history">The opposing Danny Rand fainted!<br></div><div class="spacer battle-history"><br></div><div class="battle-history">banned Tatu sent out Luke Cage (<strong>Avalugg</strong>)!<br></div><div class="spacer battle-history"><br></div><h2 class="battle-history">Turn 20</h2><div class="spacer battle-history"><br></div><div class="battle-history">Duosion used <strong>Psyshock</strong>!<br></div><div class="battle-history"><small>(The opposing Luke Cage lost <abbr title="−81/394">20.6%</abbr> of its health!)</small><br></div><div class="spacer battle-history"><br></div><div class="battle-history">The opposing Luke Cage used <strong>Avalanche</strong>!<br></div><div class="battle-history"><small>(Duosion lost <abbr title="−103/334">30.8%</abbr> of its health!)</small><br></div><div class="spacer battle-history"><br></div><div class="battle-history">Duosion fainted!<br></div><div class="spacer battle-history"><br></div><div class="battle-history">Go! <strong>Muk</strong>!<br></div><div class="spacer battle-history"><br></div><h2 class="battle-history">Turn 21</h2><div class="chat chatmessage-freshpinesmell"><strong style="color:hsl(128,83%,35.76258811357125%)"><small> </small><span class="username" data-name="Fresh Pine Smell">Fresh Pine Smell</span>:</strong> <em>+1 0 SpA Duosion Psyshock vs. 0 HP / 4 Def Frogadier: 262-309 (105.2 - 124%) -- guaranteed OHKO</em></div><div class="spacer battle-history"><br></div><div class="battle-history">Muk used <strong>Fire Punch</strong>!<br></div><div class="battle-history"><small>It's super effective!</small><br></div><div class="battle-history"><small>A critical hit!</small><br></div><div class="battle-history"><small>(The opposing Luke Cage lost <abbr title="−122/394">31.0%</abbr> of its health!)</small><br></div><div class="battle-history"><small>[Muk's Poison Touch]</small><br><small>The opposing Luke Cage was poisoned!</small><br></div><div class="spacer battle-history"><br></div><div class="battle-history">The opposing Luke Cage used <strong>Avalanche</strong>!<br></div><div class="battle-history"><small>(Muk lost <abbr title="−187/414">45.2%</abbr> of its health!)</small><br></div><div class="spacer battle-history"><br></div><div class="battle-history"><small>The opposing Luke Cage was hurt by poison!</small><br></div><div class="spacer battle-history"><br></div><h2 class="battle-history">Turn 22</h2><div class="spacer battle-history"><br></div><div class="battle-history">Muk used <strong>Fire Punch</strong>!<br></div><div class="battle-history"><small>It's super effective!</small><br></div><div class="battle-history"><small>A critical hit!</small><br></div><div class="battle-history"><small>(The opposing Luke Cage lost <abbr title="−44/394">11.2%</abbr> of its health!)</small><br></div><div class="spacer battle-history"><br></div><div class="battle-history">The opposing Luke Cage fainted!<br></div><div class="chat"><small>UBERSkitty joined.</small></div><div class="spacer battle-history"><br></div><div class="battle-history">banned Tatu sent out <strong>Tangela</strong>!<br></div><div class="spacer battle-history"><br></div><h2 class="battle-history">Turn 23</h2><div class="spacer battle-history"><br></div><div class="battle-history">The opposing Tangela used <strong>Synthesis</strong>!<br></div><div class="battle-history"><small>The opposing Tangela restored its HP.</small><br></div><div class="spacer battle-history"><br></div><div class="battle-history">Muk used <strong>Fire Punch</strong>!<br></div><div class="battle-history"><small>It's super effective!</small><br></div><div class="battle-history"><small>(The opposing Tangela lost <abbr title="−78/272">28.7%</abbr> of its health!)</small><br></div><div class="spacer battle-history"><br></div><h2 class="battle-history">Turn 24</h2><div class="spacer battle-history"><br></div><div class="battle-history">The opposing Tangela used <strong>Leech Seed</strong>!<br></div><div class="battle-history"><small>Muk was seeded!</small><br></div><div class="spacer battle-history"><br></div><div class="battle-history">Muk used <strong>Gunk Shot</strong>!<br></div><div class="battle-history"><small>It's super effective!</small><br></div><div class="battle-history"><small>(The opposing Tangela lost <abbr title="−125/272">46.0%</abbr> of its health!)</small><br></div><div class="spacer battle-history"><br></div><div class="battle-history">The opposing Tangela fainted!<br></div><div class="spacer battle-history"><br></div><div class="battle-history">banned Tatu sent out <strong>Electrode</strong>!<br></div><div class="spacer battle-history"><br></div><h2 class="battle-history">Turn 25</h2><div class="chat"><small>pious swine joined.</small></div><div class="spacer battle-history"><br></div><div class="battle-history">Muk used <strong>Shadow Sneak</strong>!<br></div><div class="battle-history"><small>(The opposing Electrode lost <abbr title="−22/262">8.4%</abbr> of its health!)</small><br></div><div class="battle-history"><small>[The opposing Electrode's Aftermath]</small><br><small>Muk is hurt!</small><br></div><div class="spacer battle-history"><br></div><div class="battle-history">The opposing Electrode fainted!<br></div><div class="spacer battle-history"><br></div><div class="battle-history"><strong>Irpachuza</strong> won the battle!<br></div><div class="chat"><small>TIBot left.</small></div><div class="chat chatmessage-irpachuza"><strong style="color:hsl(298,59%,43%)"><small>☆</small><span class="username" data-name="Irpachuza">Irpachuza</span>:</strong> <em>gg</em></div><div class="chat"><small>UBERSkitty left.</small></div><div class="chat chatmessage-bannedtatu"><strong style="color:hsl(93,62%,31%)"><small>☆</small><span class="username" data-name="banned Tatu">banned Tatu</span>:</strong> <em>gg</em></div><div class="chat"><small>pious swine left.</small></div><div class="chat"><small>banned Tatu left.</small></div><div class="chat"><small>shpore left.</small></div><div class="chat"><small>ToasterCoaster left.</small></div></div><div class="inner-preempt"></div></div></div>
</div>
<script>
let daily = Math.floor(Date.now()/1000/60/60/24);document.write('<script src="https://play.pokemonshowdown.com/js/replay-embed.js?version'+daily+'"></'+'script>');
</script>
