<!DOCTYPE html>
<meta charset="utf-8" />
<!-- version 1 -->
<title>PU replay: 275p vs. EyeHasNoIdea</title>
<style>
html,body {font-family:Verdana, sans-serif;font-size:10pt;margin:0;padding:0;}body{padding:12px 0;} .battle-log {font-family:Verdana, sans-serif;font-size:10pt;} .battle-log-inline {border:1px solid #AAAAAA;background:#EEF2F5;color:black;max-width:640px;margin:0 auto 80px;padding-bottom:5px;} .battle-log .inner {padding:4px 8px 0px 8px;} .battle-log .inner-preempt {padding:0 8px 4px 8px;} .battle-log .inner-after {margin-top:0.5em;} .battle-log h2 {margin:0.5em -8px;padding:4px 8px;border:1px solid #AAAAAA;background:#E0E7EA;border-left:0;border-right:0;font-family:Verdana, sans-serif;font-size:13pt;} .battle-log .chat {vertical-align:middle;padding:3px 0 3px 0;font-size:8pt;} .battle-log .chat strong {color:#40576A;} .battle-log .chat em {padding:1px 4px 1px 3px;color:#000000;font-style:normal;} .chat.mine {background:rgba(0,0,0,0.05);margin-left:-8px;margin-right:-8px;padding-left:8px;padding-right:8px;} .spoiler {color:#BBBBBB;background:#BBBBBB;padding:0px 3px;} .spoiler:hover, .spoiler:active, .spoiler-shown {color:#000000;background:#E2E2E2;padding:0px 3px;} .spoiler a {color:#BBBBBB;} .spoiler:hover a, .spoiler:active a, .spoiler-shown a {color:#2288CC;} .chat code, .chat .spoiler:hover code, .chat .spoiler:active code, .chat .spoiler-shown code {border:1px solid #C0C0C0;background:#EEEEEE;color:black;padding:0 2px;} .chat .spoiler code {border:1px solid #CCCCCC;background:#CCCCCC;color:#CCCCCC;} .battle-log .rated {padding:3px 4px;} .battle-log .rated strong {color:white;background:#89A;padding:1px 4px;border-radius:4px;} .spacer {margin-top:0.5em;} .message-announce {background:#6688AA;color:white;padding:1px 4px 2px;} .message-announce a, .broadcast-green a, .broadcast-blue a, .broadcast-red a {color:#DDEEFF;} .broadcast-green {background-color:#559955;color:white;padding:2px 4px;} .broadcast-blue {background-color:#6688AA;color:white;padding:2px 4px;} .infobox {border:1px solid #6688AA;padding:2px 4px;} .infobox-limited {max-height:200px;overflow:auto;overflow-x:hidden;} .broadcast-red {background-color:#AA5544;color:white;padding:2px 4px;} .message-learn-canlearn {font-weight:bold;color:#228822;text-decoration:underline;} .message-learn-cannotlearn {font-weight:bold;color:#CC2222;text-decoration:underline;} .message-effect-weak {font-weight:bold;color:#CC2222;} .message-effect-resist {font-weight:bold;color:#6688AA;} .message-effect-immune {font-weight:bold;color:#666666;} .message-learn-list {margin-top:0;margin-bottom:0;} .message-throttle-notice, .message-error {color:#992222;} .message-overflow, .chat small.message-overflow {font-size:0pt;} .message-overflow::before {font-size:9pt;content:'...';} .subtle {color:#3A4A66;}
</style>
<div class="wrapper replay-wrapper" style="max-width:1180px;margin:0 auto">
<input type="hidden" name="replayid" value="pu-588100223" />
<div class="battle"></div><div class="battle-log"></div><div class="replay-controls"></div><div class="replay-controls-2"></div>
<h1 style="font-weight:normal;text-align:center"><strong>PU</strong><br /><a href="http://pokemonshowdown.com/users/275p" class="subtle" target="_blank">275p</a> vs. <a href="http://pokemonshowdown.com/users/eyehasnoidea" class="subtle" target="_blank">EyeHasNoIdea</a></h1>
<script type="text/plain" class="battle-log-data">|j|275p
|j|EyeHasNoIdea
|player|p1|275p|69
|teamsize|p1|6
|player|p2|EyeHasNoIdea|256
|teamsize|p2|6
|gametype|singles
|gen|6
|tier|PU
|seed|51787,5717,7396,58909
|rule|Sleep Clause Mod: Limit one foe put to sleep
|rule|Species Clause: Limit one of each Pokémon
|rule|OHKO Clause: OHKO moves are banned
|rule|Moody Clause: Moody is banned
|rule|Evasion Moves Clause: Evasion moves are banned
|rule|Endless Battle Clause: Forcing endless battles is banned
|rule|HP Percentage Mod: HP is shown in percentages
|clearpoke
|poke|p1|Prinplup, F|item
|poke|p1|Beartic, M|item
|poke|p1|Emolga, F|item
|poke|p1|Ledian, F|item
|poke|p1|Banette, F|item
|poke|p1|Spinda, F|item
|poke|p2|Beheeyem, M|item
|poke|p2|Regigigas, shiny|item
|poke|p2|Regice, shiny|item
|poke|p2|Combusken, M, shiny|item
|poke|p2|Avalugg, F|item
|poke|p2|Tropius, M, shiny|item
|rule|Swagger Clause: Swagger is banned
|rule|Baton Pass Clause: Limit one Baton Passer, can't pass Spe and other stats simultaneously
|teampreview
|choice|team 1, team 2, team 3, team 4, team 5, team 6|team 1, team 2, team 3, team 4, team 5, team 6
|
|start
|switch|p1a: Prinplup|Prinplup, F|332\/332
|switch|p2a: Bee Movie Rated R|Beheeyem, M|354\/354
|turn|1
|choice|move stealthrock|move energyball
|
|move|p1a: Prinplup|Stealth Rock|p2a: Bee Movie Rated R
|-sidestart|p2: EyeHasNoIdea|move: Stealth Rock
|move|p2a: Bee Movie Rated R|Energy Ball|p1a: Prinplup
|-supereffective|p1a: Prinplup
|-damage|p1a: Prinplup|144\/332
|
|upkeep
|turn|2
|choice|switch 4|move energyball
|
|switch|p1a: Ledian|Ledian, F|289\/289
|move|p2a: Bee Movie Rated R|Energy Ball|p1a: Ledian
|-resisted|p1a: Ledian
|-damage|p1a: Ledian|265\/289
|
|upkeep
|turn|3
|choice|move lightscreen|switch 5
|
|switch|p2a: Watch My Back|Avalugg, F|331\/331
|-damage|p2a: Watch My Back|249\/331|[from] Stealth Rock
|move|p1a: Ledian|Light Screen|p1a: Ledian
|-sidestart|p1: 275p|move: Light Screen
|
|upkeep
|turn|4
|choice|move reflect|move rapidspin
|
|move|p1a: Ledian|Reflect|p1a: Ledian
|-sidestart|p1: 275p|Reflect
|move|p2a: Watch My Back|Rapid Spin|p1a: Ledian
|-damage|p1a: Ledian|246\/289
|-sideend|p2: EyeHasNoIdea|Stealth Rock|[from] move: Rapid Spin|[of] p2a: Watch My Back
|
|upkeep
|turn|5
|choice|move encore|move gyroball
|
|move|p1a: Ledian|Encore|p2a: Watch My Back
|-start|p2a: Watch My Back|Encore
|move|p2a: Watch My Back|Rapid Spin|p1a: Ledian
|-damage|p1a: Ledian|228\/289
|
|upkeep
|turn|6
|choice|move uturn|switch 2
|
|switch|p2a: Commando|Regigigas, shiny|400\/400
|-start|p2a: Commando|ability: Slow Start
|move|p1a: Ledian|U-turn|p2a: Commando
|-damage|p2a: Commando|370\/400
|choice|switch 6|
|
|switch|p1a: Spinda|Spinda, F|324\/324
|
|-heal|p2a: Commando|395\/400|[from] item: Leftovers
|upkeep
|turn|7
|choice|move superpower|move substitute
|
|move|p1a: Spinda|Superpower|p2a: Commando
|-supereffective|p2a: Commando
|-damage|p2a: Commando|245\/400
|-boost|p1a: Spinda|atk|1
|-boost|p1a: Spinda|def|1
|move|p2a: Commando|Substitute|p2a: Commando
|-start|p2a: Commando|Substitute
|-damage|p2a: Commando|145\/400
|
|-heal|p2a: Commando|170\/400|[from] item: Leftovers
|upkeep
|turn|8
|choice|move superpower|move poweruppunch
|
|move|p1a: Spinda|Superpower|p2a: Commando
|-supereffective|p2a: Commando
|-end|p2a: Commando|Substitute
|-boost|p1a: Spinda|atk|1
|-boost|p1a: Spinda|def|1
|move|p2a: Commando|Power-Up Punch|p1a: Spinda
|-supereffective|p1a: Spinda
|-damage|p1a: Spinda|304\/324
|-boost|p2a: Commando|atk|1
|
|-heal|p1a: Spinda|324\/324|[from] item: Leftovers
|-heal|p2a: Commando|195\/400|[from] item: Leftovers
|upkeep
|turn|9
|choice|move superpower|move heavyslam
|
|move|p1a: Spinda|Superpower|p2a: Commando
|-supereffective|p2a: Commando
|-damage|p2a: Commando|0 fnt
|-boost|p1a: Spinda|atk|1
|-boost|p1a: Spinda|def|1
|faint|p2a: Commando
|-end|p2a: Commando|Slow Start|[silent]
|
|upkeep
|choice||switch 6
|
|-end|p2: Commando|Slow Start|[silent]
|switch|p2a: Chiquita|Tropius, M, shiny|340\/340
|turn|10
|choice|move return|move leechseed
|
|move|p1a: Spinda|Return|p2a: Chiquita
|-damage|p2a: Chiquita|48\/340
|-enditem|p2a: Chiquita|Starf Berry|[eat]
|-boost|p2a: Chiquita|def|2
|move|p2a: Chiquita|Leech Seed|p1a: Spinda
|-start|p1a: Spinda|move: Leech Seed
|
|-damage|p1a: Spinda|284\/324|[from] Leech Seed|[of] p2a: Chiquita
|-heal|p2a: Chiquita|88\/340|[silent]
|-sideend|p1: 275p|move: Light Screen
|upkeep
|turn|11
|choice|move return|move protect
|
|move|p2a: Chiquita|Protect|p2a: Chiquita
|-singleturn|p2a: Chiquita|Protect
|move|p1a: Spinda|Return|p2a: Chiquita
|-activate|p2a: Chiquita|move: Protect
|
|-heal|p1a: Spinda|304\/324|[from] item: Leftovers
|-damage|p1a: Spinda|264\/324|[from] Leech Seed|[of] p2a: Chiquita
|-heal|p2a: Chiquita|128\/340|[silent]
|-sideend|p1: 275p|Reflect
|-item|p2a: Chiquita|Starf Berry|[from] ability: Harvest
|upkeep
|turn|12
|choice|move return|move synthesis
|
|move|p1a: Spinda|Return|p2a: Chiquita
|-damage|p2a: Chiquita|0 fnt
|faint|p2a: Chiquita
|
|-heal|p1a: Spinda|284\/324|[from] item: Leftovers
|upkeep
|choice||switch 4
|
|switch|p2a: Bucky|Combusken, M, shiny|300\/300
|turn|13
|choice|move return|move swordsdance
|
|move|p1a: Spinda|Return|p2a: Bucky
|-damage|p2a: Bucky|80\/300
|move|p2a: Bucky|Swords Dance|p2a: Bucky
|-boost|p2a: Bucky|atk|2
|
|-heal|p1a: Spinda|304\/324|[from] item: Leftovers
|-damage|p1a: Spinda|264\/324|[from] Leech Seed|[of] p2a: Bucky
|-heal|p2a: Bucky|120\/300|[silent]
|-ability|p2a: Bucky|Speed Boost|boost
|-boost|p2a: Bucky|spe|1
|upkeep
|turn|14
|choice|move superpower|move brickbreak
|
|move|p2a: Bucky|Brick Break|p1a: Spinda
|-supereffective|p1a: Spinda
|-damage|p1a: Spinda|88\/324
|move|p1a: Spinda|Superpower|p2a: Bucky
|-damage|p2a: Bucky|0 fnt
|-boost|p1a: Spinda|atk|1
|-boost|p1a: Spinda|def|1
|faint|p2a: Bucky
|
|-heal|p1a: Spinda|108\/324|[from] item: Leftovers
|upkeep
|choice||switch 5
|
|switch|p2a: Bee Movie Rated R|Beheeyem, M|354\/354
|turn|15
|choice|move return|move psychic
|
|move|p1a: Spinda|Return|p2a: Bee Movie Rated R
|-damage|p2a: Bee Movie Rated R|0 fnt
|faint|p2a: Bee Movie Rated R
|
|-heal|p1a: Spinda|128\/324|[from] item: Leftovers
|upkeep
|choice||switch 3
|
|switch|p2a: Ice Soldier|Regice, shiny|302\/302
|turn|16
|choice|move superpower|move icebeam
|
|move|p2a: Ice Soldier|Ice Beam|p1a: Spinda
|-damage|p1a: Spinda|0 fnt
|-damage|p2a: Ice Soldier|272\/302|[from] item: Life Orb
|faint|p1a: Spinda
|
|upkeep
|choice|switch 2|
|
|switch|p1a: Beartic|Beartic, M|331\/331
|turn|17
|choice|move brickbreak|move focusblast
|
|move|p2a: Ice Soldier|Focus Blast|p1a: Beartic
|-supereffective|p1a: Beartic
|-damage|p1a: Beartic|0 fnt
|-damage|p2a: Ice Soldier|242\/302|[from] item: Life Orb
|faint|p1a: Beartic
|
|upkeep
|choice|switch 3|
|
|switch|p1a: Emolga|Emolga, F|251\/251
|turn|18
|choice|move voltswitch|move icebeam
|
|move|p1a: Emolga|Volt Switch|p2a: Ice Soldier
|-damage|p2a: Ice Soldier|166\/302
|choice|switch 4|
|
|switch|p1a: Prinplup|Prinplup, F|144\/332
|move|p2a: Ice Soldier|Ice Beam|p1a: Prinplup
|-resisted|p1a: Prinplup
|-damage|p1a: Prinplup|70\/332
|-damage|p2a: Ice Soldier|136\/302|[from] item: Life Orb
|
|upkeep
|turn|19
|choice|move scald|move thunderbolt
|
|move|p2a: Ice Soldier|Thunderbolt|p1a: Prinplup
|-supereffective|p1a: Prinplup
|-damage|p1a: Prinplup|0 fnt
|-damage|p2a: Ice Soldier|106\/302|[from] item: Life Orb
|faint|p1a: Prinplup
|
|upkeep
|choice|switch 6|
|
|switch|p1a: Ledian|Ledian, F|228\/289
|turn|20
|choice|move lightscreen|move icebeam
|
|move|p1a: Ledian|Light Screen|p1a: Ledian
|-sidestart|p1: 275p|move: Light Screen
|move|p2a: Ice Soldier|Ice Beam|p1a: Ledian
|-supereffective|p1a: Ledian
|-damage|p1a: Ledian|88\/289
|-damage|p2a: Ice Soldier|76\/302|[from] item: Life Orb
|
|upkeep
|turn|21
|choice|move uturn|move thunderbolt
|
|move|p1a: Ledian|U-turn|p2a: Ice Soldier
|-damage|p2a: Ice Soldier|42\/302
|choice|switch 5|
|
|switch|p1a: Banette|Banette, F|332\/332
|move|p2a: Ice Soldier|Thunderbolt|p1a: Banette
|-damage|p1a: Banette|281\/332
|-status|p1a: Banette|par
|-damage|p2a: Ice Soldier|12\/302|[from] item: Life Orb
|
|-heal|p1a: Banette|301\/332 par|[from] item: Leftovers
|upkeep
|turn|22
|choice|move shadowsneak|move icebeam
|
|move|p1a: Banette|Shadow Sneak|p2a: Ice Soldier
|-damage|p2a: Ice Soldier|0 fnt
|faint|p2a: Ice Soldier
|
|-heal|p1a: Banette|321\/332 par|[from] item: Leftovers
|upkeep
|choice||switch 2
|
|switch|p2a: Watch My Back|Avalugg, F|249\/331
|turn|23
|choice|move willowisp|move avalanche
|
|cant|p1a: Banette|par
|move|p2a: Watch My Back|Avalanche|p1a: Banette
|-damage|p1a: Banette|170\/332 par
|
|-heal|p1a: Banette|190\/332 par|[from] item: Leftovers
|upkeep
|turn|24
|choice|move willowisp|move avalanche
|
|move|p1a: Banette|Will-O-Wisp|p2a: Watch My Back
|-status|p2a: Watch My Back|brn
|move|p2a: Watch My Back|Avalanche|p1a: Banette
|-damage|p1a: Banette|124\/332 par
|
|-heal|p1a: Banette|144\/332 par|[from] item: Leftovers
|-damage|p2a: Watch My Back|208\/331 brn|[from] brn
|upkeep
|turn|25
|-message|EyeHasNoIdea forfeited.
|
|win|275p
|l|EyeHasNoIdea
|l|275p
|j|275p</script>
</div>
<div class="battle-log battle-log-inline"><div class="inner"><div class="battle-options"></div><div class="inner"><div class="chat"><small>275p joined.</small></div><div class="chat"><small>EyeHasNoIdea joined.</small></div><div class=""><small>Format:</small> <br><strong>PU</strong></div><div class=""><small><em>Sleep Clause Mod:</em> Limit one foe put to sleep</small></div><div class=""><small><em>Species Clause:</em> Limit one of each Pokémon</small></div><div class=""><small><em>OHKO Clause:</em> OHKO moves are banned</small></div><div class=""><small><em>Moody Clause:</em> Moody is banned</small></div><div class=""><small><em>Evasion Moves Clause:</em> Evasion moves are banned</small></div><div class=""><small><em>Endless Battle Clause:</em> Forcing endless battles is banned</small></div><div class=""><small><em>HP Percentage Mod:</em> HP is shown in percentages</small></div><div class=""><small><em>Swagger Clause:</em> Swagger is banned</small></div><div class=""><small><em>Baton Pass Clause:</em> Limit one Baton Passer, can't pass Spe and other stats simultaneously</small></div><div class="chat battle-history"><strong>275p's team:</strong> <em style="color:#445566;display:block;">Prinplup / Beartic / Emolga / Ledian / Banette / Spinda</em></div><div class="chat battle-history"><strong>EyeHasNoIdea's team:</strong> <em style="color:#445566;display:block;">Beheeyem / Regigigas / Regice / Combusken / Avalugg / Tropius</em></div><div class="spacer battle-history"><br></div><div class="battle-history">Battle started between 275p and EyeHasNoIdea!<br></div><div class="spacer battle-history"><br></div><div class="battle-history">Go! <strong>Prinplup</strong>!<br></div><div class="spacer battle-history"><br></div><div class="battle-history">EyeHasNoIdea sent out Bee Movie Rated R (<strong>Beheeyem</strong>)!<br></div><div class="spacer battle-history"><br></div><h2 class="battle-history">Turn 1</h2><div class="spacer battle-history"><br></div><div class="battle-history">Prinplup used <strong>Stealth Rock</strong>!<br></div><div class="battle-history"><small>Pointed stones float in the air around the opposing team!</small><br></div><div class="spacer battle-history"><br></div><div class="battle-history">The opposing Bee Movie Rated R used <strong>Energy Ball</strong>!<br></div><div class="battle-history"><small>It's super effective!</small><br></div><div class="battle-history"><small>(Prinplup lost <abbr title="−188/332">56.6%</abbr> of its health!)</small><br></div><div class="spacer battle-history"><br></div><h2 class="battle-history">Turn 2</h2><div class="spacer battle-history"><br></div><div class="battle-history">Prinplup, come back!<br></div><div class="battle-history">Go! <strong>Ledian</strong>!<br></div><div class="spacer battle-history"><br></div><div class="battle-history">The opposing Bee Movie Rated R used <strong>Energy Ball</strong>!<br></div><div class="battle-history"><small>It's not very effective...</small><br></div><div class="battle-history"><small>(Ledian lost <abbr title="−24/289">8.3%</abbr> of its health!)</small><br></div><div class="spacer battle-history"><br></div><h2 class="battle-history">Turn 3</h2><div class="spacer battle-history"><br></div><div class="battle-history">EyeHasNoIdea withdrew Bee Movie Rated R!<br></div><div class="battle-history">EyeHasNoIdea sent out Watch My Back (<strong>Avalugg</strong>)!<br></div><div class="battle-history"><small>Pointed stones dug into the opposing Watch My Back!</small><br></div><div class="spacer battle-history"><br></div><div class="battle-history">Ledian used <strong>Light Screen</strong>!<br></div><div class="battle-history"><small>Light Screen made your team stronger against special moves!</small><br></div><div class="spacer battle-history"><br></div><h2 class="battle-history">Turn 4</h2><div class="spacer battle-history"><br></div><div class="battle-history">Ledian used <strong>Reflect</strong>!<br></div><div class="battle-history"><small>Reflect made your team stronger against physical moves!</small><br></div><div class="spacer battle-history"><br></div><div class="battle-history">The opposing Watch My Back used <strong>Rapid Spin</strong>!<br></div><div class="battle-history"><small>(Ledian lost <abbr title="−19/289">6.6%</abbr> of its health!)</small><br></div><div class="battle-history"><small>The pointed stones disappeared from around the opposing team!</small><br></div><div class="spacer battle-history"><br></div><h2 class="battle-history">Turn 5</h2><div class="spacer battle-history"><br></div><div class="battle-history">Ledian used <strong>Encore</strong>!<br></div><div class="battle-history"><small>The opposing Watch My Back received an encore!</small><br></div><div class="spacer battle-history"><br></div><div class="battle-history">The opposing Watch My Back used <strong>Rapid Spin</strong>!<br></div><div class="battle-history"><small>(Ledian lost <abbr title="−18/289">6.2%</abbr> of its health!)</small><br></div><div class="spacer battle-history"><br></div><h2 class="battle-history">Turn 6</h2><div class="spacer battle-history"><br></div><div class="battle-history">EyeHasNoIdea withdrew Watch My Back!<br></div><div class="battle-history">EyeHasNoIdea sent out Commando (<strong>Regigigas</strong>)!<br></div><div class="battle-history"><small>[The opposing Commando's Slow Start]</small><br><small>The opposing Commando can't get it going!</small><br></div><div class="spacer battle-history"><br></div><div class="battle-history">Ledian used <strong>U-turn</strong>!<br></div><div class="battle-history"><small>(The opposing Commando lost <abbr title="−30/400">7.5%</abbr> of its health!)</small><br></div><div class="spacer battle-history"><br></div><div class="battle-history">Ledian went back to 275p!<br></div><div class="battle-history">Go! <strong>Spinda</strong>!<br></div><div class="spacer battle-history"><br></div><div class="battle-history"><small>The opposing Commando restored a little HP using its Leftovers!</small><br></div><div class="spacer battle-history"><br></div><h2 class="battle-history">Turn 7</h2><div class="spacer battle-history"><br></div><div class="battle-history">Spinda used <strong>Superpower</strong>!<br></div><div class="battle-history"><small>It's super effective!</small><br></div><div class="battle-history"><small>(The opposing Commando lost <abbr title="−150/400">37.5%</abbr> of its health!)</small><br></div><div class="battle-history"><small>Spinda's Attack rose!</small><br></div><div class="battle-history"><small>Spinda's Defense rose!</small><br></div><div class="spacer battle-history"><br></div><div class="battle-history">The opposing Commando used <strong>Substitute</strong>!<br></div><div class="battle-history"><small>The opposing Commando put in a substitute!</small><br></div><div class="battle-history"><small>(The opposing Commando lost <abbr title="−100/400">25%</abbr> of its health!)</small><br></div><div class="spacer battle-history"><br></div><div class="battle-history"><small>The opposing Commando restored a little HP using its Leftovers!</small><br></div><div class="spacer battle-history"><br></div><h2 class="battle-history">Turn 8</h2><div class="spacer battle-history"><br></div><div class="battle-history">Spinda used <strong>Superpower</strong>!<br></div><div class="battle-history"><small>It's super effective!</small><br></div><div class="battle-history"><small>The opposing Commando's substitute faded!</small><br></div><div class="battle-history"><small>Spinda's Attack rose!</small><br></div><div class="battle-history"><small>Spinda's Defense rose!</small><br></div><div class="spacer battle-history"><br></div><div class="battle-history">The opposing Commando used <strong>Power-Up Punch</strong>!<br></div><div class="battle-history"><small>It's super effective!</small><br></div><div class="battle-history"><small>(Spinda lost <abbr title="−20/324">6.2%</abbr> of its health!)</small><br></div><div class="battle-history"><small>The opposing Commando's Attack rose!</small><br></div><div class="spacer battle-history"><br></div><div class="battle-history"><small>Spinda restored a little HP using its Leftovers!</small><br></div><div class="battle-history"><small>The opposing Commando restored a little HP using its Leftovers!</small><br></div><div class="spacer battle-history"><br></div><h2 class="battle-history">Turn 9</h2><div class="spacer battle-history"><br></div><div class="battle-history">Spinda used <strong>Superpower</strong>!<br></div><div class="battle-history"><small>It's super effective!</small><br></div><div class="battle-history"><small>(The opposing Commando lost <abbr title="−195/400">48.8%</abbr> of its health!)</small><br></div><div class="battle-history"><small>Spinda's Attack rose!</small><br></div><div class="battle-history"><small>Spinda's Defense rose!</small><br></div><div class="spacer battle-history"><br></div><div class="battle-history">The opposing Commando fainted!<br></div><div class="spacer battle-history"><br></div><div class="battle-history">EyeHasNoIdea sent out Chiquita (<strong>Tropius</strong>)!<br></div><div class="spacer battle-history"><br></div><h2 class="battle-history">Turn 10</h2><div class="spacer battle-history"><br></div><div class="battle-history">Spinda used <strong>Return</strong>!<br></div><div class="battle-history"><small>(The opposing Chiquita lost <abbr title="−292/340">85.9%</abbr> of its health!)</small><br></div><div class="battle-history"><small>The opposing Chiquita ate its Starf Berry!</small><br></div><div class="battle-history"><small>The opposing Chiquita's Defense rose sharply!</small><br></div><div class="spacer battle-history"><br></div><div class="battle-history">The opposing Chiquita used <strong>Leech Seed</strong>!<br></div><div class="battle-history"><small>Spinda was seeded!</small><br></div><div class="spacer battle-history"><br></div><div class="battle-history"><small>Spinda's health is sapped by Leech Seed!</small><br></div><div class="battle-history"><small>Your team's Light Screen wore off!</small><br></div><div class="spacer battle-history"><br></div><h2 class="battle-history">Turn 11</h2><div class="spacer battle-history"><br></div><div class="battle-history">The opposing Chiquita used <strong>Protect</strong>!<br></div><div class="battle-history"><small>The opposing Chiquita protected itself!</small><br></div><div class="spacer battle-history"><br></div><div class="battle-history">Spinda used <strong>Return</strong>!<br></div><div class="battle-history"><small>The opposing Chiquita protected itself!</small><br></div><div class="spacer battle-history"><br></div><div class="battle-history"><small>Spinda restored a little HP using its Leftovers!</small><br></div><div class="battle-history"><small>Spinda's health is sapped by Leech Seed!</small><br></div><div class="battle-history"><small>Your team's Reflect wore off!</small><br></div><div class="battle-history"><small>[The opposing Chiquita's Harvest]</small><br><small>The opposing Chiquita harvested one Starf Berry!</small><br></div><div class="spacer battle-history"><br></div><h2 class="battle-history">Turn 12</h2><div class="spacer battle-history"><br></div><div class="battle-history">Spinda used <strong>Return</strong>!<br></div><div class="battle-history"><small>(The opposing Chiquita lost <abbr title="−128/340">37.6%</abbr> of its health!)</small><br></div><div class="spacer battle-history"><br></div><div class="battle-history">The opposing Chiquita fainted!<br></div><div class="spacer battle-history"><br></div><div class="battle-history"><small>Spinda restored a little HP using its Leftovers!</small><br></div><div class="spacer battle-history"><br></div><div class="battle-history">EyeHasNoIdea sent out Bucky (<strong>Combusken</strong>)!<br></div><div class="spacer battle-history"><br></div><h2 class="battle-history">Turn 13</h2><div class="spacer battle-history"><br></div><div class="battle-history">Spinda used <strong>Return</strong>!<br></div><div class="battle-history"><small>(The opposing Bucky lost <abbr title="−220/300">73.3%</abbr> of its health!)</small><br></div><div class="spacer battle-history"><br></div><div class="battle-history">The opposing Bucky used <strong>Swords Dance</strong>!<br></div><div class="battle-history"><small>The opposing Bucky's Attack rose sharply!</small><br></div><div class="spacer battle-history"><br></div><div class="battle-history"><small>Spinda restored a little HP using its Leftovers!</small><br></div><div class="battle-history"><small>Spinda's health is sapped by Leech Seed!</small><br></div><div class="battle-history"><small>[The opposing Bucky's Speed Boost]</small><br></div><div class="battle-history"><small>The opposing Bucky's Speed rose!</small><br></div><div class="spacer battle-history"><br></div><h2 class="battle-history">Turn 14</h2><div class="spacer battle-history"><br></div><div class="battle-history">The opposing Bucky used <strong>Brick Break</strong>!<br></div><div class="battle-history"><small>It's super effective!</small><br></div><div class="battle-history"><small>(Spinda lost <abbr title="−176/324">54.3%</abbr> of its health!)</small><br></div><div class="spacer battle-history"><br></div><div class="battle-history">Spinda used <strong>Superpower</strong>!<br></div><div class="battle-history"><small>(The opposing Bucky lost <abbr title="−120/300">40%</abbr> of its health!)</small><br></div><div class="battle-history"><small>Spinda's Attack rose!</small><br></div><div class="battle-history"><small>Spinda's Defense rose!</small><br></div><div class="spacer battle-history"><br></div><div class="battle-history">The opposing Bucky fainted!<br></div><div class="spacer battle-history"><br></div><div class="battle-history"><small>Spinda restored a little HP using its Leftovers!</small><br></div><div class="spacer battle-history"><br></div><div class="battle-history">EyeHasNoIdea sent out Bee Movie Rated R (<strong>Beheeyem</strong>)!<br></div><div class="spacer battle-history"><br></div><h2 class="battle-history">Turn 15</h2><div class="spacer battle-history"><br></div><div class="battle-history">Spinda used <strong>Return</strong>!<br></div><div class="battle-history"><small>(The opposing Bee Movie Rated R lost <abbr title="−354/354">100%</abbr> of its health!)</small><br></div><div class="spacer battle-history"><br></div><div class="battle-history">The opposing Bee Movie Rated R fainted!<br></div><div class="spacer battle-history"><br></div><div class="battle-history"><small>Spinda restored a little HP using its Leftovers!</small><br></div><div class="spacer battle-history"><br></div><div class="battle-history">EyeHasNoIdea sent out Ice Soldier (<strong>Regice</strong>)!<br></div><div class="spacer battle-history"><br></div><h2 class="battle-history">Turn 16</h2><div class="spacer battle-history"><br></div><div class="battle-history">The opposing Ice Soldier used <strong>Ice Beam</strong>!<br></div><div class="battle-history"><small>(Spinda lost <abbr title="−128/324">39.5%</abbr> of its health!)</small><br></div><div class="battle-history"><small>The opposing Ice Soldier lost some of its HP!</small><br></div><div class="spacer battle-history"><br></div><div class="battle-history">Spinda fainted!<br></div><div class="spacer battle-history"><br></div><div class="battle-history">Go! <strong>Beartic</strong>!<br></div><div class="spacer battle-history"><br></div><h2 class="battle-history">Turn 17</h2><div class="spacer battle-history"><br></div><div class="battle-history">The opposing Ice Soldier used <strong>Focus Blast</strong>!<br></div><div class="battle-history"><small>It's super effective!</small><br></div><div class="battle-history"><small>(Beartic lost <abbr title="−331/331">100%</abbr> of its health!)</small><br></div><div class="battle-history"><small>The opposing Ice Soldier lost some of its HP!</small><br></div><div class="spacer battle-history"><br></div><div class="battle-history">Beartic fainted!<br></div><div class="spacer battle-history"><br></div><div class="battle-history">Go! <strong>Emolga</strong>!<br></div><div class="spacer battle-history"><br></div><h2 class="battle-history">Turn 18</h2><div class="spacer battle-history"><br></div><div class="battle-history">Emolga used <strong>Volt Switch</strong>!<br></div><div class="battle-history"><small>(The opposing Ice Soldier lost <abbr title="−76/302">25.2%</abbr> of its health!)</small><br></div><div class="spacer battle-history"><br></div><div class="battle-history">Emolga went back to 275p!<br></div><div class="battle-history">Go! <strong>Prinplup</strong>!<br></div><div class="spacer battle-history"><br></div><div class="battle-history">The opposing Ice Soldier used <strong>Ice Beam</strong>!<br></div><div class="battle-history"><small>It's not very effective...</small><br></div><div class="battle-history"><small>(Prinplup lost <abbr title="−74/332">22.3%</abbr> of its health!)</small><br></div><div class="battle-history"><small>The opposing Ice Soldier lost some of its HP!</small><br></div><div class="spacer battle-history"><br></div><h2 class="battle-history">Turn 19</h2><div class="spacer battle-history"><br></div><div class="battle-history">The opposing Ice Soldier used <strong>Thunderbolt</strong>!<br></div><div class="battle-history"><small>It's super effective!</small><br></div><div class="battle-history"><small>(Prinplup lost <abbr title="−70/332">21.1%</abbr> of its health!)</small><br></div><div class="battle-history"><small>The opposing Ice Soldier lost some of its HP!</small><br></div><div class="spacer battle-history"><br></div><div class="battle-history">Prinplup fainted!<br></div><div class="spacer battle-history"><br></div><div class="battle-history">Go! <strong>Ledian</strong>!<br></div><div class="spacer battle-history"><br></div><h2 class="battle-history">Turn 20</h2><div class="spacer battle-history"><br></div><div class="battle-history">Ledian used <strong>Light Screen</strong>!<br></div><div class="battle-history"><small>Light Screen made your team stronger against special moves!</small><br></div><div class="spacer battle-history"><br></div><div class="battle-history">The opposing Ice Soldier used <strong>Ice Beam</strong>!<br></div><div class="battle-history"><small>It's super effective!</small><br></div><div class="battle-history"><small>(Ledian lost <abbr title="−140/289">48.4%</abbr> of its health!)</small><br></div><div class="battle-history"><small>The opposing Ice Soldier lost some of its HP!</small><br></div><div class="spacer battle-history"><br></div><h2 class="battle-history">Turn 21</h2><div class="spacer battle-history"><br></div><div class="battle-history">Ledian used <strong>U-turn</strong>!<br></div><div class="battle-history"><small>(The opposing Ice Soldier lost <abbr title="−34/302">11.3%</abbr> of its health!)</small><br></div><div class="spacer battle-history"><br></div><div class="battle-history">Ledian went back to 275p!<br></div><div class="battle-history">Go! <strong>Banette</strong>!<br></div><div class="spacer battle-history"><br></div><div class="battle-history">The opposing Ice Soldier used <strong>Thunderbolt</strong>!<br></div><div class="battle-history"><small>(Banette lost <abbr title="−51/332">15.4%</abbr> of its health!)</small><br></div><div class="battle-history"><small>Banette is paralyzed! It may be unable to move!</small><br></div><div class="battle-history"><small>The opposing Ice Soldier lost some of its HP!</small><br></div><div class="spacer battle-history"><br></div><div class="battle-history"><small>Banette restored a little HP using its Leftovers!</small><br></div><div class="spacer battle-history"><br></div><h2 class="battle-history">Turn 22</h2><div class="spacer battle-history"><br></div><div class="battle-history">Banette used <strong>Shadow Sneak</strong>!<br></div><div class="battle-history"><small>(The opposing Ice Soldier lost <abbr title="−12/302">4.0%</abbr> of its health!)</small><br></div><div class="spacer battle-history"><br></div><div class="battle-history">The opposing Ice Soldier fainted!<br></div><div class="spacer battle-history"><br></div><div class="battle-history"><small>Banette restored a little HP using its Leftovers!</small><br></div><div class="spacer battle-history"><br></div><div class="battle-history">EyeHasNoIdea sent out Watch My Back (<strong>Avalugg</strong>)!<br></div><div class="spacer battle-history"><br></div><h2 class="battle-history">Turn 23</h2><div class="spacer battle-history"><br></div><div class="battle-history">Banette is paralyzed! It can't move!<br></div><div class="spacer battle-history"><br></div><div class="battle-history">The opposing Watch My Back used <strong>Avalanche</strong>!<br></div><div class="battle-history"><small>(Banette lost <abbr title="−151/332">45.5%</abbr> of its health!)</small><br></div><div class="spacer battle-history"><br></div><div class="battle-history"><small>Banette restored a little HP using its Leftovers!</small><br></div><div class="spacer battle-history"><br></div><h2 class="battle-history">Turn 24</h2><div class="spacer battle-history"><br></div><div class="battle-history">Banette used <strong>Will-O-Wisp</strong>!<br></div><div class="battle-history"><small>The opposing Watch My Back was burned!</small><br></div><div class="spacer battle-history"><br></div><div class="battle-history">The opposing Watch My Back used <strong>Avalanche</strong>!<br></div><div class="battle-history"><small>(Banette lost <abbr title="−66/332">19.9%</abbr> of its health!)</small><br></div><div class="spacer battle-history"><br></div><div class="battle-history"><small>Banette restored a little HP using its Leftovers!</small><br></div><div class="battle-history"><small>The opposing Watch My Back was hurt by its burn!</small><br></div><div class="spacer battle-history"><br></div><h2 class="battle-history">Turn 25</h2><div class="spacer battle-history"><br></div><div class="battle-history"><small>EyeHasNoIdea forfeited.</small><br></div><div class="spacer battle-history"><br></div><div class="battle-history"><strong>275p</strong> won the battle!<br></div><div class="chat"><small>EyeHasNoIdea left.</small></div><div class="chat"><small>275p left.</small></div><div class="chat"><small>275p joined.</small></div></div><div class="inner-preempt"></div></div></div>
</div>
<script>
let daily = Math.floor(Date.now()/1000/60/60/24);document.write('<script src="https://play.pokemonshowdown.com/js/replay-embed.js?version'+daily+'"></'+'script>');
</script>
