<!DOCTYPE html>
<meta charset="utf-8" />
<!-- version 1 -->
<title>PU replay: DeaEX vs. Highways ~ ♆</title>
<style>
html,body {font-family:Verdana, sans-serif;font-size:10pt;margin:0;padding:0;}body{padding:12px 0;} .battle-log {font-family:Verdana, sans-serif;font-size:10pt;} .battle-log-inline {border:1px solid #AAAAAA;background:#EEF2F5;color:black;max-width:640px;margin:0 auto 80px;padding-bottom:5px;} .battle-log .inner {padding:4px 8px 0px 8px;} .battle-log .inner-preempt {padding:0 8px 4px 8px;} .battle-log .inner-after {margin-top:0.5em;} .battle-log h2 {margin:0.5em -8px;padding:4px 8px;border:1px solid #AAAAAA;background:#E0E7EA;border-left:0;border-right:0;font-family:Verdana, sans-serif;font-size:13pt;} .battle-log .chat {vertical-align:middle;padding:3px 0 3px 0;font-size:8pt;} .battle-log .chat strong {color:#40576A;} .battle-log .chat em {padding:1px 4px 1px 3px;color:#000000;font-style:normal;} .chat.mine {background:rgba(0,0,0,0.05);margin-left:-8px;margin-right:-8px;padding-left:8px;padding-right:8px;} .spoiler {color:#BBBBBB;background:#BBBBBB;padding:0px 3px;} .spoiler:hover, .spoiler:active, .spoiler-shown {color:#000000;background:#E2E2E2;padding:0px 3px;} .spoiler a {color:#BBBBBB;} .spoiler:hover a, .spoiler:active a, .spoiler-shown a {color:#2288CC;} .chat code, .chat .spoiler:hover code, .chat .spoiler:active code, .chat .spoiler-shown code {border:1px solid #C0C0C0;background:#EEEEEE;color:black;padding:0 2px;} .chat .spoiler code {border:1px solid #CCCCCC;background:#CCCCCC;color:#CCCCCC;} .battle-log .rated {padding:3px 4px;} .battle-log .rated strong {color:white;background:#89A;padding:1px 4px;border-radius:4px;} .spacer {margin-top:0.5em;} .message-announce {background:#6688AA;color:white;padding:1px 4px 2px;} .message-announce a, .broadcast-green a, .broadcast-blue a, .broadcast-red a {color:#DDEEFF;} .broadcast-green {background-color:#559955;color:white;padding:2px 4px;} .broadcast-blue {background-color:#6688AA;color:white;padding:2px 4px;} .infobox {border:1px solid #6688AA;padding:2px 4px;} .infobox-limited {max-height:200px;overflow:auto;overflow-x:hidden;} .broadcast-red {background-color:#AA5544;color:white;padding:2px 4px;} .message-learn-canlearn {font-weight:bold;color:#228822;text-decoration:underline;} .message-learn-cannotlearn {font-weight:bold;color:#CC2222;text-decoration:underline;} .message-effect-weak {font-weight:bold;color:#CC2222;} .message-effect-resist {font-weight:bold;color:#6688AA;} .message-effect-immune {font-weight:bold;color:#666666;} .message-learn-list {margin-top:0;margin-bottom:0;} .message-throttle-notice, .message-error {color:#992222;} .message-overflow, .chat small.message-overflow {font-size:0pt;} .message-overflow::before {font-size:9pt;content:'...';} .subtle {color:#3A4A66;}
</style>
<div class="wrapper replay-wrapper" style="max-width:1180px;margin:0 auto">
<input type="hidden" name="replayid" value="pu-551198783" />
<div class="battle"></div><div class="battle-log"></div><div class="replay-controls"></div><div class="replay-controls-2"></div>
<h1 style="font-weight:normal;text-align:center"><strong>PU</strong><br /><a href="http://pokemonshowdown.com/users/deaex" class="subtle" target="_blank">DeaEX</a> vs. <a href="http://pokemonshowdown.com/users/highways" class="subtle" target="_blank">Highways ~ ♆</a></h1>
<script type="text/plain" class="battle-log-data">|j|DeaEX
|j|Highways ~ ♆
|player|p1|DeaEX|264
|player|p2|Highways ~ ♆|157
|gametype|singles
|gen|6
|tier|PU
|seed|58001,63571,45710,7112
|rule|Sleep Clause Mod: Limit one foe put to sleep
|rule|Species Clause: Limit one of each Pokémon
|rule|OHKO Clause: OHKO moves are banned
|rule|Moody Clause: Moody is banned
|rule|Evasion Moves Clause: Evasion moves are banned
|rule|Endless Battle Clause: Forcing endless battles is banned
|rule|HP Percentage Mod: HP is shown in percentages
|clearpoke
|poke|p1|Zebstrika, M|item
|poke|p1|Servine, F, shiny|item
|poke|p1|Dodrio, M|item
|poke|p1|Swoobat, F|item
|poke|p1|Monferno, F|item
|poke|p1|Probopass, M|item
|poke|p2|Raticate, F|item
|poke|p2|Ursaring, M|item
|poke|p2|Grumpig, F|item
|poke|p2|Quilladin, M|item
|poke|p2|Chinchou, F|item
|poke|p2|Mawile, M|item
|rule|Swagger Clause: Swagger is banned
|rule|Baton Pass Clause: Limit one Baton Passer, can't pass Spe and other stats simultaneously
|teampreview
|j|Luna
|j|Taskr
|j|Megazard
|c|☆DeaEX|yo i hate that grumpig
|j|enemyjurist
|c|☆Highways ~ ♆|hf
|c|☆Highways ~ ♆|this is l0ckjaw's team now
|c|☆Highways ~ ♆|;]
|choice|team 4, team 2, team 3, team 1, team 5, team 6|team 5, team 2, team 3, team 4, team 1, team 6
|
|start
|switch|p1a: LOVE|Swoobat, F|275\/275
|switch|p2a: +.+|Chinchou, F|354\/354
|turn|1
|c|+Luna|what is this
|choice|move calmmind|move voltswitch
|
|move|p1a: LOVE|Calm Mind|p1a: LOVE
|-boost|p1a: LOVE|spa|2
|-boost|p1a: LOVE|spd|2
|move|p2a: +.+|Volt Switch|p1a: LOVE
|-supereffective|p1a: LOVE
|-damage|p1a: LOVE|197\/275
|c|☆Highways ~ ♆|a PU tournament
|c|+Luna|ok
|choice||switch 6
|
|switch|p2a: NAVAL PIRANHA|Mawile, M|304\/304
|-ability|p2a: NAVAL PIRANHA|Intimidate|boost
|-unboost|p1a: LOVE|atk|2
|
|upkeep
|turn|2
|j|ampharos 2.0
|c|☆DeaEX|should i swithc
|c|☆DeaEX|swettch
|c|☆DeaEX|or nat
|c| Taskr|that raticate tho
|choice|switch 6|move stealthrock
|
|switch|p1a: da nose|Probopass, M|304\/304
|move|p2a: NAVAL PIRANHA|Stealth Rock|p1a: da nose
|-sidestart|p1: DeaEX|move: Stealth Rock
|
|upkeep
|turn|3
|c|☆DeaEX|obv fuck no
|j|hamhamhamham
|choice|move stealthrock|move batonpass
|
|move|p1a: da nose|Stealth Rock|p2a: NAVAL PIRANHA
|-sidestart|p2: Highways ~ ♆|move: Stealth Rock
|move|p2a: NAVAL PIRANHA|Baton Pass|p2a: NAVAL PIRANHA
|choice||switch 2
|
|switch|p2a: NASH|Ursaring, M|321\/321
|-damage|p2a: NASH|281\/321|[from] Stealth Rock
|
|-status|p2a: NASH|tox|[from] item: Toxic Orb
|upkeep
|turn|4
|choice|move voltswitch|move closecombat
|
|move|p2a: NASH|Close Combat|p1a: da nose
|-supereffective|p1a: da nose
|-damage|p1a: da nose|0 fnt
|-unboost|p2a: NASH|def|1
|-unboost|p2a: NASH|spd|1
|faint|p1a: da nose
|
|-damage|p2a: NASH|261\/321 tox|[from] psn
|upkeep
|c|☆DeaEX|u hav guts
|c|☆DeaEX|to do this
|choice|switch 5|
|
|switch|p1a: FIGHT!|Monferno, F|269\/269
|-damage|p1a: FIGHT!|236\/269|[from] Stealth Rock
|turn|5
|c|☆Highways ~ ♆|?_?
|l|hamhamhamham
|choice|move closecombat|switch 3
|
|switch|p2a: BIRDIE|Grumpig, F|321\/321
|-damage|p2a: BIRDIE|281\/321|[from] Stealth Rock
|move|p1a: FIGHT!|Close Combat|p2a: BIRDIE
|-resisted|p2a: BIRDIE
|-damage|p2a: BIRDIE|174\/321
|-unboost|p1a: FIGHT!|def|1
|-unboost|p1a: FIGHT!|spd|1
|
|upkeep
|turn|6
|choice|switch 6|move shadowball
|
|switch|p1a: LOVE|Swoobat, F|197\/275
|-damage|p1a: LOVE|129\/275|[from] Stealth Rock
|move|p2a: BIRDIE|Shadow Ball|p1a: LOVE
|-supereffective|p1a: LOVE
|-damage|p1a: LOVE|0 fnt
|faint|p1a: LOVE
|
|upkeep
|c|☆DeaEX|nice pred
|choice|switch 3|
|
|switch|p1a: Hydra|Dodrio, M|261\/261
|-damage|p1a: Hydra|196\/261|[from] Stealth Rock
|turn|7
|c|☆Highways ~ ♆|it was obvious
|c|☆Highways ~ ♆|lmao
|choice|move bravebird|switch 2
|
|switch|p2a: NAVAL PIRANHA|Mawile, M|304\/304
|-damage|p2a: NAVAL PIRANHA|285\/304|[from] Stealth Rock
|-ability|p2a: NAVAL PIRANHA|Intimidate|boost
|-unboost|p1a: Hydra|atk|1
|move|p1a: Hydra|Brave Bird|p2a: NAVAL PIRANHA
|-resisted|p2a: NAVAL PIRANHA
|-crit|p2a: NAVAL PIRANHA
|-damage|p2a: NAVAL PIRANHA|100\/304
|-damage|p1a: Hydra|135\/261|[from] recoil|[of] p2a: NAVAL PIRANHA
|
|-heal|p2a: NAVAL PIRANHA|119\/304|[from] item: Leftovers
|upkeep
|turn|8
|c|☆DeaEX|fuck u switch every 2 secs
|choice|switch 2|move playrough
|
|switch|p1a: Midlord|Servine, F, shiny|324\/324
|-damage|p1a: Midlord|284\/324|[from] Stealth Rock
|move|p2a: NAVAL PIRANHA|Play Rough|p1a: Midlord
|-damage|p1a: Midlord|205\/324
|
|-heal|p2a: NAVAL PIRANHA|138\/304|[from] item: Leftovers
|upkeep
|turn|9
|choice|move synthesis|move batonpass
|
|move|p1a: Midlord|Synthesis|p1a: Midlord
|-heal|p1a: Midlord|324\/324
|move|p2a: NAVAL PIRANHA|Baton Pass|p2a: NAVAL PIRANHA
|choice||switch 5
|
|switch|p2a: MEMELORD|Raticate, F|251\/251
|-damage|p2a: MEMELORD|220\/251|[from] Stealth Rock
|
|-status|p2a: MEMELORD|tox|[from] item: Toxic Orb
|upkeep
|turn|10
|c|☆DeaEX|guts ;-;
|choice|move leafstorm|move swordsdance
|
|move|p2a: MEMELORD|Swords Dance|p2a: MEMELORD
|-boost|p2a: MEMELORD|atk|2
|move|p1a: Midlord|Leaf Storm|p2a: MEMELORD
|-damage|p2a: MEMELORD|81\/251 tox
|-boost|p1a: Midlord|spa|2
|
|-damage|p2a: MEMELORD|66\/251 tox|[from] psn
|upkeep
|turn|11
|choice|move leafstorm|move facade
|
|move|p2a: MEMELORD|Facade|p1a: Midlord
|-damage|p1a: Midlord|0 fnt
|faint|p1a: Midlord
|
|-damage|p2a: MEMELORD|36\/251 tox|[from] psn
|upkeep
|j|Blazikengonnablaze
|c|%Megazard|my favorite part
|choice|switch 6|
|
|switch|p1a: FIGHT!|Monferno, F|236\/269
|-damage|p1a: FIGHT!|203\/269|[from] Stealth Rock
|turn|12
|c|☆DeaEX|no sweep
|choice|move machpunch|move suckerpunch
|
|move|p2a: MEMELORD|Sucker Punch|p1a: FIGHT!
|-resisted|p1a: FIGHT!
|-damage|p1a: FIGHT!|86\/269
|move|p1a: FIGHT!|Mach Punch|p2a: MEMELORD
|-supereffective|p2a: MEMELORD
|-damage|p2a: MEMELORD|0 fnt
|faint|p2a: MEMELORD
|
|upkeep
|l|Blazikengonnablaze
|choice||switch 6
|
|switch|p2a: +.+|Chinchou, F|354\/354
|-damage|p2a: +.+|310\/354|[from] Stealth Rock
|turn|13
|c|%Megazard|is where the u-turn monferno resist is chinchou
|c|☆Highways ~ ♆|rofl
|choice|move closecombat|move scald
|
|move|p1a: FIGHT!|Close Combat|p2a: +.+
|-damage|p2a: +.+|99\/354
|-unboost|p1a: FIGHT!|def|1
|-unboost|p1a: FIGHT!|spd|1
|move|p2a: +.+|Scald|p1a: FIGHT!
|-supereffective|p1a: FIGHT!
|-damage|p1a: FIGHT!|0 fnt
|faint|p1a: FIGHT!
|
|upkeep
|choice|switch 4|
|
|switch|p1a: SipSap|Zebstrika, M|291\/291
|-damage|p1a: SipSap|255\/291|[from] Stealth Rock
|turn|14
|c|☆Highways ~ ♆|yh this team is ultra weak against monferno
|l|enemyjurist
|c|☆DeaEX|volt abserb
|c|☆DeaEX|or no volt abserv
|choice|move thunderbolt|move rest
|
|move|p1a: SipSap|Thunderbolt|p2a: +.+
|-heal|p2a: +.+|187\/354|[from] ability: Volt Absorb|[of] p1a: SipSap
|move|p2a: +.+|Rest|p2a: +.+
|-status|p2a: +.+|slp
|-heal|p2a: +.+|354\/354 slp|[silent]
|-status|p2a: +.+|slp|[from] move: Rest
|
|upkeep
|turn|15
|c|+Luna|abserv
|c|☆Highways ~ ♆|im not volt abserv
|c|☆DeaEX|yes volt abserv
|c|☆Highways ~ ♆|I'm volt absorb
|c|☆Highways ~ ♆|;]
|choice|move overheat|move sleeptalk
|
|move|p1a: SipSap|Overheat|p2a: +.+|[miss]
|-miss|p1a: SipSap|p2a: +.+
|cant|p2a: +.+|slp
|move|p2a: +.+|Sleep Talk|p2a: +.+
|move|p2a: +.+|Volt Switch|p1a: SipSap|[from]Sleep Talk
|-resisted|p1a: SipSap
|-damage|p1a: SipSap|214\/291
|c|☆DeaEX|y u do dis
|choice||switch 2
|
|switch|p2a: BIRDIE|Grumpig, F|174\/321
|-damage|p2a: BIRDIE|134\/321|[from] Stealth Rock
|
|upkeep
|turn|16
|c| Taskr|water absorb isnt a thing on chin lol
|choice|move overheat|move psychic
|
|move|p1a: SipSap|Overheat|p2a: BIRDIE
|-damage|p2a: BIRDIE|72\/321
|-unboost|p1a: SipSap|spa|2
|-damage|p1a: SipSap|185\/291|[from] item: Life Orb
|move|p2a: BIRDIE|Psychic|p1a: SipSap
|-damage|p1a: SipSap|0 fnt
|faint|p1a: SipSap
|
|upkeep
|choice|switch 2|
|
|switch|p1a: Hydra|Dodrio, M|135\/261
|-damage|p1a: Hydra|70\/261|[from] Stealth Rock
|turn|17
|c|☆DeaEX|fuckit
|choice|move knockoff|move psychic
|
|move|p1a: Hydra|Knock Off|p2a: BIRDIE
|-supereffective|p2a: BIRDIE
|-enditem|p2a: BIRDIE|Colbur Berry|[eat]
|-enditem|p2a: BIRDIE|Colbur Berry|[weaken]
|-damage|p2a: BIRDIE|0 fnt
|faint|p2a: BIRDIE
|
|upkeep
|choice||switch 4
|
|switch|p2a: GREENWOOD VILLAGE|Quilladin, M|263\/263
|-damage|p2a: GREENWOOD VILLAGE|231\/263|[from] Stealth Rock
|turn|18
|c|☆DeaEX|g
|c|☆Highways ~ ♆|can i say ggbl now megazard
|c|☆DeaEX|ye
|c|☆DeaEX|im not megazard
|c|%Megazard|yes
|c|☆DeaEX|but wtevs
|c|☆Highways ~ ♆|ggbl
|choice|move knockoff|move drainpunch
|
|move|p1a: Hydra|Knock Off|p2a: GREENWOOD VILLAGE
|-damage|p2a: GREENWOOD VILLAGE|118\/263
|-enditem|p2a: GREENWOOD VILLAGE|Eviolite|[from] move: Knock Off|[of] p1a: Hydra
|move|p2a: GREENWOOD VILLAGE|Drain Punch|p1a: Hydra
|-damage|p1a: Hydra|0 fnt
|-heal|p2a: GREENWOOD VILLAGE|153\/263|[from] drain|[of] p1a: Hydra
|faint|p1a: Hydra
|
|win|Highways ~ ♆</script>
</div>
<div class="battle-log battle-log-inline"><div class="inner"><div class="battle-options"></div><div class="inner"><div class="chat"><small>DeaEX joined.</small></div><div class="chat"><small>Highways ~ ♆ joined.</small></div><div class=""><small>Format:</small> <br><strong>PU</strong></div><div class=""><small><em>Sleep Clause Mod:</em> Limit one foe put to sleep</small></div><div class=""><small><em>Species Clause:</em> Limit one of each Pokémon</small></div><div class=""><small><em>OHKO Clause:</em> OHKO moves are banned</small></div><div class=""><small><em>Moody Clause:</em> Moody is banned</small></div><div class=""><small><em>Evasion Moves Clause:</em> Evasion moves are banned</small></div><div class=""><small><em>Endless Battle Clause:</em> Forcing endless battles is banned</small></div><div class=""><small><em>HP Percentage Mod:</em> HP is shown in percentages</small></div><div class=""><small><em>Swagger Clause:</em> Swagger is banned</small></div><div class=""><small><em>Baton Pass Clause:</em> Limit one Baton Passer, can't pass Spe and other stats simultaneously</small></div><div class="chat battle-history"><strong>DeaEX's team:</strong> <em style="color:#445566;display:block;">Zebstrika / Servine / Dodrio / Swoobat / Monferno / Probopass</em></div><div class="chat battle-history"><strong>Highways ~ ♆'s team:</strong> <em style="color:#445566;display:block;">Raticate / Ursaring / Grumpig / Quilladin / Chinchou / Mawile</em></div><div class="chat"><small>Luna joined.</small></div><div class="chat"><small>Taskr joined.</small></div><div class="chat"><small>Megazard joined.</small></div><div class="chat chatmessage-deaex"><strong style="color:hsl(164,47%,35.35180208162761%)"><small>☆</small><span class="username" data-name="DeaEX">DeaEX</span>:</strong> <em>yo i hate that grumpig</em></div><div class="chat"><small>enemyjurist joined.</small></div><div class="chat chatmessage-highways"><strong style="color:hsl(193,58%,38.666666666666664%)"><small>☆</small><span class="username" data-name="Highways ~ ♆">Highways ~ ♆</span>:</strong> <em>hf</em></div><div class="chat chatmessage-highways"><strong style="color:hsl(193,58%,38.666666666666664%)"><small>☆</small><span class="username" data-name="Highways ~ ♆">Highways ~ ♆</span>:</strong> <em>this is l0ckjaw's team now</em></div><div class="chat chatmessage-highways"><strong style="color:hsl(193,58%,38.666666666666664%)"><small>☆</small><span class="username" data-name="Highways ~ ♆">Highways ~ ♆</span>:</strong> <em>;]</em></div><div class="spacer battle-history"><br></div><div class="battle-history">Battle started between DeaEX and Highways ~ ♆!<br></div><div class="spacer battle-history"><br></div><div class="battle-history">Go! LOVE (<strong>Swoobat</strong>)!<br></div><div class="spacer battle-history"><br></div><div class="battle-history">Highways ~ ♆ sent out +.+ (<strong>Chinchou</strong>)!<br></div><div class="spacer battle-history"><br></div><h2 class="battle-history">Turn 1</h2><div class="chat chatmessage-luna"><strong style="color:hsl(248,44%,63.443716954130565%)"><small>+</small><span class="username" data-name="Luna">Luna</span>:</strong> <em>what is this</em></div><div class="spacer battle-history"><br></div><div class="battle-history">LOVE used <strong>Calm Mind</strong>!<br></div><div class="battle-history"><small>LOVE's Special Attack rose sharply!</small><br></div><div class="battle-history"><small>LOVE's Special Defense rose sharply!</small><br></div><div class="spacer battle-history"><br></div><div class="battle-history">The opposing +.+ used <strong>Volt Switch</strong>!<br></div><div class="battle-history"><small>It's super effective!</small><br></div><div class="battle-history"><small>(LOVE lost <abbr title="−78/275">28.4%</abbr> of its health!)</small><br></div><div class="chat chatmessage-highways"><strong style="color:hsl(193,58%,38.666666666666664%)"><small>☆</small><span class="username" data-name="Highways ~ ♆">Highways ~ ♆</span>:</strong> <em>a PU tournament</em></div><div class="chat chatmessage-luna"><strong style="color:hsl(248,44%,63.443716954130565%)"><small>+</small><span class="username" data-name="Luna">Luna</span>:</strong> <em>ok</em></div><div class="spacer battle-history"><br></div><div class="battle-history">The opposing +.+ went back to Highways ~ ♆!<br></div><div class="battle-history">Highways ~ ♆ sent out NAVAL PIRANHA (<strong>Mawile</strong>)!<br></div><div class="battle-history"><small>[The opposing NAVAL PIRANHA's Intimidate]</small><br></div><div class="battle-history"><small>LOVE's Attack fell harshly!</small><br></div><div class="spacer battle-history"><br></div><h2 class="battle-history">Turn 2</h2><div class="chat"><small>ampharos 2.0 joined.</small></div><div class="chat chatmessage-deaex"><strong style="color:hsl(164,47%,35.35180208162761%)"><small>☆</small><span class="username" data-name="DeaEX">DeaEX</span>:</strong> <em>should i swithc</em></div><div class="chat chatmessage-deaex"><strong style="color:hsl(164,47%,35.35180208162761%)"><small>☆</small><span class="username" data-name="DeaEX">DeaEX</span>:</strong> <em>swettch</em></div><div class="chat chatmessage-deaex"><strong style="color:hsl(164,47%,35.35180208162761%)"><small>☆</small><span class="username" data-name="DeaEX">DeaEX</span>:</strong> <em>or nat</em></div><div class="chat chatmessage-taskr"><strong style="color:hsl(245,67%,63.87397679507551%)"><small> </small><span class="username" data-name="Taskr">Taskr</span>:</strong> <em>that raticate tho</em></div><div class="spacer battle-history"><br></div><div class="battle-history">LOVE, come back!<br></div><div class="battle-history">Go! da nose (<strong>Probopass</strong>)!<br></div><div class="spacer battle-history"><br></div><div class="battle-history">The opposing NAVAL PIRANHA used <strong>Stealth Rock</strong>!<br></div><div class="battle-history"><small>Pointed stones float in the air around your team!</small><br></div><div class="spacer battle-history"><br></div><h2 class="battle-history">Turn 3</h2><div class="chat chatmessage-deaex"><strong style="color:hsl(164,47%,35.35180208162761%)"><small>☆</small><span class="username" data-name="DeaEX">DeaEX</span>:</strong> <em>obv fuck no</em></div><div class="chat"><small>hamhamhamham joined.</small></div><div class="spacer battle-history"><br></div><div class="battle-history">da nose used <strong>Stealth Rock</strong>!<br></div><div class="battle-history"><small>Pointed stones float in the air around the opposing team!</small><br></div><div class="spacer battle-history"><br></div><div class="battle-history">The opposing NAVAL PIRANHA used <strong>Baton Pass</strong>!<br></div><div class="spacer battle-history"><br></div><div class="battle-history">Highways ~ ♆ sent out NASH (<strong>Ursaring</strong>)!<br></div><div class="battle-history"><small>Pointed stones dug into the opposing NASH!</small><br></div><div class="spacer battle-history"><br></div><div class="battle-history"><small>The opposing NASH was badly poisoned!</small><br></div><div class="spacer battle-history"><br></div><h2 class="battle-history">Turn 4</h2><div class="spacer battle-history"><br></div><div class="battle-history">The opposing NASH used <strong>Close Combat</strong>!<br></div><div class="battle-history"><small>It's super effective!</small><br></div><div class="battle-history"><small>(da nose lost <abbr title="−304/304">100%</abbr> of its health!)</small><br></div><div class="battle-history"><small>The opposing NASH's Defense fell!</small><br></div><div class="battle-history"><small>The opposing NASH's Special Defense fell!</small><br></div><div class="spacer battle-history"><br></div><div class="battle-history">da nose fainted!<br></div><div class="spacer battle-history"><br></div><div class="battle-history"><small>The opposing NASH was hurt by poison!</small><br></div><div class="chat chatmessage-deaex"><strong style="color:hsl(164,47%,35.35180208162761%)"><small>☆</small><span class="username" data-name="DeaEX">DeaEX</span>:</strong> <em>u hav guts</em></div><div class="chat chatmessage-deaex"><strong style="color:hsl(164,47%,35.35180208162761%)"><small>☆</small><span class="username" data-name="DeaEX">DeaEX</span>:</strong> <em>to do this</em></div><div class="spacer battle-history"><br></div><div class="battle-history">Go! FIGHT! (<strong>Monferno</strong>)!<br></div><div class="battle-history"><small>Pointed stones dug into FIGHT!!</small><br></div><div class="spacer battle-history"><br></div><h2 class="battle-history">Turn 5</h2><div class="chat chatmessage-highways"><strong style="color:hsl(193,58%,38.666666666666664%)"><small>☆</small><span class="username" data-name="Highways ~ ♆">Highways ~ ♆</span>:</strong> <em>?_?</em></div><div class="chat"><small>hamhamhamham left.</small></div><div class="spacer battle-history"><br></div><div class="battle-history">Highways ~ ♆ withdrew NASH!<br></div><div class="battle-history">Highways ~ ♆ sent out BIRDIE (<strong>Grumpig</strong>)!<br></div><div class="battle-history"><small>Pointed stones dug into the opposing BIRDIE!</small><br></div><div class="spacer battle-history"><br></div><div class="battle-history">FIGHT! used <strong>Close Combat</strong>!<br></div><div class="battle-history"><small>It's not very effective...</small><br></div><div class="battle-history"><small>(The opposing BIRDIE lost <abbr title="−107/321">33.3%</abbr> of its health!)</small><br></div><div class="battle-history"><small>FIGHT!'s Defense fell!</small><br></div><div class="battle-history"><small>FIGHT!'s Special Defense fell!</small><br></div><div class="spacer battle-history"><br></div><h2 class="battle-history">Turn 6</h2><div class="spacer battle-history"><br></div><div class="battle-history">FIGHT!, come back!<br></div><div class="battle-history">Go! LOVE (<strong>Swoobat</strong>)!<br></div><div class="battle-history"><small>Pointed stones dug into LOVE!</small><br></div><div class="spacer battle-history"><br></div><div class="battle-history">The opposing BIRDIE used <strong>Shadow Ball</strong>!<br></div><div class="battle-history"><small>It's super effective!</small><br></div><div class="battle-history"><small>(LOVE lost <abbr title="−129/275">46.9%</abbr> of its health!)</small><br></div><div class="spacer battle-history"><br></div><div class="battle-history">LOVE fainted!<br></div><div class="chat chatmessage-deaex"><strong style="color:hsl(164,47%,35.35180208162761%)"><small>☆</small><span class="username" data-name="DeaEX">DeaEX</span>:</strong> <em>nice pred</em></div><div class="spacer battle-history"><br></div><div class="battle-history">Go! Hydra (<strong>Dodrio</strong>)!<br></div><div class="battle-history"><small>Pointed stones dug into Hydra!</small><br></div><div class="spacer battle-history"><br></div><h2 class="battle-history">Turn 7</h2><div class="chat chatmessage-highways"><strong style="color:hsl(193,58%,38.666666666666664%)"><small>☆</small><span class="username" data-name="Highways ~ ♆">Highways ~ ♆</span>:</strong> <em>it was obvious</em></div><div class="chat chatmessage-highways"><strong style="color:hsl(193,58%,38.666666666666664%)"><small>☆</small><span class="username" data-name="Highways ~ ♆">Highways ~ ♆</span>:</strong> <em>lmao</em></div><div class="spacer battle-history"><br></div><div class="battle-history">Highways ~ ♆ withdrew BIRDIE!<br></div><div class="battle-history">Highways ~ ♆ sent out NAVAL PIRANHA (<strong>Mawile</strong>)!<br></div><div class="battle-history"><small>Pointed stones dug into the opposing NAVAL PIRANHA!</small><br></div><div class="battle-history"><small>[The opposing NAVAL PIRANHA's Intimidate]</small><br></div><div class="battle-history"><small>Hydra's Attack fell!</small><br></div><div class="spacer battle-history"><br></div><div class="battle-history">Hydra used <strong>Brave Bird</strong>!<br></div><div class="battle-history"><small>It's not very effective...</small><br></div><div class="battle-history"><small>A critical hit!</small><br></div><div class="battle-history"><small>(The opposing NAVAL PIRANHA lost <abbr title="−185/304">60.9%</abbr> of its health!)</small><br></div><div class="battle-history"><small>Hydra is damaged by the recoil!</small><br></div><div class="spacer battle-history"><br></div><div class="battle-history"><small>The opposing NAVAL PIRANHA restored a little HP using its Leftovers!</small><br></div><div class="spacer battle-history"><br></div><h2 class="battle-history">Turn 8</h2><div class="chat chatmessage-deaex"><strong style="color:hsl(164,47%,35.35180208162761%)"><small>☆</small><span class="username" data-name="DeaEX">DeaEX</span>:</strong> <em>fuck u switch every 2 secs</em></div><div class="spacer battle-history"><br></div><div class="battle-history">Hydra, come back!<br></div><div class="battle-history">Go! Midlord (<strong>Servine</strong>)!<br></div><div class="battle-history"><small>Pointed stones dug into Midlord!</small><br></div><div class="spacer battle-history"><br></div><div class="battle-history">The opposing NAVAL PIRANHA used <strong>Play Rough</strong>!<br></div><div class="battle-history"><small>(Midlord lost <abbr title="−79/324">24.4%</abbr> of its health!)</small><br></div><div class="spacer battle-history"><br></div><div class="battle-history"><small>The opposing NAVAL PIRANHA restored a little HP using its Leftovers!</small><br></div><div class="spacer battle-history"><br></div><h2 class="battle-history">Turn 9</h2><div class="spacer battle-history"><br></div><div class="battle-history">Midlord used <strong>Synthesis</strong>!<br></div><div class="battle-history"><small>Midlord restored its HP.</small><br></div><div class="spacer battle-history"><br></div><div class="battle-history">The opposing NAVAL PIRANHA used <strong>Baton Pass</strong>!<br></div><div class="spacer battle-history"><br></div><div class="battle-history">Highways ~ ♆ sent out MEMELORD (<strong>Raticate</strong>)!<br></div><div class="battle-history"><small>Pointed stones dug into the opposing MEMELORD!</small><br></div><div class="spacer battle-history"><br></div><div class="battle-history"><small>The opposing MEMELORD was badly poisoned!</small><br></div><div class="spacer battle-history"><br></div><h2 class="battle-history">Turn 10</h2><div class="chat chatmessage-deaex"><strong style="color:hsl(164,47%,35.35180208162761%)"><small>☆</small><span class="username" data-name="DeaEX">DeaEX</span>:</strong> <em>guts ;-;</em></div><div class="spacer battle-history"><br></div><div class="battle-history">The opposing MEMELORD used <strong>Swords Dance</strong>!<br></div><div class="battle-history"><small>The opposing MEMELORD's Attack rose sharply!</small><br></div><div class="spacer battle-history"><br></div><div class="battle-history">Midlord used <strong>Leaf Storm</strong>!<br></div><div class="battle-history"><small>(The opposing MEMELORD lost <abbr title="−139/251">55.4%</abbr> of its health!)</small><br></div><div class="battle-history"><small>Midlord's Special Attack rose sharply!</small><br></div><div class="spacer battle-history"><br></div><div class="battle-history"><small>The opposing MEMELORD was hurt by poison!</small><br></div><div class="spacer battle-history"><br></div><h2 class="battle-history">Turn 11</h2><div class="spacer battle-history"><br></div><div class="battle-history">The opposing MEMELORD used <strong>Facade</strong>!<br></div><div class="battle-history"><small>(Midlord lost <abbr title="−324/324">100%</abbr> of its health!)</small><br></div><div class="spacer battle-history"><br></div><div class="battle-history">Midlord fainted!<br></div><div class="spacer battle-history"><br></div><div class="battle-history"><small>The opposing MEMELORD was hurt by poison!</small><br></div><div class="chat"><small>Blazikengonnablaze joined.</small></div><div class="chat chatmessage-megazard"><strong style="color:hsl(14,76%,46%)"><small>%</small><span class="username" data-name="Megazard">Megazard</span>:</strong> <em>my favorite part</em></div><div class="spacer battle-history"><br></div><div class="battle-history">Go! FIGHT! (<strong>Monferno</strong>)!<br></div><div class="battle-history"><small>Pointed stones dug into FIGHT!!</small><br></div><div class="spacer battle-history"><br></div><h2 class="battle-history">Turn 12</h2><div class="chat chatmessage-deaex"><strong style="color:hsl(164,47%,35.35180208162761%)"><small>☆</small><span class="username" data-name="DeaEX">DeaEX</span>:</strong> <em>no sweep</em></div><div class="spacer battle-history"><br></div><div class="battle-history">The opposing MEMELORD used <strong>Sucker Punch</strong>!<br></div><div class="battle-history"><small>It's not very effective...</small><br></div><div class="battle-history"><small>(FIGHT! lost <abbr title="−117/269">43.5%</abbr> of its health!)</small><br></div><div class="spacer battle-history"><br></div><div class="battle-history">FIGHT! used <strong>Mach Punch</strong>!<br></div><div class="battle-history"><small>It's super effective!</small><br></div><div class="battle-history"><small>(The opposing MEMELORD lost <abbr title="−36/251">14.3%</abbr> of its health!)</small><br></div><div class="spacer battle-history"><br></div><div class="battle-history">The opposing MEMELORD fainted!<br></div><div class="chat"><small>Blazikengonnablaze left.</small></div><div class="spacer battle-history"><br></div><div class="battle-history">Highways ~ ♆ sent out +.+ (<strong>Chinchou</strong>)!<br></div><div class="battle-history"><small>Pointed stones dug into the opposing +.+!</small><br></div><div class="spacer battle-history"><br></div><h2 class="battle-history">Turn 13</h2><div class="chat chatmessage-megazard"><strong style="color:hsl(14,76%,46%)"><small>%</small><span class="username" data-name="Megazard">Megazard</span>:</strong> <em>is where the u-turn monferno resist is chinchou</em></div><div class="chat chatmessage-highways"><strong style="color:hsl(193,58%,38.666666666666664%)"><small>☆</small><span class="username" data-name="Highways ~ ♆">Highways ~ ♆</span>:</strong> <em>rofl</em></div><div class="spacer battle-history"><br></div><div class="battle-history">FIGHT! used <strong>Close Combat</strong>!<br></div><div class="battle-history"><small>(The opposing +.+ lost <abbr title="−211/354">59.6%</abbr> of its health!)</small><br></div><div class="battle-history"><small>FIGHT!'s Defense fell!</small><br></div><div class="battle-history"><small>FIGHT!'s Special Defense fell!</small><br></div><div class="spacer battle-history"><br></div><div class="battle-history">The opposing +.+ used <strong>Scald</strong>!<br></div><div class="battle-history"><small>It's super effective!</small><br></div><div class="battle-history"><small>(FIGHT! lost <abbr title="−86/269">32.0%</abbr> of its health!)</small><br></div><div class="spacer battle-history"><br></div><div class="battle-history">FIGHT! fainted!<br></div><div class="spacer battle-history"><br></div><div class="battle-history">Go! SipSap (<strong>Zebstrika</strong>)!<br></div><div class="battle-history"><small>Pointed stones dug into SipSap!</small><br></div><div class="spacer battle-history"><br></div><h2 class="battle-history">Turn 14</h2><div class="chat chatmessage-highways"><strong style="color:hsl(193,58%,38.666666666666664%)"><small>☆</small><span class="username" data-name="Highways ~ ♆">Highways ~ ♆</span>:</strong> <em>yh this team is ultra weak against monferno</em></div><div class="chat"><small>enemyjurist left.</small></div><div class="chat chatmessage-deaex"><strong style="color:hsl(164,47%,35.35180208162761%)"><small>☆</small><span class="username" data-name="DeaEX">DeaEX</span>:</strong> <em>volt abserb</em></div><div class="chat chatmessage-deaex"><strong style="color:hsl(164,47%,35.35180208162761%)"><small>☆</small><span class="username" data-name="DeaEX">DeaEX</span>:</strong> <em>or no volt abserv</em></div><div class="spacer battle-history"><br></div><div class="battle-history">SipSap used <strong>Thunderbolt</strong>!<br></div><div class="battle-history"><small>[The opposing +.+'s Volt Absorb]</small><br><small>The opposing +.+ restored its HP.</small><br></div><div class="spacer battle-history"><br></div><div class="battle-history">The opposing +.+ used <strong>Rest</strong>!<br></div><div class="battle-history"><small>The opposing +.+ fell asleep!</small><br></div><div class="battle-history"><small>The opposing +.+ slept and became healthy!</small><br></div><div class="spacer battle-history"><br></div><h2 class="battle-history">Turn 15</h2><div class="chat chatmessage-luna"><strong style="color:hsl(248,44%,63.443716954130565%)"><small>+</small><span class="username" data-name="Luna">Luna</span>:</strong> <em>abserv</em></div><div class="chat chatmessage-highways"><strong style="color:hsl(193,58%,38.666666666666664%)"><small>☆</small><span class="username" data-name="Highways ~ ♆">Highways ~ ♆</span>:</strong> <em>im not volt abserv</em></div><div class="chat chatmessage-deaex"><strong style="color:hsl(164,47%,35.35180208162761%)"><small>☆</small><span class="username" data-name="DeaEX">DeaEX</span>:</strong> <em>yes volt abserv</em></div><div class="chat chatmessage-highways"><strong style="color:hsl(193,58%,38.666666666666664%)"><small>☆</small><span class="username" data-name="Highways ~ ♆">Highways ~ ♆</span>:</strong> <em>I'm volt absorb</em></div><div class="chat chatmessage-highways"><strong style="color:hsl(193,58%,38.666666666666664%)"><small>☆</small><span class="username" data-name="Highways ~ ♆">Highways ~ ♆</span>:</strong> <em>;]</em></div><div class="spacer battle-history"><br></div><div class="battle-history">SipSap used <strong>Overheat</strong>!<br></div><div class="battle-history"><small>The opposing +.+ avoided the attack!</small><br></div><div class="spacer battle-history"><br></div><div class="battle-history">The opposing +.+ is fast asleep.<br></div><div class="spacer battle-history"><br></div><div class="battle-history">The opposing +.+ used <strong>Sleep Talk</strong>!<br></div><div class="spacer battle-history"><br></div><div class="battle-history">The opposing +.+ used <strong>Volt Switch</strong>!<br></div><div class="battle-history"><small>It's not very effective...</small><br></div><div class="battle-history"><small>(SipSap lost <abbr title="−41/291">14.1%</abbr> of its health!)</small><br></div><div class="chat chatmessage-deaex"><strong style="color:hsl(164,47%,35.35180208162761%)"><small>☆</small><span class="username" data-name="DeaEX">DeaEX</span>:</strong> <em>y u do dis</em></div><div class="spacer battle-history"><br></div><div class="battle-history">The opposing +.+ went back to Highways ~ ♆!<br></div><div class="battle-history">Highways ~ ♆ sent out BIRDIE (<strong>Grumpig</strong>)!<br></div><div class="battle-history"><small>Pointed stones dug into the opposing BIRDIE!</small><br></div><div class="spacer battle-history"><br></div><h2 class="battle-history">Turn 16</h2><div class="chat chatmessage-taskr"><strong style="color:hsl(245,67%,63.87397679507551%)"><small> </small><span class="username" data-name="Taskr">Taskr</span>:</strong> <em>water absorb isnt a thing on chin lol</em></div><div class="spacer battle-history"><br></div><div class="battle-history">SipSap used <strong>Overheat</strong>!<br></div><div class="battle-history"><small>(The opposing BIRDIE lost <abbr title="−62/321">19.3%</abbr> of its health!)</small><br></div><div class="battle-history"><small>SipSap's Special Attack fell harshly!</small><br></div><div class="battle-history"><small>SipSap lost some of its HP!</small><br></div><div class="spacer battle-history"><br></div><div class="battle-history">The opposing BIRDIE used <strong>Psychic</strong>!<br></div><div class="battle-history"><small>(SipSap lost <abbr title="−185/291">63.6%</abbr> of its health!)</small><br></div><div class="spacer battle-history"><br></div><div class="battle-history">SipSap fainted!<br></div><div class="spacer battle-history"><br></div><div class="battle-history">Go! Hydra (<strong>Dodrio</strong>)!<br></div><div class="battle-history"><small>Pointed stones dug into Hydra!</small><br></div><div class="spacer battle-history"><br></div><h2 class="battle-history">Turn 17</h2><div class="chat chatmessage-deaex"><strong style="color:hsl(164,47%,35.35180208162761%)"><small>☆</small><span class="username" data-name="DeaEX">DeaEX</span>:</strong> <em>fuckit</em></div><div class="spacer battle-history"><br></div><div class="battle-history">Hydra used <strong>Knock Off</strong>!<br></div><div class="battle-history"><small>It's super effective!</small><br></div><div class="battle-history"><small>The opposing BIRDIE ate its Colbur Berry!</small><br></div><div class="battle-history"><small>The Colbur Berry weakened the damage to the opposing BIRDIE!</small><br></div><div class="battle-history"><small>(The opposing BIRDIE lost <abbr title="−72/321">22.4%</abbr> of its health!)</small><br></div><div class="spacer battle-history"><br></div><div class="battle-history">The opposing BIRDIE fainted!<br></div><div class="spacer battle-history"><br></div><div class="battle-history">Highways ~ ♆ sent out GREENWOOD VILLAGE (<strong>Quilladin</strong>)!<br></div><div class="battle-history"><small>Pointed stones dug into the opposing GREENWOOD VILLAGE!</small><br></div><div class="spacer battle-history"><br></div><h2 class="battle-history">Turn 18</h2><div class="chat chatmessage-deaex"><strong style="color:hsl(164,47%,35.35180208162761%)"><small>☆</small><span class="username" data-name="DeaEX">DeaEX</span>:</strong> <em>g</em></div><div class="chat chatmessage-highways"><strong style="color:hsl(193,58%,38.666666666666664%)"><small>☆</small><span class="username" data-name="Highways ~ ♆">Highways ~ ♆</span>:</strong> <em>can i say ggbl now megazard</em></div><div class="chat chatmessage-deaex"><strong style="color:hsl(164,47%,35.35180208162761%)"><small>☆</small><span class="username" data-name="DeaEX">DeaEX</span>:</strong> <em>ye</em></div><div class="chat chatmessage-deaex"><strong style="color:hsl(164,47%,35.35180208162761%)"><small>☆</small><span class="username" data-name="DeaEX">DeaEX</span>:</strong> <em>im not megazard</em></div><div class="chat chatmessage-megazard"><strong style="color:hsl(14,76%,46%)"><small>%</small><span class="username" data-name="Megazard">Megazard</span>:</strong> <em>yes</em></div><div class="chat chatmessage-deaex"><strong style="color:hsl(164,47%,35.35180208162761%)"><small>☆</small><span class="username" data-name="DeaEX">DeaEX</span>:</strong> <em>but wtevs</em></div><div class="chat chatmessage-highways"><strong style="color:hsl(193,58%,38.666666666666664%)"><small>☆</small><span class="username" data-name="Highways ~ ♆">Highways ~ ♆</span>:</strong> <em>ggbl</em></div><div class="spacer battle-history"><br></div><div class="battle-history">Hydra used <strong>Knock Off</strong>!<br></div><div class="battle-history"><small>(The opposing GREENWOOD VILLAGE lost <abbr title="−113/263">43.0%</abbr> of its health!)</small><br></div><div class="battle-history"><small>Hydra knocked off the opposing GREENWOOD VILLAGE's Eviolite!</small><br></div><div class="spacer battle-history"><br></div><div class="battle-history">The opposing GREENWOOD VILLAGE used <strong>Drain Punch</strong>!<br></div><div class="battle-history"><small>(Hydra lost <abbr title="−70/261">26.8%</abbr> of its health!)</small><br></div><div class="battle-history"><small>Hydra had its energy drained!</small><br></div><div class="spacer battle-history"><br></div><div class="battle-history">Hydra fainted!<br></div><div class="spacer battle-history"><br></div><div class="battle-history"><strong>Highways ~ ♆</strong> won the battle!<br></div></div><div class="inner-preempt"></div></div></div>
</div>
<script>
let daily = Math.floor(Date.now()/1000/60/60/24);document.write('<script src="https://play.pokemonshowdown.com/js/replay-embed.js?version'+daily+'"></'+'script>');
</script>
