<!DOCTYPE html>
<meta charset="utf-8" />
<!-- version 1 -->
<title>PU replay: Literally lit vs. Disjunction!!</title>
<style>
html,body {font-family:Verdana, sans-serif;font-size:10pt;margin:0;padding:0;}body{padding:12px 0;} .battle-log {font-family:Verdana, sans-serif;font-size:10pt;} .battle-log-inline {border:1px solid #AAAAAA;background:#EEF2F5;color:black;max-width:640px;margin:0 auto 80px;padding-bottom:5px;} .battle-log .inner {padding:4px 8px 0px 8px;} .battle-log .inner-preempt {padding:0 8px 4px 8px;} .battle-log .inner-after {margin-top:0.5em;} .battle-log h2 {margin:0.5em -8px;padding:4px 8px;border:1px solid #AAAAAA;background:#E0E7EA;border-left:0;border-right:0;font-family:Verdana, sans-serif;font-size:13pt;} .battle-log .chat {vertical-align:middle;padding:3px 0 3px 0;font-size:8pt;} .battle-log .chat strong {color:#40576A;} .battle-log .chat em {padding:1px 4px 1px 3px;color:#000000;font-style:normal;} .chat.mine {background:rgba(0,0,0,0.05);margin-left:-8px;margin-right:-8px;padding-left:8px;padding-right:8px;} .spoiler {color:#BBBBBB;background:#BBBBBB;padding:0px 3px;} .spoiler:hover, .spoiler:active, .spoiler-shown {color:#000000;background:#E2E2E2;padding:0px 3px;} .spoiler a {color:#BBBBBB;} .spoiler:hover a, .spoiler:active a, .spoiler-shown a {color:#2288CC;} .chat code, .chat .spoiler:hover code, .chat .spoiler:active code, .chat .spoiler-shown code {border:1px solid #C0C0C0;background:#EEEEEE;color:black;padding:0 2px;} .chat .spoiler code {border:1px solid #CCCCCC;background:#CCCCCC;color:#CCCCCC;} .battle-log .rated {padding:3px 4px;} .battle-log .rated strong {color:white;background:#89A;padding:1px 4px;border-radius:4px;} .spacer {margin-top:0.5em;} .message-announce {background:#6688AA;color:white;padding:1px 4px 2px;} .message-announce a, .broadcast-green a, .broadcast-blue a, .broadcast-red a {color:#DDEEFF;} .broadcast-green {background-color:#559955;color:white;padding:2px 4px;} .broadcast-blue {background-color:#6688AA;color:white;padding:2px 4px;} .infobox {border:1px solid #6688AA;padding:2px 4px;} .infobox-limited {max-height:200px;overflow:auto;overflow-x:hidden;} .broadcast-red {background-color:#AA5544;color:white;padding:2px 4px;} .message-learn-canlearn {font-weight:bold;color:#228822;text-decoration:underline;} .message-learn-cannotlearn {font-weight:bold;color:#CC2222;text-decoration:underline;} .message-effect-weak {font-weight:bold;color:#CC2222;} .message-effect-resist {font-weight:bold;color:#6688AA;} .message-effect-immune {font-weight:bold;color:#666666;} .message-learn-list {margin-top:0;margin-bottom:0;} .message-throttle-notice, .message-error {color:#992222;} .message-overflow, .chat small.message-overflow {font-size:0pt;} .message-overflow::before {font-size:9pt;content:'...';} .subtle {color:#3A4A66;}
</style>
<div class="wrapper replay-wrapper" style="max-width:1180px;margin:0 auto">
<input type="hidden" name="replayid" value="pu-568963663" />
<div class="battle"></div><div class="battle-log"></div><div class="replay-controls"></div><div class="replay-controls-2"></div>
<h1 style="font-weight:normal;text-align:center"><strong>PU</strong><br /><a href="http://pokemonshowdown.com/users/literallylit" class="subtle" target="_blank">Literally lit</a> vs. <a href="http://pokemonshowdown.com/users/disjunction" class="subtle" target="_blank">Disjunction!!</a></h1>
<script type="text/plain" class="battle-log-data">|j|Literally lit
|j|Disjunction!!
|player|p1|Literally lit|170
|player|p2|Disjunction!!|#disjunction
|gametype|singles
|gen|6
|tier|PU
|seed|3763,32096,56134,42984
|rule|Sleep Clause Mod: Limit one foe put to sleep
|rule|Species Clause: Limit one of each Pokémon
|rule|OHKO Clause: OHKO moves are banned
|rule|Moody Clause: Moody is banned
|rule|Evasion Moves Clause: Evasion moves are banned
|rule|Endless Battle Clause: Forcing endless battles is banned
|rule|HP Percentage Mod: HP is shown in percentages
|clearpoke
|poke|p1|Frogadier, F|item
|poke|p1|Bouffalant, M|item
|poke|p1|Combusken, F|item
|poke|p1|Mawile, M|item
|poke|p1|Zebstrika, M|item
|poke|p1|Crustle, M|item
|poke|p2|Crustle, F|item
|poke|p2|Misdreavus, M|item
|poke|p2|Stoutland, M|item
|poke|p2|Monferno, M|item
|poke|p2|Electrode|item
|poke|p2|Floatzel, F|item
|rule|Swagger Clause: Swagger is banned
|rule|Baton Pass Clause: Limit one Baton Passer, can't pass Spe and other stats simultaneously
|teampreview
|c|☆Disjunction!!|hf
|j|LucyBellNeedsGlory
|c|☆Literally lit|Hf
|j|Slowbroth
|choice|team 1, team 2, team 3, team 4, team 5, team 6|team 1, team 2, team 3, team 4, team 5, team 6
|
|start
|switch|p1a: Frogadier|Frogadier, F|249\/249
|switch|p2a: Crustle|Crustle, F|281\/281
|turn|1
|choice|move taunt|move stealthrock
|
|move|p1a: Frogadier|Taunt|p2a: Crustle
|-start|p1a: Frogadier|typechange|Dark|[from] Protean
|-start|p2a: Crustle|move: Taunt
|cant|p2a: Crustle|move: Taunt|Stealth Rock
|
|upkeep
|turn|2
|j|ShuckleDeath
|choice|move toxicspikes|move xscissor
|
|move|p1a: Frogadier|Toxic Spikes|p2a: Crustle
|-start|p1a: Frogadier|typechange|Poison|[from] Protean
|-sidestart|p2: Disjunction!!|move: Toxic Spikes
|move|p2a: Crustle|X-Scissor|p1a: Frogadier
|-resisted|p1a: Frogadier
|-damage|p1a: Frogadier|156\/249
|
|upkeep
|turn|3
|choice|move icebeam|switch 6
|
|switch|p2a: Floatzel|Floatzel, F|311\/311
|-status|p2a: Floatzel|psn
|move|p1a: Frogadier|Ice Beam|p2a: Floatzel
|-start|p1a: Frogadier|typechange|Ice|[from] Protean
|-resisted|p2a: Floatzel
|-damage|p2a: Floatzel|206\/311 psn
|
|-damage|p2a: Floatzel|168\/311 psn|[from] psn
|upkeep
|turn|4
|choice|switch 2|move waterfall
|
|switch|p1a: Bouffalant|Bouffalant, M|394\/394
|move|p2a: Floatzel|Waterfall|p1a: Bouffalant
|-crit|p1a: Bouffalant
|-damage|p1a: Bouffalant|156\/394
|-damage|p2a: Floatzel|137\/311 psn|[from] item: Life Orb
|
|-heal|p1a: Bouffalant|180\/394|[from] item: Leftovers
|-damage|p2a: Floatzel|99\/311 psn|[from] psn
|upkeep
|turn|5
|choice|move earthquake|move waterfall
|
|move|p2a: Floatzel|Waterfall|p1a: Bouffalant
|-damage|p1a: Bouffalant|19\/394
|-damage|p2a: Floatzel|68\/311 psn|[from] item: Life Orb
|move|p1a: Bouffalant|Earthquake|p2a: Floatzel
|-damage|p2a: Floatzel|0 fnt
|faint|p2a: Floatzel
|
|-heal|p1a: Bouffalant|43\/394|[from] item: Leftovers
|upkeep
|choice||switch 6
|
|switch|p2a: Crustle|Crustle, F|281\/281
|-status|p2a: Crustle|psn
|turn|6
|choice|switch 2|move stealthrock
|
|switch|p1a: Frogadier|Frogadier, F|156\/249
|move|p2a: Crustle|Stealth Rock|p1a: Frogadier
|-sidestart|p1: Literally lit|move: Stealth Rock
|
|-damage|p2a: Crustle|246\/281 psn|[from] psn
|upkeep
|turn|7
|choice|move hydropump|move xscissor
|
|move|p1a: Frogadier|Hydro Pump|p2a: Crustle|[miss]
|-miss|p1a: Frogadier|p2a: Crustle
|move|p2a: Crustle|X-Scissor|p1a: Frogadier
|-damage|p1a: Frogadier|0 fnt
|faint|p1a: Frogadier
|
|-damage|p2a: Crustle|211\/281 psn|[from] psn
|upkeep
|c|☆Disjunction!!|sorry
|j|givemecash
|l|Slowbroth
|choice|switch 5|
|
|switch|p1a: Zebstrika|Zebstrika, M|291\/291
|-damage|p1a: Zebstrika|255\/291|[from] Stealth Rock
|turn|8
|choice|move thunderbolt|move spikes
|
|move|p1a: Zebstrika|Thunderbolt|p2a: Crustle
|-damage|p2a: Crustle|0 fnt
|faint|p2a: Crustle
|
|upkeep
|choice||switch 2
|
|switch|p2a: Misdreavus|Misdreavus, M|261\/261
|turn|9
|choice|move thunderbolt|move shadowball
|
|move|p1a: Zebstrika|Thunderbolt|p2a: Misdreavus
|-damage|p2a: Misdreavus|132\/261
|move|p2a: Misdreavus|Shadow Ball|p1a: Zebstrika
|-damage|p1a: Zebstrika|108\/291
|
|upkeep
|turn|10
|choice|move thunderbolt|move shadowball
|
|move|p1a: Zebstrika|Thunderbolt|p2a: Misdreavus
|-damage|p2a: Misdreavus|3\/261
|move|p2a: Misdreavus|Shadow Ball|p1a: Zebstrika
|-damage|p1a: Zebstrika|0 fnt
|faint|p1a: Zebstrika
|
|upkeep
|choice|switch 3|
|
|switch|p1a: Combusken|Combusken, F|261\/261
|-damage|p1a: Combusken|229\/261|[from] Stealth Rock
|turn|11
|choice|move protect|move shadowball
|
|move|p1a: Combusken|Protect|p1a: Combusken
|-singleturn|p1a: Combusken|Protect
|move|p2a: Misdreavus|Shadow Ball|p1a: Combusken
|-activate|p1a: Combusken|move: Protect
|
|-ability|p1a: Combusken|Speed Boost|boost
|-boost|p1a: Combusken|spe|1
|upkeep
|turn|12
|choice|move fireblast|move shadowball
|
|move|p1a: Combusken|Fire Blast|p2a: Misdreavus
|-damage|p2a: Misdreavus|0 fnt
|-damage|p1a: Combusken|203\/261|[from] item: Life Orb
|faint|p2a: Misdreavus
|
|-ability|p1a: Combusken|Speed Boost|boost
|-boost|p1a: Combusken|spe|1
|upkeep
|choice||switch 4
|
|switch|p2a: Monferno|Monferno, M|269\/269
|-status|p2a: Monferno|psn
|turn|13
|choice|move protect|move closecombat
|
|move|p1a: Combusken|Protect|p1a: Combusken
|-singleturn|p1a: Combusken|Protect
|move|p2a: Monferno|Close Combat|p1a: Combusken
|-activate|p1a: Combusken|move: Protect
|
|-damage|p2a: Monferno|236\/269 psn|[from] psn
|-ability|p1a: Combusken|Speed Boost|boost
|-boost|p1a: Combusken|spe|1
|upkeep
|turn|14
|choice|move focusblast|move closecombat
|
|move|p1a: Combusken|Focus Blast|p2a: Monferno|[miss]
|-miss|p1a: Combusken|p2a: Monferno
|move|p2a: Monferno|Close Combat|p1a: Combusken
|-damage|p1a: Combusken|0 fnt
|-unboost|p2a: Monferno|def|1
|-unboost|p2a: Monferno|spd|1
|-damage|p2a: Monferno|210\/269 psn|[from] item: Life Orb
|faint|p1a: Combusken
|
|-damage|p2a: Monferno|177\/269 psn|[from] psn
|upkeep
|c|☆Disjunction!!|:\/
|choice|switch 6|
|
|switch|p1a: Crustle|Crustle, M|281\/281
|-damage|p1a: Crustle|211\/281|[from] Stealth Rock
|turn|15
|choice|move stoneedge|move closecombat
|
|move|p2a: Monferno|Close Combat|p1a: Crustle
|-crit|p1a: Crustle
|-damage|p1a: Crustle|0 fnt
|-unboost|p2a: Monferno|def|1
|-unboost|p2a: Monferno|spd|1
|-damage|p2a: Monferno|151\/269 psn|[from] item: Life Orb
|faint|p1a: Crustle
|
|-damage|p2a: Monferno|118\/269 psn|[from] psn
|upkeep
|-message|Disjunction!! forfeited.
|
|win|Literally lit
|c| LucyBellNeedsGlory|lol
|c|☆Disjunction!!|I gtg anyhow
|c|☆Disjunction!!|sorry
|c|☆Disjunction!!|gg
|c|@ShuckleDeath|disjuction must be italian
|l|Disjunction!!
|c|☆Literally lit|Gg</script>
</div>
<div class="battle-log battle-log-inline"><div class="inner"><div class="battle-options"></div><div class="inner"><div class="chat"><small>Literally lit joined.</small></div><div class="chat"><small>Disjunction!! joined.</small></div><div class=""><small>Format:</small> <br><strong>PU</strong></div><div class=""><small><em>Sleep Clause Mod:</em> Limit one foe put to sleep</small></div><div class=""><small><em>Species Clause:</em> Limit one of each Pokémon</small></div><div class=""><small><em>OHKO Clause:</em> OHKO moves are banned</small></div><div class=""><small><em>Moody Clause:</em> Moody is banned</small></div><div class=""><small><em>Evasion Moves Clause:</em> Evasion moves are banned</small></div><div class=""><small><em>Endless Battle Clause:</em> Forcing endless battles is banned</small></div><div class=""><small><em>HP Percentage Mod:</em> HP is shown in percentages</small></div><div class=""><small><em>Swagger Clause:</em> Swagger is banned</small></div><div class=""><small><em>Baton Pass Clause:</em> Limit one Baton Passer, can't pass Spe and other stats simultaneously</small></div><div class="chat battle-history"><strong>Literally lit's team:</strong> <em style="color:#445566;display:block;">Frogadier / Bouffalant / Combusken / Mawile / Zebstrika / Crustle</em></div><div class="chat battle-history"><strong>Disjunction!!'s team:</strong> <em style="color:#445566;display:block;">Crustle / Misdreavus / Stoutland / Monferno / Electrode / Floatzel</em></div><div class="chat chatmessage-disjunction"><strong style="color:hsl(184,62%,41.666666666666664%)"><small>☆</small><span class="username" data-name="Disjunction!!">Disjunction!!</span>:</strong> <em>hf</em></div><div class="chat"><small>LucyBellNeedsGlory joined.</small></div><div class="chat chatmessage-literallylit"><strong style="color:hsl(121,71%,30%)"><small>☆</small><span class="username" data-name="Literally lit">Literally lit</span>:</strong> <em>Hf</em></div><div class="chat"><small>Slowbroth joined.</small></div><div class="spacer battle-history"><br></div><div class="battle-history">Battle started between Literally lit and Disjunction!!!<br></div><div class="spacer battle-history"><br></div><div class="battle-history">Go! <strong>Frogadier</strong>!<br></div><div class="spacer battle-history"><br></div><div class="battle-history">Disjunction!! sent out <strong>Crustle</strong>!<br></div><div class="spacer battle-history"><br></div><h2 class="battle-history">Turn 1</h2><div class="spacer battle-history"><br></div><div class="battle-history">Frogadier used <strong>Taunt</strong>!<br></div><div class="spacer battle-history"><br></div><div class="battle-history"><small>[Frogadier's Protean]</small><br><small>Frogadier transformed into the Dark type!</small><br></div><div class="battle-history"><small>The opposing Crustle fell for the taunt!</small><br></div><div class="spacer battle-history"><br></div><div class="battle-history">The opposing Crustle can't use Stealth Rock after the taunt!<br></div><div class="spacer battle-history"><br></div><h2 class="battle-history">Turn 2</h2><div class="chat"><small>ShuckleDeath joined.</small></div><div class="spacer battle-history"><br></div><div class="battle-history">Frogadier used <strong>Toxic Spikes</strong>!<br></div><div class="spacer battle-history"><br></div><div class="battle-history"><small>[Frogadier's Protean]</small><br><small>Frogadier transformed into the Poison type!</small><br></div><div class="battle-history"><small>Poison spikes were scattered on the ground all around the opposing team!</small><br></div><div class="spacer battle-history"><br></div><div class="battle-history">The opposing Crustle used <strong>X-Scissor</strong>!<br></div><div class="battle-history"><small>It's not very effective...</small><br></div><div class="battle-history"><small>(Frogadier lost <abbr title="−93/249">37.3%</abbr> of its health!)</small><br></div><div class="spacer battle-history"><br></div><h2 class="battle-history">Turn 3</h2><div class="spacer battle-history"><br></div><div class="battle-history">Disjunction!! withdrew Crustle!<br></div><div class="battle-history">Disjunction!! sent out <strong>Floatzel</strong>!<br></div><div class="battle-history"><small>The opposing Floatzel was poisoned!</small><br></div><div class="spacer battle-history"><br></div><div class="battle-history">Frogadier used <strong>Ice Beam</strong>!<br></div><div class="spacer battle-history"><br></div><div class="battle-history"><small>[Frogadier's Protean]</small><br><small>Frogadier transformed into the Ice type!</small><br></div><div class="battle-history"><small>It's not very effective...</small><br></div><div class="battle-history"><small>(The opposing Floatzel lost <abbr title="−105/311">33.8%</abbr> of its health!)</small><br></div><div class="spacer battle-history"><br></div><div class="battle-history"><small>The opposing Floatzel was hurt by poison!</small><br></div><div class="spacer battle-history"><br></div><h2 class="battle-history">Turn 4</h2><div class="spacer battle-history"><br></div><div class="battle-history">Frogadier, come back!<br></div><div class="battle-history">Go! <strong>Bouffalant</strong>!<br></div><div class="spacer battle-history"><br></div><div class="battle-history">The opposing Floatzel used <strong>Waterfall</strong>!<br></div><div class="battle-history"><small>A critical hit!</small><br></div><div class="battle-history"><small>(Bouffalant lost <abbr title="−238/394">60.4%</abbr> of its health!)</small><br></div><div class="battle-history"><small>The opposing Floatzel lost some of its HP!</small><br></div><div class="spacer battle-history"><br></div><div class="battle-history"><small>Bouffalant restored a little HP using its Leftovers!</small><br></div><div class="battle-history"><small>The opposing Floatzel was hurt by poison!</small><br></div><div class="spacer battle-history"><br></div><h2 class="battle-history">Turn 5</h2><div class="spacer battle-history"><br></div><div class="battle-history">The opposing Floatzel used <strong>Waterfall</strong>!<br></div><div class="battle-history"><small>(Bouffalant lost <abbr title="−161/394">40.9%</abbr> of its health!)</small><br></div><div class="battle-history"><small>The opposing Floatzel lost some of its HP!</small><br></div><div class="spacer battle-history"><br></div><div class="battle-history">Bouffalant used <strong>Earthquake</strong>!<br></div><div class="battle-history"><small>(The opposing Floatzel lost <abbr title="−68/311">21.9%</abbr> of its health!)</small><br></div><div class="spacer battle-history"><br></div><div class="battle-history">The opposing Floatzel fainted!<br></div><div class="spacer battle-history"><br></div><div class="battle-history"><small>Bouffalant restored a little HP using its Leftovers!</small><br></div><div class="spacer battle-history"><br></div><div class="battle-history">Disjunction!! sent out <strong>Crustle</strong>!<br></div><div class="battle-history"><small>The opposing Crustle was poisoned!</small><br></div><div class="spacer battle-history"><br></div><h2 class="battle-history">Turn 6</h2><div class="spacer battle-history"><br></div><div class="battle-history">Bouffalant, come back!<br></div><div class="battle-history">Go! <strong>Frogadier</strong>!<br></div><div class="spacer battle-history"><br></div><div class="battle-history">The opposing Crustle used <strong>Stealth Rock</strong>!<br></div><div class="battle-history"><small>Pointed stones float in the air around your team!</small><br></div><div class="spacer battle-history"><br></div><div class="battle-history"><small>The opposing Crustle was hurt by poison!</small><br></div><div class="spacer battle-history"><br></div><h2 class="battle-history">Turn 7</h2><div class="spacer battle-history"><br></div><div class="battle-history">Frogadier used <strong>Hydro Pump</strong>!<br></div><div class="battle-history"><small>The opposing Crustle avoided the attack!</small><br></div><div class="spacer battle-history"><br></div><div class="battle-history">The opposing Crustle used <strong>X-Scissor</strong>!<br></div><div class="battle-history"><small>(Frogadier lost <abbr title="−156/249">62.7%</abbr> of its health!)</small><br></div><div class="spacer battle-history"><br></div><div class="battle-history">Frogadier fainted!<br></div><div class="spacer battle-history"><br></div><div class="battle-history"><small>The opposing Crustle was hurt by poison!</small><br></div><div class="chat chatmessage-disjunction"><strong style="color:hsl(184,62%,41.666666666666664%)"><small>☆</small><span class="username" data-name="Disjunction!!">Disjunction!!</span>:</strong> <em>sorry</em></div><div class="chat"><small>givemecash joined.</small></div><div class="chat"><small>Slowbroth left.</small></div><div class="spacer battle-history"><br></div><div class="battle-history">Go! <strong>Zebstrika</strong>!<br></div><div class="battle-history"><small>Pointed stones dug into Zebstrika!</small><br></div><div class="spacer battle-history"><br></div><h2 class="battle-history">Turn 8</h2><div class="spacer battle-history"><br></div><div class="battle-history">Zebstrika used <strong>Thunderbolt</strong>!<br></div><div class="battle-history"><small>(The opposing Crustle lost <abbr title="−211/281">75.1%</abbr> of its health!)</small><br></div><div class="spacer battle-history"><br></div><div class="battle-history">The opposing Crustle fainted!<br></div><div class="spacer battle-history"><br></div><div class="battle-history">Disjunction!! sent out <strong>Misdreavus</strong>!<br></div><div class="spacer battle-history"><br></div><h2 class="battle-history">Turn 9</h2><div class="spacer battle-history"><br></div><div class="battle-history">Zebstrika used <strong>Thunderbolt</strong>!<br></div><div class="battle-history"><small>(The opposing Misdreavus lost <abbr title="−129/261">49.4%</abbr> of its health!)</small><br></div><div class="spacer battle-history"><br></div><div class="battle-history">The opposing Misdreavus used <strong>Shadow Ball</strong>!<br></div><div class="battle-history"><small>(Zebstrika lost <abbr title="−147/291">50.5%</abbr> of its health!)</small><br></div><div class="spacer battle-history"><br></div><h2 class="battle-history">Turn 10</h2><div class="spacer battle-history"><br></div><div class="battle-history">Zebstrika used <strong>Thunderbolt</strong>!<br></div><div class="battle-history"><small>(The opposing Misdreavus lost <abbr title="−129/261">49.4%</abbr> of its health!)</small><br></div><div class="spacer battle-history"><br></div><div class="battle-history">The opposing Misdreavus used <strong>Shadow Ball</strong>!<br></div><div class="battle-history"><small>(Zebstrika lost <abbr title="−108/291">37.1%</abbr> of its health!)</small><br></div><div class="spacer battle-history"><br></div><div class="battle-history">Zebstrika fainted!<br></div><div class="spacer battle-history"><br></div><div class="battle-history">Go! <strong>Combusken</strong>!<br></div><div class="battle-history"><small>Pointed stones dug into Combusken!</small><br></div><div class="spacer battle-history"><br></div><h2 class="battle-history">Turn 11</h2><div class="spacer battle-history"><br></div><div class="battle-history">Combusken used <strong>Protect</strong>!<br></div><div class="battle-history"><small>Combusken protected itself!</small><br></div><div class="spacer battle-history"><br></div><div class="battle-history">The opposing Misdreavus used <strong>Shadow Ball</strong>!<br></div><div class="battle-history"><small>Combusken protected itself!</small><br></div><div class="spacer battle-history"><br></div><div class="battle-history"><small>[Combusken's Speed Boost]</small><br></div><div class="battle-history"><small>Combusken's Speed rose!</small><br></div><div class="spacer battle-history"><br></div><h2 class="battle-history">Turn 12</h2><div class="spacer battle-history"><br></div><div class="battle-history">Combusken used <strong>Fire Blast</strong>!<br></div><div class="battle-history"><small>(The opposing Misdreavus lost <abbr title="−3/261">1.1%</abbr> of its health!)</small><br></div><div class="battle-history"><small>Combusken lost some of its HP!</small><br></div><div class="spacer battle-history"><br></div><div class="battle-history">The opposing Misdreavus fainted!<br></div><div class="spacer battle-history"><br></div><div class="battle-history"><small>[Combusken's Speed Boost]</small><br></div><div class="battle-history"><small>Combusken's Speed rose!</small><br></div><div class="spacer battle-history"><br></div><div class="battle-history">Disjunction!! sent out <strong>Monferno</strong>!<br></div><div class="battle-history"><small>The opposing Monferno was poisoned!</small><br></div><div class="spacer battle-history"><br></div><h2 class="battle-history">Turn 13</h2><div class="spacer battle-history"><br></div><div class="battle-history">Combusken used <strong>Protect</strong>!<br></div><div class="battle-history"><small>Combusken protected itself!</small><br></div><div class="spacer battle-history"><br></div><div class="battle-history">The opposing Monferno used <strong>Close Combat</strong>!<br></div><div class="battle-history"><small>Combusken protected itself!</small><br></div><div class="spacer battle-history"><br></div><div class="battle-history"><small>The opposing Monferno was hurt by poison!</small><br></div><div class="battle-history"><small>[Combusken's Speed Boost]</small><br></div><div class="battle-history"><small>Combusken's Speed rose!</small><br></div><div class="spacer battle-history"><br></div><h2 class="battle-history">Turn 14</h2><div class="spacer battle-history"><br></div><div class="battle-history">Combusken used <strong>Focus Blast</strong>!<br></div><div class="battle-history"><small>The opposing Monferno avoided the attack!</small><br></div><div class="spacer battle-history"><br></div><div class="battle-history">The opposing Monferno used <strong>Close Combat</strong>!<br></div><div class="battle-history"><small>(Combusken lost <abbr title="−203/261">77.8%</abbr> of its health!)</small><br></div><div class="battle-history"><small>The opposing Monferno's Defense fell!</small><br></div><div class="battle-history"><small>The opposing Monferno's Special Defense fell!</small><br></div><div class="battle-history"><small>The opposing Monferno lost some of its HP!</small><br></div><div class="spacer battle-history"><br></div><div class="battle-history">Combusken fainted!<br></div><div class="spacer battle-history"><br></div><div class="battle-history"><small>The opposing Monferno was hurt by poison!</small><br></div><div class="chat chatmessage-disjunction"><strong style="color:hsl(184,62%,41.666666666666664%)"><small>☆</small><span class="username" data-name="Disjunction!!">Disjunction!!</span>:</strong> <em>:/</em></div><div class="spacer battle-history"><br></div><div class="battle-history">Go! <strong>Crustle</strong>!<br></div><div class="battle-history"><small>Pointed stones dug into Crustle!</small><br></div><div class="spacer battle-history"><br></div><h2 class="battle-history">Turn 15</h2><div class="spacer battle-history"><br></div><div class="battle-history">The opposing Monferno used <strong>Close Combat</strong>!<br></div><div class="battle-history"><small>A critical hit!</small><br></div><div class="battle-history"><small>(Crustle lost <abbr title="−211/281">75.1%</abbr> of its health!)</small><br></div><div class="battle-history"><small>The opposing Monferno's Defense fell!</small><br></div><div class="battle-history"><small>The opposing Monferno's Special Defense fell!</small><br></div><div class="battle-history"><small>The opposing Monferno lost some of its HP!</small><br></div><div class="spacer battle-history"><br></div><div class="battle-history">Crustle fainted!<br></div><div class="spacer battle-history"><br></div><div class="battle-history"><small>The opposing Monferno was hurt by poison!</small><br></div><div class="spacer battle-history"><br></div><div class="battle-history"><small>Disjunction!! forfeited.</small><br></div><div class="spacer battle-history"><br></div><div class="battle-history"><strong>Literally lit</strong> won the battle!<br></div><div class="chat chatmessage-lucybellneedsglory"><strong style="color:hsl(266,49%,57.88865576841161%)"><small> </small><span class="username" data-name="LucyBellNeedsGlory">LucyBellNeedsGlory</span>:</strong> <em>lol</em></div><div class="chat chatmessage-disjunction"><strong style="color:hsl(184,62%,41.666666666666664%)"><small>☆</small><span class="username" data-name="Disjunction!!">Disjunction!!</span>:</strong> <em>I gtg anyhow</em></div><div class="chat chatmessage-disjunction"><strong style="color:hsl(184,62%,41.666666666666664%)"><small>☆</small><span class="username" data-name="Disjunction!!">Disjunction!!</span>:</strong> <em>sorry</em></div><div class="chat chatmessage-disjunction"><strong style="color:hsl(184,62%,41.666666666666664%)"><small>☆</small><span class="username" data-name="Disjunction!!">Disjunction!!</span>:</strong> <em>gg</em></div><div class="chat chatmessage-shuckledeath"><strong style="color:hsl(351,56%,48.145736073283295%)"><small>@</small><span class="username" data-name="ShuckleDeath">ShuckleDeath</span>:</strong> <em>disjuction must be italian</em></div><div class="chat"><small>Disjunction!! left.</small></div><div class="chat chatmessage-literallylit"><strong style="color:hsl(121,71%,30%)"><small>☆</small><span class="username" data-name="Literally lit">Literally lit</span>:</strong> <em>Gg</em></div></div><div class="inner-preempt"></div></div></div>
</div>
<script>
let daily = Math.floor(Date.now()/1000/60/60/24);document.write('<script src="https://play.pokemonshowdown.com/js/replay-embed.js?version'+daily+'"></'+'script>');
</script>
