<!DOCTYPE html>
<meta charset="utf-8" />
<!-- version 1 -->
<title>PU replay: Bruno de lucas vs. mencemit</title>
<style>
html,body {font-family:Verdana, sans-serif;font-size:10pt;margin:0;padding:0;}body{padding:12px 0;} .battle-log {font-family:Verdana, sans-serif;font-size:10pt;} .battle-log-inline {border:1px solid #AAAAAA;background:#EEF2F5;color:black;max-width:640px;margin:0 auto 80px;padding-bottom:5px;} .battle-log .inner {padding:4px 8px 0px 8px;} .battle-log .inner-preempt {padding:0 8px 4px 8px;} .battle-log .inner-after {margin-top:0.5em;} .battle-log h2 {margin:0.5em -8px;padding:4px 8px;border:1px solid #AAAAAA;background:#E0E7EA;border-left:0;border-right:0;font-family:Verdana, sans-serif;font-size:13pt;} .battle-log .chat {vertical-align:middle;padding:3px 0 3px 0;font-size:8pt;} .battle-log .chat strong {color:#40576A;} .battle-log .chat em {padding:1px 4px 1px 3px;color:#000000;font-style:normal;} .chat.mine {background:rgba(0,0,0,0.05);margin-left:-8px;margin-right:-8px;padding-left:8px;padding-right:8px;} .spoiler {color:#BBBBBB;background:#BBBBBB;padding:0px 3px;} .spoiler:hover, .spoiler:active, .spoiler-shown {color:#000000;background:#E2E2E2;padding:0px 3px;} .spoiler a {color:#BBBBBB;} .spoiler:hover a, .spoiler:active a, .spoiler-shown a {color:#2288CC;} .chat code, .chat .spoiler:hover code, .chat .spoiler:active code, .chat .spoiler-shown code {border:1px solid #C0C0C0;background:#EEEEEE;color:black;padding:0 2px;} .chat .spoiler code {border:1px solid #CCCCCC;background:#CCCCCC;color:#CCCCCC;} .battle-log .rated {padding:3px 4px;} .battle-log .rated strong {color:white;background:#89A;padding:1px 4px;border-radius:4px;} .spacer {margin-top:0.5em;} .message-announce {background:#6688AA;color:white;padding:1px 4px 2px;} .message-announce a, .broadcast-green a, .broadcast-blue a, .broadcast-red a {color:#DDEEFF;} .broadcast-green {background-color:#559955;color:white;padding:2px 4px;} .broadcast-blue {background-color:#6688AA;color:white;padding:2px 4px;} .infobox {border:1px solid #6688AA;padding:2px 4px;} .infobox-limited {max-height:200px;overflow:auto;overflow-x:hidden;} .broadcast-red {background-color:#AA5544;color:white;padding:2px 4px;} .message-learn-canlearn {font-weight:bold;color:#228822;text-decoration:underline;} .message-learn-cannotlearn {font-weight:bold;color:#CC2222;text-decoration:underline;} .message-effect-weak {font-weight:bold;color:#CC2222;} .message-effect-resist {font-weight:bold;color:#6688AA;} .message-effect-immune {font-weight:bold;color:#666666;} .message-learn-list {margin-top:0;margin-bottom:0;} .message-throttle-notice, .message-error {color:#992222;} .message-overflow, .chat small.message-overflow {font-size:0pt;} .message-overflow::before {font-size:9pt;content:'...';} .subtle {color:#3A4A66;}
</style>
<div class="wrapper replay-wrapper" style="max-width:1180px;margin:0 auto">
<input type="hidden" name="replayid" value="pu-566507930" />
<div class="battle"></div><div class="battle-log"></div><div class="replay-controls"></div><div class="replay-controls-2"></div>
<h1 style="font-weight:normal;text-align:center"><strong>PU</strong><br /><a href="http://pokemonshowdown.com/users/brunodelucas" class="subtle" target="_blank">Bruno de lucas</a> vs. <a href="http://pokemonshowdown.com/users/mencemit" class="subtle" target="_blank">mencemit</a></h1>
<script type="text/plain" class="battle-log-data">|j|Bruno de lucas
|j|mencemit
|player|p1|Bruno de lucas|1
|player|p2|mencemit|101
|gametype|singles
|gen|6
|tier|PU
|seed|60242,49932,61148,38580
|rule|Sleep Clause Mod: Limit one foe put to sleep
|rule|Species Clause: Limit one of each Pokémon
|rule|OHKO Clause: OHKO moves are banned
|rule|Moody Clause: Moody is banned
|rule|Evasion Moves Clause: Evasion moves are banned
|rule|Endless Battle Clause: Forcing endless battles is banned
|rule|HP Percentage Mod: HP is shown in percentages
|clearpoke
|poke|p1|Simisear, M|item
|poke|p1|Hippopotas, M|item
|poke|p1|Stoutland, M|item
|poke|p1|Grumpig, F|item
|poke|p1|Prinplup, M|item
|poke|p1|Clefairy, F|item
|poke|p2|Crustle, M|item
|poke|p2|Misdreavus, M|item
|poke|p2|Stoutland, F|item
|poke|p2|Monferno, M|item
|poke|p2|Electrode|item
|poke|p2|Floatzel, F|item
|rule|Swagger Clause: Swagger is banned
|rule|Baton Pass Clause: Limit one Baton Passer, can't pass Spe and other stats simultaneously
|teampreview
|choice|team 5, team 2, team 3, team 4, team 1, team 6|team 1, team 2, team 3, team 4, team 5, team 6
|
|start
|switch|p1a: Prinplup|Prinplup, M|332\/332
|switch|p2a: Crustle|Crustle, M|281\/281
|turn|1
|choice|move scald|move knockoff
|
|move|p2a: Crustle|Knock Off|p1a: Prinplup
|-damage|p1a: Prinplup|251\/332
|-enditem|p1a: Prinplup|Eviolite|[from] move: Knock Off|[of] p2a: Crustle
|move|p1a: Prinplup|Scald|p2a: Crustle
|-supereffective|p2a: Crustle
|-damage|p2a: Crustle|71\/281
|-status|p2a: Crustle|brn
|
|-damage|p2a: Crustle|36\/281 brn|[from] brn
|upkeep
|turn|2
|choice|move stealthrock|switch 5
|
|switch|p2a: Electrode|Electrode|261\/261
|move|p1a: Prinplup|Stealth Rock|p2a: Electrode
|-sidestart|p2: mencemit|move: Stealth Rock
|
|upkeep
|turn|3
|choice|move scald|move hiddenpower
|
|move|p2a: Electrode|Hidden Power|p1a: Prinplup
|-resisted|p1a: Prinplup
|-damage|p1a: Prinplup|220\/332
|-damage|p2a: Electrode|235\/261|[from] item: Life Orb
|move|p1a: Prinplup|Scald|p2a: Electrode
|-damage|p2a: Electrode|135\/261
|
|upkeep
|turn|4
|c|☆Bruno de lucas|Sabia
|c|☆Bruno de lucas|Sempre try hard
|choice|move scald|move thunderbolt
|
|move|p2a: Electrode|Thunderbolt|p1a: Prinplup
|-supereffective|p1a: Prinplup
|-crit|p1a: Prinplup
|-damage|p1a: Prinplup|0 fnt
|-damage|p2a: Electrode|109\/261|[from] item: Life Orb
|faint|p1a: Prinplup
|
|upkeep
|choice|switch 2|
|
|switch|p1a: Hippopotas|Hippopotas, M|340\/340
|-weather|Sandstorm|[from] ability: Sand Stream|[of] p1a: Hippopotas
|turn|5
|choice|move earthquake|switch 5
|
|switch|p2a: Crustle|Crustle, M|36\/281 brn
|-damage|p2a: Crustle|0 fnt|[from] Stealth Rock
|faint|p2a: Crustle
|move|p1a: Hippopotas|Earthquake|p2: Crustle|[notarget]
|-notarget
|
|-weather|Sandstorm|[upkeep]
|upkeep
|choice||switch 6
|
|switch|p2a: Floatzel|Floatzel, F|311\/311
|-damage|p2a: Floatzel|273\/311|[from] Stealth Rock
|turn|6
|choice|switch 6|move waterfall
|
|switch|p1a: Clefairy|Clefairy, F|343\/343
|move|p2a: Floatzel|Waterfall|p1a: Clefairy
|-damage|p1a: Clefairy|234\/343
|-damage|p2a: Floatzel|242\/311|[from] item: Life Orb
|
|-weather|Sandstorm|[upkeep]
|-damage|p2a: Floatzel|223\/311|[from] sandstorm
|upkeep
|turn|7
|choice|move softboiled|switch 2
|
|switch|p2a: Misdreavus|Misdreavus, M|261\/261
|-damage|p2a: Misdreavus|229\/261|[from] Stealth Rock
|move|p1a: Clefairy|Soft-Boiled|p1a: Clefairy
|-heal|p1a: Clefairy|343\/343
|
|-weather|Sandstorm|[upkeep]
|-damage|p2a: Misdreavus|213\/261|[from] sandstorm
|upkeep
|turn|8
|choice|switch 5|move taunt
|
|switch|p1a: Simisear|Simisear, M|291\/291
|move|p2a: Misdreavus|Taunt|p1a: Simisear
|-start|p1a: Simisear|move: Taunt
|
|-weather|Sandstorm|[upkeep]
|-damage|p1a: Simisear|273\/291|[from] sandstorm
|-damage|p2a: Misdreavus|197\/261|[from] sandstorm
|upkeep
|turn|9
|choice|move fireblast|switch 5
|
|switch|p2a: Electrode|Electrode|109\/261
|-damage|p2a: Electrode|77\/261|[from] Stealth Rock
|move|p1a: Simisear|Fire Blast|p2a: Electrode
|-damage|p2a: Electrode|0 fnt
|-damage|p1a: Simisear|244\/291|[from] item: Life Orb
|faint|p2a: Electrode
|
|-weather|Sandstorm|[upkeep]
|-damage|p1a: Simisear|226\/291|[from] sandstorm
|upkeep
|choice||switch 2
|
|switch|p2a: Floatzel|Floatzel, F|223\/311
|-damage|p2a: Floatzel|185\/311|[from] Stealth Rock
|turn|10
|choice|switch 5|switch 3
|
|switch|p2a: Stoutland|Stoutland, F|311\/311
|-damage|p2a: Stoutland|273\/311|[from] Stealth Rock
|switch|p1a: Clefairy|Clefairy, F|343\/343
|
|-weather|Sandstorm|[upkeep]
|-damage|p2a: Stoutland|254\/311|[from] sandstorm
|upkeep
|turn|11
|choice|move thunderwave|move frustration
|
|move|p2a: Stoutland|Frustration|p1a: Clefairy
|-damage|p1a: Clefairy|178\/343
|move|p1a: Clefairy|Thunder Wave|p2a: Stoutland
|-status|p2a: Stoutland|par
|
|-weather|Sandstorm|[upkeep]
|-damage|p2a: Stoutland|235\/311 par|[from] sandstorm
|upkeep
|turn|12
|choice|move softboiled|move frustration
|
|move|p1a: Clefairy|Soft-Boiled|p1a: Clefairy
|-heal|p1a: Clefairy|343\/343
|move|p2a: Stoutland|Frustration|p1a: Clefairy
|-damage|p1a: Clefairy|178\/343
|
|-weather|none
|upkeep
|turn|13
|choice|move softboiled|switch 5
|
|switch|p2a: Misdreavus|Misdreavus, M|197\/261
|-damage|p2a: Misdreavus|165\/261|[from] Stealth Rock
|move|p1a: Clefairy|Soft-Boiled|p1a: Clefairy
|-heal|p1a: Clefairy|343\/343
|
|upkeep
|turn|14
|choice|switch 5|switch 5
|
|switch|p2a: Stoutland|Stoutland, F|235\/311 par
|-damage|p2a: Stoutland|197\/311 par|[from] Stealth Rock
|switch|p1a: Simisear|Simisear, M|226\/291
|
|upkeep
|turn|15
|choice|move fireblast|move facade
|
|move|p1a: Simisear|Fire Blast|p2a: Stoutland
|-damage|p2a: Stoutland|0 fnt
|-damage|p1a: Simisear|197\/291|[from] item: Life Orb
|faint|p2a: Stoutland
|
|upkeep
|c|☆mencemit|gg
|choice||switch 4
|
|switch|p2a: Monferno|Monferno, M|269\/269
|-damage|p2a: Monferno|236\/269|[from] Stealth Rock
|turn|16
|choice|switch 4|move uturn
|
|switch|p1a: Grumpig|Grumpig, F|332\/332
|move|p2a: Monferno|U-turn|p1a: Grumpig
|-supereffective|p1a: Grumpig
|-damage|p1a: Grumpig|85\/332
|-damage|p2a: Monferno|210\/269|[from] item: Life Orb
|choice||switch 5
|
|switch|p2a: Misdreavus|Misdreavus, M|165\/261
|-damage|p2a: Misdreavus|133\/261|[from] Stealth Rock
|
|-heal|p1a: Grumpig|105\/332|[from] item: Leftovers
|upkeep
|turn|17
|choice|move psychic|move shadowball
|
|move|p2a: Misdreavus|Shadow Ball|p1a: Grumpig
|-supereffective|p1a: Grumpig
|-damage|p1a: Grumpig|0 fnt
|faint|p1a: Grumpig
|
|upkeep
|choice|switch 6|
|
|switch|p1a: Hippopotas|Hippopotas, M|340\/340
|-weather|Sandstorm|[from] ability: Sand Stream|[of] p1a: Hippopotas
|turn|18
|choice|switch 4|move nastyplot
|
|switch|p1a: Simisear|Simisear, M|197\/291
|move|p2a: Misdreavus|Nasty Plot|p2a: Misdreavus
|-boost|p2a: Misdreavus|spa|2
|
|-weather|Sandstorm|[upkeep]
|-damage|p1a: Simisear|179\/291|[from] sandstorm
|-damage|p2a: Misdreavus|117\/261|[from] sandstorm
|upkeep
|turn|19
|choice|move knockoff|move shadowball
|
|move|p1a: Simisear|Knock Off|p2a: Misdreavus
|-supereffective|p2a: Misdreavus
|-damage|p2a: Misdreavus|0 fnt
|-enditem|p2a: Misdreavus|Eviolite|[from] move: Knock Off|[of] p1a: Simisear
|-damage|p1a: Simisear|150\/291|[from] item: Life Orb
|faint|p2a: Misdreavus
|
|-weather|Sandstorm|[upkeep]
|-damage|p1a: Simisear|132\/291|[from] sandstorm
|upkeep
|c|☆Bruno de lucas|Pu sou god
|choice||switch 3
|
|switch|p2a: Floatzel|Floatzel, F|185\/311
|-damage|p2a: Floatzel|147\/311|[from] Stealth Rock
|turn|20
|choice|move grassknot|move waterfall
|
|move|p2a: Floatzel|Waterfall|p1a: Simisear
|-supereffective|p1a: Simisear
|-damage|p1a: Simisear|0 fnt
|-damage|p2a: Floatzel|116\/311|[from] item: Life Orb
|faint|p1a: Simisear
|
|-weather|Sandstorm|[upkeep]
|-damage|p2a: Floatzel|97\/311|[from] sandstorm
|upkeep
|choice|switch 3|
|
|switch|p1a: Stoutland|Stoutland, M|311\/311
|turn|21
|choice|move return|move aquajet
|
|move|p2a: Floatzel|Aqua Jet|p1a: Stoutland
|-damage|p1a: Stoutland|217\/311
|-damage|p2a: Floatzel|66\/311|[from] item: Life Orb
|move|p1a: Stoutland|Return|p2a: Floatzel
|-damage|p2a: Floatzel|0 fnt
|faint|p2a: Floatzel
|
|-weather|Sandstorm|[upkeep]
|upkeep
|choice||switch 5
|
|switch|p2a: Monferno|Monferno, M|210\/269
|-damage|p2a: Monferno|177\/269|[from] Stealth Rock
|turn|22
|choice|move return|move machpunch
|
|move|p2a: Monferno|Mach Punch|p1a: Stoutland
|-supereffective|p1a: Stoutland
|-damage|p1a: Stoutland|38\/311
|-damage|p2a: Monferno|151\/269|[from] item: Life Orb
|move|p1a: Stoutland|Return|p2a: Monferno
|-damage|p2a: Monferno|0 fnt
|faint|p2a: Monferno
|
|win|Bruno de lucas
|c|☆mencemit|gg
|l|mencemit</script>
</div>
<div class="battle-log battle-log-inline"><div class="inner"><div class="battle-options"></div><div class="inner"><div class="chat"><small>Bruno de lucas joined.</small></div><div class="chat"><small>mencemit joined.</small></div><div class=""><small>Format:</small> <br><strong>PU</strong></div><div class=""><small><em>Sleep Clause Mod:</em> Limit one foe put to sleep</small></div><div class=""><small><em>Species Clause:</em> Limit one of each Pokémon</small></div><div class=""><small><em>OHKO Clause:</em> OHKO moves are banned</small></div><div class=""><small><em>Moody Clause:</em> Moody is banned</small></div><div class=""><small><em>Evasion Moves Clause:</em> Evasion moves are banned</small></div><div class=""><small><em>Endless Battle Clause:</em> Forcing endless battles is banned</small></div><div class=""><small><em>HP Percentage Mod:</em> HP is shown in percentages</small></div><div class=""><small><em>Swagger Clause:</em> Swagger is banned</small></div><div class=""><small><em>Baton Pass Clause:</em> Limit one Baton Passer, can't pass Spe and other stats simultaneously</small></div><div class="chat battle-history"><strong>Bruno de lucas's team:</strong> <em style="color:#445566;display:block;">Simisear / Hippopotas / Stoutland / Grumpig / Prinplup / Clefairy</em></div><div class="chat battle-history"><strong>mencemit's team:</strong> <em style="color:#445566;display:block;">Crustle / Misdreavus / Stoutland / Monferno / Electrode / Floatzel</em></div><div class="spacer battle-history"><br></div><div class="battle-history">Battle started between Bruno de lucas and mencemit!<br></div><div class="spacer battle-history"><br></div><div class="battle-history">Go! <strong>Prinplup</strong>!<br></div><div class="spacer battle-history"><br></div><div class="battle-history">mencemit sent out <strong>Crustle</strong>!<br></div><div class="spacer battle-history"><br></div><h2 class="battle-history">Turn 1</h2><div class="spacer battle-history"><br></div><div class="battle-history">The opposing Crustle used <strong>Knock Off</strong>!<br></div><div class="battle-history"><small>(Prinplup lost <abbr title="−81/332">24.4%</abbr> of its health!)</small><br></div><div class="battle-history"><small>The opposing Crustle knocked off Prinplup's Eviolite!</small><br></div><div class="spacer battle-history"><br></div><div class="battle-history">Prinplup used <strong>Scald</strong>!<br></div><div class="battle-history"><small>It's super effective!</small><br></div><div class="battle-history"><small>(The opposing Crustle lost <abbr title="−210/281">74.7%</abbr> of its health!)</small><br></div><div class="battle-history"><small>The opposing Crustle was burned!</small><br></div><div class="spacer battle-history"><br></div><div class="battle-history"><small>The opposing Crustle was hurt by its burn!</small><br></div><div class="spacer battle-history"><br></div><h2 class="battle-history">Turn 2</h2><div class="spacer battle-history"><br></div><div class="battle-history">mencemit withdrew Crustle!<br></div><div class="battle-history">mencemit sent out <strong>Electrode</strong>!<br></div><div class="spacer battle-history"><br></div><div class="battle-history">Prinplup used <strong>Stealth Rock</strong>!<br></div><div class="battle-history"><small>Pointed stones float in the air around the opposing team!</small><br></div><div class="spacer battle-history"><br></div><h2 class="battle-history">Turn 3</h2><div class="spacer battle-history"><br></div><div class="battle-history">The opposing Electrode used <strong>Hidden Power</strong>!<br></div><div class="battle-history"><small>It's not very effective...</small><br></div><div class="battle-history"><small>(Prinplup lost <abbr title="−31/332">9.3%</abbr> of its health!)</small><br></div><div class="battle-history"><small>The opposing Electrode lost some of its HP!</small><br></div><div class="spacer battle-history"><br></div><div class="battle-history">Prinplup used <strong>Scald</strong>!<br></div><div class="battle-history"><small>(The opposing Electrode lost <abbr title="−100/261">38.3%</abbr> of its health!)</small><br></div><div class="spacer battle-history"><br></div><h2 class="battle-history">Turn 4</h2><div class="chat chatmessage-brunodelucas"><strong style="color:hsl(72,81%,31.96254768862037%)"><small>☆</small><span class="username" data-name="Bruno de lucas">Bruno de lucas</span>:</strong> <em>Sabia</em></div><div class="chat chatmessage-brunodelucas"><strong style="color:hsl(72,81%,31.96254768862037%)"><small>☆</small><span class="username" data-name="Bruno de lucas">Bruno de lucas</span>:</strong> <em>Sempre try hard</em></div><div class="spacer battle-history"><br></div><div class="battle-history">The opposing Electrode used <strong>Thunderbolt</strong>!<br></div><div class="battle-history"><small>It's super effective!</small><br></div><div class="battle-history"><small>A critical hit!</small><br></div><div class="battle-history"><small>(Prinplup lost <abbr title="−220/332">66.3%</abbr> of its health!)</small><br></div><div class="battle-history"><small>The opposing Electrode lost some of its HP!</small><br></div><div class="spacer battle-history"><br></div><div class="battle-history">Prinplup fainted!<br></div><div class="spacer battle-history"><br></div><div class="battle-history">Go! <strong>Hippopotas</strong>!<br></div><div class="battle-history"><small>[Hippopotas's Sand Stream]</small><br><small>A sandstorm kicked up!</small><br></div><div class="spacer battle-history"><br></div><h2 class="battle-history">Turn 5</h2><div class="spacer battle-history"><br></div><div class="battle-history">mencemit withdrew Electrode!<br></div><div class="battle-history">mencemit sent out <strong>Crustle</strong>!<br></div><div class="battle-history"><small>Pointed stones dug into the opposing Crustle!</small><br></div><div class="spacer battle-history"><br></div><div class="battle-history">The opposing Crustle fainted!<br></div><div class="battle-history">Hippopotas used <strong>Earthquake</strong>!<br></div><div class="battle-history"><small>But there was no target...</small><br></div><div class="spacer battle-history"><br></div><div class="battle-history"><small>The sandstorm is raging.</small><br></div><div class="spacer battle-history"><br></div><div class="battle-history">mencemit sent out <strong>Floatzel</strong>!<br></div><div class="battle-history"><small>Pointed stones dug into the opposing Floatzel!</small><br></div><div class="spacer battle-history"><br></div><h2 class="battle-history">Turn 6</h2><div class="spacer battle-history"><br></div><div class="battle-history">Hippopotas, come back!<br></div><div class="battle-history">Go! <strong>Clefairy</strong>!<br></div><div class="spacer battle-history"><br></div><div class="battle-history">The opposing Floatzel used <strong>Waterfall</strong>!<br></div><div class="battle-history"><small>(Clefairy lost <abbr title="−109/343">31.8%</abbr> of its health!)</small><br></div><div class="battle-history"><small>The opposing Floatzel lost some of its HP!</small><br></div><div class="spacer battle-history"><br></div><div class="battle-history"><small>The sandstorm is raging.</small><br></div><div class="battle-history"><small>The opposing Floatzel is buffeted by the sandstorm!</small><br></div><div class="spacer battle-history"><br></div><h2 class="battle-history">Turn 7</h2><div class="spacer battle-history"><br></div><div class="battle-history">mencemit withdrew Floatzel!<br></div><div class="battle-history">mencemit sent out <strong>Misdreavus</strong>!<br></div><div class="battle-history"><small>Pointed stones dug into the opposing Misdreavus!</small><br></div><div class="spacer battle-history"><br></div><div class="battle-history">Clefairy used <strong>Soft-Boiled</strong>!<br></div><div class="battle-history"><small>Clefairy restored its HP.</small><br></div><div class="spacer battle-history"><br></div><div class="battle-history"><small>The sandstorm is raging.</small><br></div><div class="battle-history"><small>The opposing Misdreavus is buffeted by the sandstorm!</small><br></div><div class="spacer battle-history"><br></div><h2 class="battle-history">Turn 8</h2><div class="spacer battle-history"><br></div><div class="battle-history">Clefairy, come back!<br></div><div class="battle-history">Go! <strong>Simisear</strong>!<br></div><div class="spacer battle-history"><br></div><div class="battle-history">The opposing Misdreavus used <strong>Taunt</strong>!<br></div><div class="battle-history"><small>Simisear fell for the taunt!</small><br></div><div class="spacer battle-history"><br></div><div class="battle-history"><small>The sandstorm is raging.</small><br></div><div class="battle-history"><small>Simisear is buffeted by the sandstorm!</small><br></div><div class="battle-history"><small>The opposing Misdreavus is buffeted by the sandstorm!</small><br></div><div class="spacer battle-history"><br></div><h2 class="battle-history">Turn 9</h2><div class="spacer battle-history"><br></div><div class="battle-history">mencemit withdrew Misdreavus!<br></div><div class="battle-history">mencemit sent out <strong>Electrode</strong>!<br></div><div class="battle-history"><small>Pointed stones dug into the opposing Electrode!</small><br></div><div class="spacer battle-history"><br></div><div class="battle-history">Simisear used <strong>Fire Blast</strong>!<br></div><div class="battle-history"><small>(The opposing Electrode lost <abbr title="−77/261">29.5%</abbr> of its health!)</small><br></div><div class="battle-history"><small>Simisear lost some of its HP!</small><br></div><div class="spacer battle-history"><br></div><div class="battle-history">The opposing Electrode fainted!<br></div><div class="spacer battle-history"><br></div><div class="battle-history"><small>The sandstorm is raging.</small><br></div><div class="battle-history"><small>Simisear is buffeted by the sandstorm!</small><br></div><div class="spacer battle-history"><br></div><div class="battle-history">mencemit sent out <strong>Floatzel</strong>!<br></div><div class="battle-history"><small>Pointed stones dug into the opposing Floatzel!</small><br></div><div class="spacer battle-history"><br></div><h2 class="battle-history">Turn 10</h2><div class="spacer battle-history"><br></div><div class="battle-history">mencemit withdrew Floatzel!<br></div><div class="battle-history">mencemit sent out <strong>Stoutland</strong>!<br></div><div class="battle-history"><small>Pointed stones dug into the opposing Stoutland!</small><br></div><div class="spacer battle-history"><br></div><div class="battle-history">Simisear, come back!<br></div><div class="battle-history">Go! <strong>Clefairy</strong>!<br></div><div class="spacer battle-history"><br></div><div class="battle-history"><small>The sandstorm is raging.</small><br></div><div class="battle-history"><small>The opposing Stoutland is buffeted by the sandstorm!</small><br></div><div class="spacer battle-history"><br></div><h2 class="battle-history">Turn 11</h2><div class="spacer battle-history"><br></div><div class="battle-history">The opposing Stoutland used <strong>Frustration</strong>!<br></div><div class="battle-history"><small>(Clefairy lost <abbr title="−165/343">48.1%</abbr> of its health!)</small><br></div><div class="spacer battle-history"><br></div><div class="battle-history">Clefairy used <strong>Thunder Wave</strong>!<br></div><div class="battle-history"><small>The opposing Stoutland is paralyzed! It may be unable to move!</small><br></div><div class="spacer battle-history"><br></div><div class="battle-history"><small>The sandstorm is raging.</small><br></div><div class="battle-history"><small>The opposing Stoutland is buffeted by the sandstorm!</small><br></div><div class="spacer battle-history"><br></div><h2 class="battle-history">Turn 12</h2><div class="spacer battle-history"><br></div><div class="battle-history">Clefairy used <strong>Soft-Boiled</strong>!<br></div><div class="battle-history"><small>Clefairy restored its HP.</small><br></div><div class="spacer battle-history"><br></div><div class="battle-history">The opposing Stoutland used <strong>Frustration</strong>!<br></div><div class="battle-history"><small>(Clefairy lost <abbr title="−165/343">48.1%</abbr> of its health!)</small><br></div><div class="spacer battle-history"><br></div><div class="battle-history"><small>The sandstorm subsided.</small><br></div><div class="spacer battle-history"><br></div><h2 class="battle-history">Turn 13</h2><div class="spacer battle-history"><br></div><div class="battle-history">mencemit withdrew Stoutland!<br></div><div class="battle-history">mencemit sent out <strong>Misdreavus</strong>!<br></div><div class="battle-history"><small>Pointed stones dug into the opposing Misdreavus!</small><br></div><div class="spacer battle-history"><br></div><div class="battle-history">Clefairy used <strong>Soft-Boiled</strong>!<br></div><div class="battle-history"><small>Clefairy restored its HP.</small><br></div><div class="spacer battle-history"><br></div><h2 class="battle-history">Turn 14</h2><div class="spacer battle-history"><br></div><div class="battle-history">mencemit withdrew Misdreavus!<br></div><div class="battle-history">mencemit sent out <strong>Stoutland</strong>!<br></div><div class="battle-history"><small>Pointed stones dug into the opposing Stoutland!</small><br></div><div class="spacer battle-history"><br></div><div class="battle-history">Clefairy, come back!<br></div><div class="battle-history">Go! <strong>Simisear</strong>!<br></div><div class="spacer battle-history"><br></div><h2 class="battle-history">Turn 15</h2><div class="spacer battle-history"><br></div><div class="battle-history">Simisear used <strong>Fire Blast</strong>!<br></div><div class="battle-history"><small>(The opposing Stoutland lost <abbr title="−197/311">63.3%</abbr> of its health!)</small><br></div><div class="battle-history"><small>Simisear lost some of its HP!</small><br></div><div class="spacer battle-history"><br></div><div class="battle-history">The opposing Stoutland fainted!<br></div><div class="chat chatmessage-mencemit"><strong style="color:hsl(357,71%,47.03635531819254%)"><small>☆</small><span class="username" data-name="mencemit">mencemit</span>:</strong> <em>gg</em></div><div class="spacer battle-history"><br></div><div class="battle-history">mencemit sent out <strong>Monferno</strong>!<br></div><div class="battle-history"><small>Pointed stones dug into the opposing Monferno!</small><br></div><div class="spacer battle-history"><br></div><h2 class="battle-history">Turn 16</h2><div class="spacer battle-history"><br></div><div class="battle-history">Simisear, come back!<br></div><div class="battle-history">Go! <strong>Grumpig</strong>!<br></div><div class="spacer battle-history"><br></div><div class="battle-history">The opposing Monferno used <strong>U-turn</strong>!<br></div><div class="battle-history"><small>It's super effective!</small><br></div><div class="battle-history"><small>(Grumpig lost <abbr title="−247/332">74.4%</abbr> of its health!)</small><br></div><div class="battle-history"><small>The opposing Monferno lost some of its HP!</small><br></div><div class="spacer battle-history"><br></div><div class="battle-history">The opposing Monferno went back to mencemit!<br></div><div class="battle-history">mencemit sent out <strong>Misdreavus</strong>!<br></div><div class="battle-history"><small>Pointed stones dug into the opposing Misdreavus!</small><br></div><div class="spacer battle-history"><br></div><div class="battle-history"><small>Grumpig restored a little HP using its Leftovers!</small><br></div><div class="spacer battle-history"><br></div><h2 class="battle-history">Turn 17</h2><div class="spacer battle-history"><br></div><div class="battle-history">The opposing Misdreavus used <strong>Shadow Ball</strong>!<br></div><div class="battle-history"><small>It's super effective!</small><br></div><div class="battle-history"><small>(Grumpig lost <abbr title="−105/332">31.6%</abbr> of its health!)</small><br></div><div class="spacer battle-history"><br></div><div class="battle-history">Grumpig fainted!<br></div><div class="spacer battle-history"><br></div><div class="battle-history">Go! <strong>Hippopotas</strong>!<br></div><div class="battle-history"><small>[Hippopotas's Sand Stream]</small><br><small>A sandstorm kicked up!</small><br></div><div class="spacer battle-history"><br></div><h2 class="battle-history">Turn 18</h2><div class="spacer battle-history"><br></div><div class="battle-history">Hippopotas, come back!<br></div><div class="battle-history">Go! <strong>Simisear</strong>!<br></div><div class="spacer battle-history"><br></div><div class="battle-history">The opposing Misdreavus used <strong>Nasty Plot</strong>!<br></div><div class="battle-history"><small>The opposing Misdreavus's Special Attack rose sharply!</small><br></div><div class="spacer battle-history"><br></div><div class="battle-history"><small>The sandstorm is raging.</small><br></div><div class="battle-history"><small>Simisear is buffeted by the sandstorm!</small><br></div><div class="battle-history"><small>The opposing Misdreavus is buffeted by the sandstorm!</small><br></div><div class="spacer battle-history"><br></div><h2 class="battle-history">Turn 19</h2><div class="spacer battle-history"><br></div><div class="battle-history">Simisear used <strong>Knock Off</strong>!<br></div><div class="battle-history"><small>It's super effective!</small><br></div><div class="battle-history"><small>(The opposing Misdreavus lost <abbr title="−117/261">44.8%</abbr> of its health!)</small><br></div><div class="battle-history"><small>Simisear knocked off the opposing Misdreavus's Eviolite!</small><br></div><div class="battle-history"><small>Simisear lost some of its HP!</small><br></div><div class="spacer battle-history"><br></div><div class="battle-history">The opposing Misdreavus fainted!<br></div><div class="spacer battle-history"><br></div><div class="battle-history"><small>The sandstorm is raging.</small><br></div><div class="battle-history"><small>Simisear is buffeted by the sandstorm!</small><br></div><div class="chat chatmessage-brunodelucas"><strong style="color:hsl(72,81%,31.96254768862037%)"><small>☆</small><span class="username" data-name="Bruno de lucas">Bruno de lucas</span>:</strong> <em>Pu sou god</em></div><div class="spacer battle-history"><br></div><div class="battle-history">mencemit sent out <strong>Floatzel</strong>!<br></div><div class="battle-history"><small>Pointed stones dug into the opposing Floatzel!</small><br></div><div class="spacer battle-history"><br></div><h2 class="battle-history">Turn 20</h2><div class="spacer battle-history"><br></div><div class="battle-history">The opposing Floatzel used <strong>Waterfall</strong>!<br></div><div class="battle-history"><small>It's super effective!</small><br></div><div class="battle-history"><small>(Simisear lost <abbr title="−132/291">45.4%</abbr> of its health!)</small><br></div><div class="battle-history"><small>The opposing Floatzel lost some of its HP!</small><br></div><div class="spacer battle-history"><br></div><div class="battle-history">Simisear fainted!<br></div><div class="spacer battle-history"><br></div><div class="battle-history"><small>The sandstorm is raging.</small><br></div><div class="battle-history"><small>The opposing Floatzel is buffeted by the sandstorm!</small><br></div><div class="spacer battle-history"><br></div><div class="battle-history">Go! <strong>Stoutland</strong>!<br></div><div class="spacer battle-history"><br></div><h2 class="battle-history">Turn 21</h2><div class="spacer battle-history"><br></div><div class="battle-history">The opposing Floatzel used <strong>Aqua Jet</strong>!<br></div><div class="battle-history"><small>(Stoutland lost <abbr title="−94/311">30.2%</abbr> of its health!)</small><br></div><div class="battle-history"><small>The opposing Floatzel lost some of its HP!</small><br></div><div class="spacer battle-history"><br></div><div class="battle-history">Stoutland used <strong>Return</strong>!<br></div><div class="battle-history"><small>(The opposing Floatzel lost <abbr title="−66/311">21.2%</abbr> of its health!)</small><br></div><div class="spacer battle-history"><br></div><div class="battle-history">The opposing Floatzel fainted!<br></div><div class="spacer battle-history"><br></div><div class="battle-history"><small>The sandstorm is raging.</small><br></div><div class="spacer battle-history"><br></div><div class="battle-history">mencemit sent out <strong>Monferno</strong>!<br></div><div class="battle-history"><small>Pointed stones dug into the opposing Monferno!</small><br></div><div class="spacer battle-history"><br></div><h2 class="battle-history">Turn 22</h2><div class="spacer battle-history"><br></div><div class="battle-history">The opposing Monferno used <strong>Mach Punch</strong>!<br></div><div class="battle-history"><small>It's super effective!</small><br></div><div class="battle-history"><small>(Stoutland lost <abbr title="−179/311">57.6%</abbr> of its health!)</small><br></div><div class="battle-history"><small>The opposing Monferno lost some of its HP!</small><br></div><div class="spacer battle-history"><br></div><div class="battle-history">Stoutland used <strong>Return</strong>!<br></div><div class="battle-history"><small>(The opposing Monferno lost <abbr title="−151/269">56.1%</abbr> of its health!)</small><br></div><div class="spacer battle-history"><br></div><div class="battle-history">The opposing Monferno fainted!<br></div><div class="spacer battle-history"><br></div><div class="battle-history"><strong>Bruno de lucas</strong> won the battle!<br></div><div class="chat chatmessage-mencemit"><strong style="color:hsl(357,71%,47.03635531819254%)"><small>☆</small><span class="username" data-name="mencemit">mencemit</span>:</strong> <em>gg</em></div><div class="chat"><small>mencemit left.</small></div></div><div class="inner-preempt"></div></div></div>
</div>
<script>
let daily = Math.floor(Date.now()/1000/60/60/24);document.write('<script src="https://play.pokemonshowdown.com/js/replay-embed.js?version'+daily+'"></'+'script>');
</script>
