<!DOCTYPE html>
<meta charset="utf-8" />
<!-- version 1 -->
<title>PU replay: The Golden Banjo vs. UberSkitty</title>
<style>
html,body {font-family:Verdana, sans-serif;font-size:10pt;margin:0;padding:0;}body{padding:12px 0;} .battle-log {font-family:Verdana, sans-serif;font-size:10pt;} .battle-log-inline {border:1px solid #AAAAAA;background:#EEF2F5;color:black;max-width:640px;margin:0 auto 80px;padding-bottom:5px;} .battle-log .inner {padding:4px 8px 0px 8px;} .battle-log .inner-preempt {padding:0 8px 4px 8px;} .battle-log .inner-after {margin-top:0.5em;} .battle-log h2 {margin:0.5em -8px;padding:4px 8px;border:1px solid #AAAAAA;background:#E0E7EA;border-left:0;border-right:0;font-family:Verdana, sans-serif;font-size:13pt;} .battle-log .chat {vertical-align:middle;padding:3px 0 3px 0;font-size:8pt;} .battle-log .chat strong {color:#40576A;} .battle-log .chat em {padding:1px 4px 1px 3px;color:#000000;font-style:normal;} .chat.mine {background:rgba(0,0,0,0.05);margin-left:-8px;margin-right:-8px;padding-left:8px;padding-right:8px;} .spoiler {color:#BBBBBB;background:#BBBBBB;padding:0px 3px;} .spoiler:hover, .spoiler:active, .spoiler-shown {color:#000000;background:#E2E2E2;padding:0px 3px;} .spoiler a {color:#BBBBBB;} .spoiler:hover a, .spoiler:active a, .spoiler-shown a {color:#2288CC;} .chat code, .chat .spoiler:hover code, .chat .spoiler:active code, .chat .spoiler-shown code {border:1px solid #C0C0C0;background:#EEEEEE;color:black;padding:0 2px;} .chat .spoiler code {border:1px solid #CCCCCC;background:#CCCCCC;color:#CCCCCC;} .battle-log .rated {padding:3px 4px;} .battle-log .rated strong {color:white;background:#89A;padding:1px 4px;border-radius:4px;} .spacer {margin-top:0.5em;} .message-announce {background:#6688AA;color:white;padding:1px 4px 2px;} .message-announce a, .broadcast-green a, .broadcast-blue a, .broadcast-red a {color:#DDEEFF;} .broadcast-green {background-color:#559955;color:white;padding:2px 4px;} .broadcast-blue {background-color:#6688AA;color:white;padding:2px 4px;} .infobox {border:1px solid #6688AA;padding:2px 4px;} .infobox-limited {max-height:200px;overflow:auto;overflow-x:hidden;} .broadcast-red {background-color:#AA5544;color:white;padding:2px 4px;} .message-learn-canlearn {font-weight:bold;color:#228822;text-decoration:underline;} .message-learn-cannotlearn {font-weight:bold;color:#CC2222;text-decoration:underline;} .message-effect-weak {font-weight:bold;color:#CC2222;} .message-effect-resist {font-weight:bold;color:#6688AA;} .message-effect-immune {font-weight:bold;color:#666666;} .message-learn-list {margin-top:0;margin-bottom:0;} .message-throttle-notice, .message-error {color:#992222;} .message-overflow, .chat small.message-overflow {font-size:0pt;} .message-overflow::before {font-size:9pt;content:'...';} .subtle {color:#3A4A66;}
</style>
<div class="wrapper replay-wrapper" style="max-width:1180px;margin:0 auto">
<input type="hidden" name="replayid" value="pu-556875328" />
<div class="battle"></div><div class="battle-log"></div><div class="replay-controls"></div><div class="replay-controls-2"></div>
<h1 style="font-weight:normal;text-align:center"><strong>PU</strong><br /><a href="http://pokemonshowdown.com/users/thegoldenbanjo" class="subtle" target="_blank">The Golden Banjo</a> vs. <a href="http://pokemonshowdown.com/users/uberskitty" class="subtle" target="_blank">UberSkitty</a></h1>
<script type="text/plain" class="battle-log-data">|j|The Golden Banjo
|j|UberSkitty
|player|p1|The Golden Banjo|10
|player|p2|UberSkitty|23
|gametype|singles
|gen|6
|tier|PU
|seed|14481,12917,60778,47911
|rule|Sleep Clause Mod: Limit one foe put to sleep
|rule|Species Clause: Limit one of each Pokémon
|rule|OHKO Clause: OHKO moves are banned
|rule|Moody Clause: Moody is banned
|rule|Evasion Moves Clause: Evasion moves are banned
|rule|Endless Battle Clause: Forcing endless battles is banned
|rule|HP Percentage Mod: HP is shown in percentages
|clearpoke
|poke|p1|Venipede, M|item
|poke|p1|Misdreavus, M|item
|poke|p1|Pawniard, F|item
|poke|p1|Dodrio, M|item
|poke|p1|Rotom-Frost|item
|poke|p1|Torkoal, F|item
|poke|p2|Rotom-Frost|item
|poke|p2|Bouffalant, M|item
|poke|p2|Lumineon, M|item
|poke|p2|Grumpig, F|item
|poke|p2|Golem, F|item
|poke|p2|Monferno, M|item
|rule|Swagger Clause: Swagger is banned
|rule|Baton Pass Clause: Limit one Baton Passer, can't pass Spe and other stats simultaneously
|teampreview
|j|TIBot
|c|☆UberSkitty|hf
|c|☆The Golden Banjo|u 2
|choice|team 1, team 2, team 3, team 4, team 5, team 6|team 5, team 2, team 3, team 4, team 1, team 6
|
|start
|switch|p1a: Venipede|Venipede, M|170\/170
|switch|p2a: My Precious|Golem, F|364\/364
|turn|1
|choice|move toxicspikes|move rockblast
|
|move|p1a: Venipede|Toxic Spikes|p2a: My Precious
|-sidestart|p2: UberSkitty|move: Toxic Spikes
|move|p2a: My Precious|Rock Blast|p1a: Venipede
|-supereffective|p1a: Venipede
|-damage|p1a: Venipede|38\/170
|-supereffective|p1a: Venipede
|-damage|p1a: Venipede|0 fnt
|-hitcount|p1a: Venipede|2
|faint|p1a: Venipede
|
|upkeep
|choice|switch 2|
|
|switch|p1a: Misdreavus|Misdreavus, M|261\/261
|turn|2
|choice|move taunt|switch 3
|
|switch|p2a: Beautifish|Lumineon, M|341\/341
|-status|p2a: Beautifish|psn
|move|p1a: Misdreavus|Taunt|p2a: Beautifish
|-start|p2a: Beautifish|move: Taunt
|
|-damage|p2a: Beautifish|299\/341 psn|[from] psn
|upkeep
|turn|3
|choice|move thunderbolt|move uturn
|
|move|p1a: Misdreavus|Thunderbolt|p2a: Beautifish
|-supereffective|p2a: Beautifish
|-damage|p2a: Beautifish|87\/341 psn
|move|p2a: Beautifish|U-turn|p1a: Misdreavus
|-resisted|p1a: Misdreavus
|-damage|p1a: Misdreavus|242\/261
|choice||switch 5
|
|switch|p2a: Terminator|Rotom-Frost|241\/241
|
|upkeep
|turn|4
|choice|switch 5|move voltswitch
|
|switch|p1a: Rotom|Rotom-Frost|241\/241
|move|p2a: Terminator|Volt Switch|p1a: Rotom
|-resisted|p1a: Rotom
|-damage|p1a: Rotom|191\/241
|choice||switch 4
|
|switch|p2a: Mrs. Piggy|Grumpig, F|319\/319
|-status|p2a: Mrs. Piggy|psn
|
|-damage|p2a: Mrs. Piggy|280\/319 psn|[from] psn
|upkeep
|turn|5
|choice|move substitute|move focusblast
|
|move|p1a: Rotom|Substitute|p1a: Rotom
|-start|p1a: Rotom|Substitute
|-damage|p1a: Rotom|131\/241
|move|p2a: Mrs. Piggy|Focus Blast|p1a: Rotom
|-supereffective|p1a: Rotom
|-end|p1a: Rotom|Substitute
|
|-heal|p2a: Mrs. Piggy|299\/319 psn|[from] item: Leftovers
|-damage|p2a: Mrs. Piggy|260\/319 psn|[from] psn
|upkeep
|turn|6
|choice|switch 5|move psychic
|
|switch|p1a: Misdreavus|Misdreavus, M|242\/261
|move|p2a: Mrs. Piggy|Psychic|p1a: Misdreavus
|-damage|p1a: Misdreavus|152\/261
|
|-heal|p2a: Mrs. Piggy|279\/319 psn|[from] item: Leftovers
|-damage|p2a: Mrs. Piggy|240\/319 psn|[from] psn
|upkeep
|turn|7
|choice|switch 5|move shadowball
|
|switch|p1a: Rotom|Rotom-Frost|131\/241
|move|p2a: Mrs. Piggy|Shadow Ball|p1a: Rotom
|-damage|p1a: Rotom|62\/241
|
|-heal|p2a: Mrs. Piggy|259\/319 psn|[from] item: Leftovers
|-damage|p2a: Mrs. Piggy|220\/319 psn|[from] psn
|upkeep
|turn|8
|choice|switch 3|move psychic
|
|switch|p1a: Pawniard|Pawniard, F|231\/231
|move|p2a: Mrs. Piggy|Psychic|p1a: Pawniard
|-immune|p1a: Pawniard|[msg]
|
|-heal|p2a: Mrs. Piggy|239\/319 psn|[from] item: Leftovers
|-damage|p2a: Mrs. Piggy|200\/319 psn|[from] psn
|upkeep
|turn|9
|choice|move suckerpunch|switch 6
|
|switch|p2a: Monferno|Monferno, M|269\/269
|-status|p2a: Monferno|psn
|move|p1a: Pawniard|Sucker Punch|p2a: Monferno|[still]
|-fail|p1a: Pawniard
|
|-damage|p2a: Monferno|236\/269 psn|[from] psn
|upkeep
|turn|10
|choice|move knockoff|move uturn
|
|move|p2a: Monferno|U-turn|p1a: Pawniard
|-damage|p1a: Pawniard|182\/231
|choice||switch 2
|
|switch|p2a: 'Merica!!|Bouffalant, M|393\/393
|-status|p2a: 'Merica!!|psn
|move|p1a: Pawniard|Knock Off|p2a: 'Merica!!
|-damage|p2a: 'Merica!!|248\/393 psn
|-enditem|p2a: 'Merica!!|Leftovers|[from] move: Knock Off|[of] p1a: Pawniard
|
|-damage|p2a: 'Merica!!|199\/393 psn|[from] psn
|upkeep
|turn|11
|choice|move lowkick|switch 3
|
|switch|p2a: My Precious|Golem, F|364\/364
|-status|p2a: My Precious|psn
|move|p1a: Pawniard|Low Kick|p2a: My Precious
|-supereffective|p2a: My Precious
|-damage|p2a: My Precious|188\/364 psn
|
|-heal|p2a: My Precious|210\/364 psn|[from] item: Leftovers
|-damage|p2a: My Precious|165\/364 psn|[from] psn
|upkeep
|turn|12
|choice|move lowkick|switch 2
|
|switch|p2a: Monferno|Monferno, M|236\/269 psn
|move|p1a: Pawniard|Low Kick|p2a: Monferno
|-damage|p2a: Monferno|190\/269 psn
|
|-damage|p2a: Monferno|157\/269 psn|[from] psn
|upkeep
|turn|13
|choice|switch 6|move uturn
|
|switch|p1a: Torkoal|Torkoal, F|344\/344
|move|p2a: Monferno|U-turn|p1a: Torkoal
|-resisted|p1a: Torkoal
|-damage|p1a: Torkoal|327\/344
|choice||switch 5
|
|switch|p2a: Beautifish|Lumineon, M|87\/341 psn
|
|-heal|p2a: Beautifish|108\/341 psn|[from] item: Leftovers
|-heal|p1a: Torkoal|344\/344|[from] item: Leftovers
|-damage|p2a: Beautifish|66\/341 psn|[from] psn
|upkeep
|turn|14
|choice|switch 5|move scald
|
|switch|p1a: Misdreavus|Misdreavus, M|152\/261
|move|p2a: Beautifish|Scald|p1a: Misdreavus
|-damage|p1a: Misdreavus|95\/261
|-status|p1a: Misdreavus|brn
|
|-heal|p2a: Beautifish|87\/341 psn|[from] item: Leftovers
|-damage|p1a: Misdreavus|63\/261 brn|[from] brn
|-damage|p2a: Beautifish|45\/341 psn|[from] psn
|upkeep
|turn|15
|choice|move shadowball|move scald
|
|move|p1a: Misdreavus|Shadow Ball|p2a: Beautifish
|-crit|p2a: Beautifish
|-damage|p2a: Beautifish|0 fnt
|faint|p2a: Beautifish
|
|-damage|p1a: Misdreavus|31\/261 brn|[from] brn
|upkeep
|choice||switch 4
|
|switch|p2a: Terminator|Rotom-Frost|241\/241
|turn|16
|choice|move shadowball|move voltswitch
|
|move|p2a: Terminator|Volt Switch|p1a: Misdreavus
|-damage|p1a: Misdreavus|0 fnt
|faint|p1a: Misdreavus
|choice||switch 3
|
|switch|p2a: 'Merica!!|Bouffalant, M|199\/393 psn
|
|-damage|p2a: 'Merica!!|150\/393 psn|[from] psn
|upkeep
|choice|switch 6|
|
|switch|p1a: Pawniard|Pawniard, F|182\/231
|turn|17
|choice|move lowkick|move earthquake
|
|move|p1a: Pawniard|Low Kick|p2a: 'Merica!!
|-supereffective|p2a: 'Merica!!
|-damage|p2a: 'Merica!!|0 fnt
|faint|p2a: 'Merica!!
|
|upkeep
|choice||switch 5
|
|switch|p2a: Monferno|Monferno, M|157\/269 psn
|turn|18
|choice|switch 5|move uturn
|
|switch|p1a: Torkoal|Torkoal, F|344\/344
|move|p2a: Monferno|U-turn|p1a: Torkoal
|-resisted|p1a: Torkoal
|-damage|p1a: Torkoal|327\/344
|choice||switch 6
|
|switch|p2a: Mrs. Piggy|Grumpig, F|200\/319 psn
|
|-heal|p2a: Mrs. Piggy|219\/319 psn|[from] item: Leftovers
|-heal|p1a: Torkoal|344\/344|[from] item: Leftovers
|-damage|p2a: Mrs. Piggy|180\/319 psn|[from] psn
|upkeep
|turn|19
|choice|move stealthrock|move focusblast
|
|move|p2a: Mrs. Piggy|Focus Blast|p1a: Torkoal
|-damage|p1a: Torkoal|210\/344
|move|p1a: Torkoal|Stealth Rock|p2a: Mrs. Piggy
|-sidestart|p2: UberSkitty|move: Stealth Rock
|
|-heal|p2a: Mrs. Piggy|199\/319 psn|[from] item: Leftovers
|-heal|p1a: Torkoal|231\/344|[from] item: Leftovers
|-damage|p2a: Mrs. Piggy|160\/319 psn|[from] psn
|upkeep
|turn|20
|choice|switch 3|move psychic
|
|switch|p1a: Rotom|Rotom-Frost|62\/241
|move|p2a: Mrs. Piggy|Psychic|p1a: Rotom
|-damage|p1a: Rotom|0 fnt
|faint|p1a: Rotom
|
|-heal|p2a: Mrs. Piggy|179\/319 psn|[from] item: Leftovers
|-damage|p2a: Mrs. Piggy|140\/319 psn|[from] psn
|upkeep
|choice|switch 4|
|
|switch|p1a: Dodrio|Dodrio, M|261\/261
|turn|21
|choice|move frustration|move thunderwave
|
|move|p1a: Dodrio|Frustration|p2a: Mrs. Piggy
|-damage|p2a: Mrs. Piggy|0 fnt
|faint|p2a: Mrs. Piggy
|
|upkeep
|choice||switch 2
|
|switch|p2a: My Precious|Golem, F|165\/364 psn
|-damage|p2a: My Precious|143\/364 psn|[from] Stealth Rock
|turn|22
|choice|switch 3|move earthquake
|
|switch|p1a: Torkoal|Torkoal, F|231\/344
|move|p2a: My Precious|Earthquake|p1a: Torkoal
|-supereffective|p1a: Torkoal
|-damage|p1a: Torkoal|61\/344
|
|-heal|p2a: My Precious|165\/364 psn|[from] item: Leftovers
|-heal|p1a: Torkoal|82\/344|[from] item: Leftovers
|-damage|p2a: My Precious|120\/364 psn|[from] psn
|upkeep
|turn|23
|choice|move earthquake|move rockblast
|
|move|p2a: My Precious|Rock Blast|p1a: Torkoal
|-supereffective|p1a: Torkoal
|-crit|p1a: Torkoal
|-damage|p1a: Torkoal|16\/344
|-supereffective|p1a: Torkoal
|-damage|p1a: Torkoal|0 fnt
|-hitcount|p1a: Torkoal|2
|faint|p1a: Torkoal
|
|-heal|p2a: My Precious|142\/364 psn|[from] item: Leftovers
|-damage|p2a: My Precious|97\/364 psn|[from] psn
|upkeep
|choice|switch 5|
|
|switch|p1a: Pawniard|Pawniard, F|182\/231
|turn|24
|choice|move ironhead|move suckerpunch
|
|move|p2a: My Precious|Sucker Punch|p1a: Pawniard
|-resisted|p1a: Pawniard
|-crit|p1a: Pawniard
|-damage|p1a: Pawniard|132\/231
|move|p1a: Pawniard|Iron Head|p2a: My Precious
|-supereffective|p2a: My Precious
|-damage|p2a: My Precious|0 fnt
|faint|p2a: My Precious
|
|upkeep
|choice||switch 6
|
|switch|p2a: Monferno|Monferno, M|157\/269 psn
|-damage|p2a: Monferno|124\/269 psn|[from] Stealth Rock
|turn|25
|choice|switch 3|move machpunch
|
|switch|p1a: Dodrio|Dodrio, M|261\/261
|move|p2a: Monferno|Mach Punch|p1a: Dodrio
|-damage|p1a: Dodrio|174\/261
|
|-damage|p2a: Monferno|91\/269 psn|[from] psn
|upkeep
|turn|26
|choice|move frustration|switch 3
|
|switch|p2a: Terminator|Rotom-Frost|241\/241
|-damage|p2a: Terminator|181\/241|[from] Stealth Rock
|move|p1a: Dodrio|Frustration|p2a: Terminator
|-damage|p2a: Terminator|24\/241
|
|upkeep
|turn|27
|c|☆UberSkitty|gg
|choice|move frustration|move thunderbolt
|
|move|p1a: Dodrio|Frustration|p2a: Terminator
|-damage|p2a: Terminator|0 fnt
|faint|p2a: Terminator
|
|upkeep
|c|☆The Golden Banjo|gg
|choice||switch 3
|
|switch|p2a: Monferno|Monferno, M|91\/269 psn
|-damage|p2a: Monferno|58\/269 psn|[from] Stealth Rock
|turn|28
|choice|move frustration|move machpunch
|
|move|p2a: Monferno|Mach Punch|p1a: Dodrio
|-damage|p1a: Dodrio|87\/261
|move|p1a: Dodrio|Frustration|p2a: Monferno
|-damage|p2a: Monferno|0 fnt
|faint|p2a: Monferno
|
|win|The Golden Banjo
|l|TIBot
|l|UberSkitty
|j|AmineFifty</script>
</div>
<div class="battle-log battle-log-inline"><div class="inner"><div class="battle-options"></div><div class="inner"><div class="chat"><small>The Golden Banjo joined.</small></div><div class="chat"><small>UberSkitty joined.</small></div><div class=""><small>Format:</small> <br><strong>PU</strong></div><div class=""><small><em>Sleep Clause Mod:</em> Limit one foe put to sleep</small></div><div class=""><small><em>Species Clause:</em> Limit one of each Pokémon</small></div><div class=""><small><em>OHKO Clause:</em> OHKO moves are banned</small></div><div class=""><small><em>Moody Clause:</em> Moody is banned</small></div><div class=""><small><em>Evasion Moves Clause:</em> Evasion moves are banned</small></div><div class=""><small><em>Endless Battle Clause:</em> Forcing endless battles is banned</small></div><div class=""><small><em>HP Percentage Mod:</em> HP is shown in percentages</small></div><div class=""><small><em>Swagger Clause:</em> Swagger is banned</small></div><div class=""><small><em>Baton Pass Clause:</em> Limit one Baton Passer, can't pass Spe and other stats simultaneously</small></div><div class="chat battle-history"><strong>The Golden Banjo's team:</strong> <em style="color:#445566;display:block;">Venipede / Misdreavus / Pawniard / Dodrio / Rotom-Frost / Torkoal</em></div><div class="chat battle-history"><strong>UberSkitty's team:</strong> <em style="color:#445566;display:block;">Rotom-Frost / Bouffalant / Lumineon / Grumpig / Golem / Monferno</em></div><div class="chat"><small>TIBot joined.</small></div><div class="chat chatmessage-uberskitty"><strong style="color:hsl(74,64%,33%)"><small>☆</small><span class="username" data-name="UberSkitty">UberSkitty</span>:</strong> <em>hf</em></div><div class="chat chatmessage-thegoldenbanjo"><strong style="color:hsl(39,87%,33%)"><small>☆</small><span class="username" data-name="The Golden Banjo">The Golden Banjo</span>:</strong> <em>u 2</em></div><div class="spacer battle-history"><br></div><div class="battle-history">Battle started between The Golden Banjo and UberSkitty!<br></div><div class="spacer battle-history"><br></div><div class="battle-history">Go! <strong>Venipede</strong>!<br></div><div class="spacer battle-history"><br></div><div class="battle-history">UberSkitty sent out My Precious (<strong>Golem</strong>)!<br></div><div class="spacer battle-history"><br></div><h2 class="battle-history">Turn 1</h2><div class="spacer battle-history"><br></div><div class="battle-history">Venipede used <strong>Toxic Spikes</strong>!<br></div><div class="battle-history"><small>Poison spikes were scattered on the ground all around the opposing team!</small><br></div><div class="spacer battle-history"><br></div><div class="battle-history">The opposing My Precious used <strong>Rock Blast</strong>!<br></div><div class="battle-history"><small>It's super effective!</small><br></div><div class="battle-history"><small>(Venipede lost <abbr title="−132/170">77.6%</abbr> of its health!)</small><br></div><div class="battle-history"><small>It's super effective!</small><br></div><div class="battle-history"><small>(Venipede lost <abbr title="−38/170">22.4%</abbr> of its health!)</small><br></div><div class="battle-history"><small>Hit 2 times!</small><br></div><div class="spacer battle-history"><br></div><div class="battle-history">Venipede fainted!<br></div><div class="spacer battle-history"><br></div><div class="battle-history">Go! <strong>Misdreavus</strong>!<br></div><div class="spacer battle-history"><br></div><h2 class="battle-history">Turn 2</h2><div class="spacer battle-history"><br></div><div class="battle-history">UberSkitty withdrew My Precious!<br></div><div class="battle-history">UberSkitty sent out Beautifish (<strong>Lumineon</strong>)!<br></div><div class="battle-history"><small>The opposing Beautifish was poisoned!</small><br></div><div class="spacer battle-history"><br></div><div class="battle-history">Misdreavus used <strong>Taunt</strong>!<br></div><div class="battle-history"><small>The opposing Beautifish fell for the taunt!</small><br></div><div class="spacer battle-history"><br></div><div class="battle-history"><small>The opposing Beautifish was hurt by poison!</small><br></div><div class="spacer battle-history"><br></div><h2 class="battle-history">Turn 3</h2><div class="spacer battle-history"><br></div><div class="battle-history">Misdreavus used <strong>Thunderbolt</strong>!<br></div><div class="battle-history"><small>It's super effective!</small><br></div><div class="battle-history"><small>(The opposing Beautifish lost <abbr title="−212/341">62.2%</abbr> of its health!)</small><br></div><div class="spacer battle-history"><br></div><div class="battle-history">The opposing Beautifish used <strong>U-turn</strong>!<br></div><div class="battle-history"><small>It's not very effective...</small><br></div><div class="battle-history"><small>(Misdreavus lost <abbr title="−19/261">7.3%</abbr> of its health!)</small><br></div><div class="spacer battle-history"><br></div><div class="battle-history">The opposing Beautifish went back to UberSkitty!<br></div><div class="battle-history">UberSkitty sent out Terminator (<strong>Rotom-Frost</strong>)!<br></div><div class="spacer battle-history"><br></div><h2 class="battle-history">Turn 4</h2><div class="spacer battle-history"><br></div><div class="battle-history">Misdreavus, come back!<br></div><div class="battle-history">Go! Rotom (<strong>Rotom-Frost</strong>)!<br></div><div class="spacer battle-history"><br></div><div class="battle-history">The opposing Terminator used <strong>Volt Switch</strong>!<br></div><div class="battle-history"><small>It's not very effective...</small><br></div><div class="battle-history"><small>(Rotom lost <abbr title="−50/241">20.7%</abbr> of its health!)</small><br></div><div class="spacer battle-history"><br></div><div class="battle-history">The opposing Terminator went back to UberSkitty!<br></div><div class="battle-history">UberSkitty sent out Mrs. Piggy (<strong>Grumpig</strong>)!<br></div><div class="battle-history"><small>The opposing Mrs. Piggy was poisoned!</small><br></div><div class="spacer battle-history"><br></div><div class="battle-history"><small>The opposing Mrs. Piggy was hurt by poison!</small><br></div><div class="spacer battle-history"><br></div><h2 class="battle-history">Turn 5</h2><div class="spacer battle-history"><br></div><div class="battle-history">Rotom used <strong>Substitute</strong>!<br></div><div class="battle-history"><small>Rotom put in a substitute!</small><br></div><div class="battle-history"><small>(Rotom lost <abbr title="−60/241">24.9%</abbr> of its health!)</small><br></div><div class="spacer battle-history"><br></div><div class="battle-history">The opposing Mrs. Piggy used <strong>Focus Blast</strong>!<br></div><div class="battle-history"><small>It's super effective!</small><br></div><div class="battle-history"><small>Rotom's substitute faded!</small><br></div><div class="spacer battle-history"><br></div><div class="battle-history"><small>The opposing Mrs. Piggy restored a little HP using its Leftovers!</small><br></div><div class="battle-history"><small>The opposing Mrs. Piggy was hurt by poison!</small><br></div><div class="spacer battle-history"><br></div><h2 class="battle-history">Turn 6</h2><div class="spacer battle-history"><br></div><div class="battle-history">Rotom, come back!<br></div><div class="battle-history">Go! <strong>Misdreavus</strong>!<br></div><div class="spacer battle-history"><br></div><div class="battle-history">The opposing Mrs. Piggy used <strong>Psychic</strong>!<br></div><div class="battle-history"><small>(Misdreavus lost <abbr title="−90/261">34.5%</abbr> of its health!)</small><br></div><div class="spacer battle-history"><br></div><div class="battle-history"><small>The opposing Mrs. Piggy restored a little HP using its Leftovers!</small><br></div><div class="battle-history"><small>The opposing Mrs. Piggy was hurt by poison!</small><br></div><div class="spacer battle-history"><br></div><h2 class="battle-history">Turn 7</h2><div class="spacer battle-history"><br></div><div class="battle-history">Misdreavus, come back!<br></div><div class="battle-history">Go! Rotom (<strong>Rotom-Frost</strong>)!<br></div><div class="spacer battle-history"><br></div><div class="battle-history">The opposing Mrs. Piggy used <strong>Shadow Ball</strong>!<br></div><div class="battle-history"><small>(Rotom lost <abbr title="−69/241">28.6%</abbr> of its health!)</small><br></div><div class="spacer battle-history"><br></div><div class="battle-history"><small>The opposing Mrs. Piggy restored a little HP using its Leftovers!</small><br></div><div class="battle-history"><small>The opposing Mrs. Piggy was hurt by poison!</small><br></div><div class="spacer battle-history"><br></div><h2 class="battle-history">Turn 8</h2><div class="spacer battle-history"><br></div><div class="battle-history">Rotom, come back!<br></div><div class="battle-history">Go! <strong>Pawniard</strong>!<br></div><div class="spacer battle-history"><br></div><div class="battle-history">The opposing Mrs. Piggy used <strong>Psychic</strong>!<br></div><div class="battle-history"><small>It doesn't affect Pawniard...</small><br></div><div class="spacer battle-history"><br></div><div class="battle-history"><small>The opposing Mrs. Piggy restored a little HP using its Leftovers!</small><br></div><div class="battle-history"><small>The opposing Mrs. Piggy was hurt by poison!</small><br></div><div class="spacer battle-history"><br></div><h2 class="battle-history">Turn 9</h2><div class="spacer battle-history"><br></div><div class="battle-history">UberSkitty withdrew Mrs. Piggy!<br></div><div class="battle-history">UberSkitty sent out <strong>Monferno</strong>!<br></div><div class="battle-history"><small>The opposing Monferno was poisoned!</small><br></div><div class="spacer battle-history"><br></div><div class="battle-history">Pawniard used <strong>Sucker Punch</strong>!<br></div><div class="battle-history"><small>But it failed!</small><br></div><div class="spacer battle-history"><br></div><div class="battle-history"><small>The opposing Monferno was hurt by poison!</small><br></div><div class="spacer battle-history"><br></div><h2 class="battle-history">Turn 10</h2><div class="spacer battle-history"><br></div><div class="battle-history">The opposing Monferno used <strong>U-turn</strong>!<br></div><div class="battle-history"><small>(Pawniard lost <abbr title="−49/231">21.2%</abbr> of its health!)</small><br></div><div class="spacer battle-history"><br></div><div class="battle-history">The opposing Monferno went back to UberSkitty!<br></div><div class="battle-history">UberSkitty sent out 'Merica!! (<strong>Bouffalant</strong>)!<br></div><div class="battle-history"><small>The opposing 'Merica!! was poisoned!</small><br></div><div class="spacer battle-history"><br></div><div class="battle-history">Pawniard used <strong>Knock Off</strong>!<br></div><div class="battle-history"><small>(The opposing 'Merica!! lost <abbr title="−145/393">36.9%</abbr> of its health!)</small><br></div><div class="battle-history"><small>Pawniard knocked off the opposing 'Merica!!'s Leftovers!</small><br></div><div class="spacer battle-history"><br></div><div class="battle-history"><small>The opposing 'Merica!! was hurt by poison!</small><br></div><div class="spacer battle-history"><br></div><h2 class="battle-history">Turn 11</h2><div class="spacer battle-history"><br></div><div class="battle-history">UberSkitty withdrew 'Merica!!!<br></div><div class="battle-history">UberSkitty sent out My Precious (<strong>Golem</strong>)!<br></div><div class="battle-history"><small>The opposing My Precious was poisoned!</small><br></div><div class="spacer battle-history"><br></div><div class="battle-history">Pawniard used <strong>Low Kick</strong>!<br></div><div class="battle-history"><small>It's super effective!</small><br></div><div class="battle-history"><small>(The opposing My Precious lost <abbr title="−176/364">48.4%</abbr> of its health!)</small><br></div><div class="spacer battle-history"><br></div><div class="battle-history"><small>The opposing My Precious restored a little HP using its Leftovers!</small><br></div><div class="battle-history"><small>The opposing My Precious was hurt by poison!</small><br></div><div class="spacer battle-history"><br></div><h2 class="battle-history">Turn 12</h2><div class="spacer battle-history"><br></div><div class="battle-history">UberSkitty withdrew My Precious!<br></div><div class="battle-history">UberSkitty sent out <strong>Monferno</strong>!<br></div><div class="spacer battle-history"><br></div><div class="battle-history">Pawniard used <strong>Low Kick</strong>!<br></div><div class="battle-history"><small>(The opposing Monferno lost <abbr title="−46/269">17.1%</abbr> of its health!)</small><br></div><div class="spacer battle-history"><br></div><div class="battle-history"><small>The opposing Monferno was hurt by poison!</small><br></div><div class="spacer battle-history"><br></div><h2 class="battle-history">Turn 13</h2><div class="spacer battle-history"><br></div><div class="battle-history">Pawniard, come back!<br></div><div class="battle-history">Go! <strong>Torkoal</strong>!<br></div><div class="spacer battle-history"><br></div><div class="battle-history">The opposing Monferno used <strong>U-turn</strong>!<br></div><div class="battle-history"><small>It's not very effective...</small><br></div><div class="battle-history"><small>(Torkoal lost <abbr title="−17/344">4.9%</abbr> of its health!)</small><br></div><div class="spacer battle-history"><br></div><div class="battle-history">The opposing Monferno went back to UberSkitty!<br></div><div class="battle-history">UberSkitty sent out Beautifish (<strong>Lumineon</strong>)!<br></div><div class="spacer battle-history"><br></div><div class="battle-history"><small>The opposing Beautifish restored a little HP using its Leftovers!</small><br></div><div class="battle-history"><small>Torkoal restored a little HP using its Leftovers!</small><br></div><div class="battle-history"><small>The opposing Beautifish was hurt by poison!</small><br></div><div class="spacer battle-history"><br></div><h2 class="battle-history">Turn 14</h2><div class="spacer battle-history"><br></div><div class="battle-history">Torkoal, come back!<br></div><div class="battle-history">Go! <strong>Misdreavus</strong>!<br></div><div class="spacer battle-history"><br></div><div class="battle-history">The opposing Beautifish used <strong>Scald</strong>!<br></div><div class="battle-history"><small>(Misdreavus lost <abbr title="−57/261">21.8%</abbr> of its health!)</small><br></div><div class="battle-history"><small>Misdreavus was burned!</small><br></div><div class="spacer battle-history"><br></div><div class="battle-history"><small>The opposing Beautifish restored a little HP using its Leftovers!</small><br></div><div class="battle-history"><small>Misdreavus was hurt by its burn!</small><br></div><div class="battle-history"><small>The opposing Beautifish was hurt by poison!</small><br></div><div class="spacer battle-history"><br></div><h2 class="battle-history">Turn 15</h2><div class="spacer battle-history"><br></div><div class="battle-history">Misdreavus used <strong>Shadow Ball</strong>!<br></div><div class="battle-history"><small>A critical hit!</small><br></div><div class="battle-history"><small>(The opposing Beautifish lost <abbr title="−45/341">13.2%</abbr> of its health!)</small><br></div><div class="spacer battle-history"><br></div><div class="battle-history">The opposing Beautifish fainted!<br></div><div class="spacer battle-history"><br></div><div class="battle-history"><small>Misdreavus was hurt by its burn!</small><br></div><div class="spacer battle-history"><br></div><div class="battle-history">UberSkitty sent out Terminator (<strong>Rotom-Frost</strong>)!<br></div><div class="spacer battle-history"><br></div><h2 class="battle-history">Turn 16</h2><div class="spacer battle-history"><br></div><div class="battle-history">The opposing Terminator used <strong>Volt Switch</strong>!<br></div><div class="battle-history"><small>(Misdreavus lost <abbr title="−31/261">11.9%</abbr> of its health!)</small><br></div><div class="spacer battle-history"><br></div><div class="battle-history">Misdreavus fainted!<br></div><div class="spacer battle-history"><br></div><div class="battle-history">The opposing Terminator went back to UberSkitty!<br></div><div class="battle-history">UberSkitty sent out 'Merica!! (<strong>Bouffalant</strong>)!<br></div><div class="spacer battle-history"><br></div><div class="battle-history"><small>The opposing 'Merica!! was hurt by poison!</small><br></div><div class="spacer battle-history"><br></div><div class="battle-history">Go! <strong>Pawniard</strong>!<br></div><div class="spacer battle-history"><br></div><h2 class="battle-history">Turn 17</h2><div class="spacer battle-history"><br></div><div class="battle-history">Pawniard used <strong>Low Kick</strong>!<br></div><div class="battle-history"><small>It's super effective!</small><br></div><div class="battle-history"><small>(The opposing 'Merica!! lost <abbr title="−150/393">38.2%</abbr> of its health!)</small><br></div><div class="spacer battle-history"><br></div><div class="battle-history">The opposing 'Merica!! fainted!<br></div><div class="spacer battle-history"><br></div><div class="battle-history">UberSkitty sent out <strong>Monferno</strong>!<br></div><div class="spacer battle-history"><br></div><h2 class="battle-history">Turn 18</h2><div class="spacer battle-history"><br></div><div class="battle-history">Pawniard, come back!<br></div><div class="battle-history">Go! <strong>Torkoal</strong>!<br></div><div class="spacer battle-history"><br></div><div class="battle-history">The opposing Monferno used <strong>U-turn</strong>!<br></div><div class="battle-history"><small>It's not very effective...</small><br></div><div class="battle-history"><small>(Torkoal lost <abbr title="−17/344">4.9%</abbr> of its health!)</small><br></div><div class="spacer battle-history"><br></div><div class="battle-history">The opposing Monferno went back to UberSkitty!<br></div><div class="battle-history">UberSkitty sent out Mrs. Piggy (<strong>Grumpig</strong>)!<br></div><div class="spacer battle-history"><br></div><div class="battle-history"><small>The opposing Mrs. Piggy restored a little HP using its Leftovers!</small><br></div><div class="battle-history"><small>Torkoal restored a little HP using its Leftovers!</small><br></div><div class="battle-history"><small>The opposing Mrs. Piggy was hurt by poison!</small><br></div><div class="spacer battle-history"><br></div><h2 class="battle-history">Turn 19</h2><div class="spacer battle-history"><br></div><div class="battle-history">The opposing Mrs. Piggy used <strong>Focus Blast</strong>!<br></div><div class="battle-history"><small>(Torkoal lost <abbr title="−134/344">39.0%</abbr> of its health!)</small><br></div><div class="spacer battle-history"><br></div><div class="battle-history">Torkoal used <strong>Stealth Rock</strong>!<br></div><div class="battle-history"><small>Pointed stones float in the air around the opposing team!</small><br></div><div class="spacer battle-history"><br></div><div class="battle-history"><small>The opposing Mrs. Piggy restored a little HP using its Leftovers!</small><br></div><div class="battle-history"><small>Torkoal restored a little HP using its Leftovers!</small><br></div><div class="battle-history"><small>The opposing Mrs. Piggy was hurt by poison!</small><br></div><div class="spacer battle-history"><br></div><h2 class="battle-history">Turn 20</h2><div class="spacer battle-history"><br></div><div class="battle-history">Torkoal, come back!<br></div><div class="battle-history">Go! Rotom (<strong>Rotom-Frost</strong>)!<br></div><div class="spacer battle-history"><br></div><div class="battle-history">The opposing Mrs. Piggy used <strong>Psychic</strong>!<br></div><div class="battle-history"><small>(Rotom lost <abbr title="−62/241">25.7%</abbr> of its health!)</small><br></div><div class="spacer battle-history"><br></div><div class="battle-history">Rotom fainted!<br></div><div class="spacer battle-history"><br></div><div class="battle-history"><small>The opposing Mrs. Piggy restored a little HP using its Leftovers!</small><br></div><div class="battle-history"><small>The opposing Mrs. Piggy was hurt by poison!</small><br></div><div class="spacer battle-history"><br></div><div class="battle-history">Go! <strong>Dodrio</strong>!<br></div><div class="spacer battle-history"><br></div><h2 class="battle-history">Turn 21</h2><div class="spacer battle-history"><br></div><div class="battle-history">Dodrio used <strong>Frustration</strong>!<br></div><div class="battle-history"><small>(The opposing Mrs. Piggy lost <abbr title="−140/319">43.9%</abbr> of its health!)</small><br></div><div class="spacer battle-history"><br></div><div class="battle-history">The opposing Mrs. Piggy fainted!<br></div><div class="spacer battle-history"><br></div><div class="battle-history">UberSkitty sent out My Precious (<strong>Golem</strong>)!<br></div><div class="battle-history"><small>Pointed stones dug into the opposing My Precious!</small><br></div><div class="spacer battle-history"><br></div><h2 class="battle-history">Turn 22</h2><div class="spacer battle-history"><br></div><div class="battle-history">Dodrio, come back!<br></div><div class="battle-history">Go! <strong>Torkoal</strong>!<br></div><div class="spacer battle-history"><br></div><div class="battle-history">The opposing My Precious used <strong>Earthquake</strong>!<br></div><div class="battle-history"><small>It's super effective!</small><br></div><div class="battle-history"><small>(Torkoal lost <abbr title="−170/344">49.4%</abbr> of its health!)</small><br></div><div class="spacer battle-history"><br></div><div class="battle-history"><small>The opposing My Precious restored a little HP using its Leftovers!</small><br></div><div class="battle-history"><small>Torkoal restored a little HP using its Leftovers!</small><br></div><div class="battle-history"><small>The opposing My Precious was hurt by poison!</small><br></div><div class="spacer battle-history"><br></div><h2 class="battle-history">Turn 23</h2><div class="spacer battle-history"><br></div><div class="battle-history">The opposing My Precious used <strong>Rock Blast</strong>!<br></div><div class="battle-history"><small>It's super effective!</small><br></div><div class="battle-history"><small>A critical hit!</small><br></div><div class="battle-history"><small>(Torkoal lost <abbr title="−66/344">19.2%</abbr> of its health!)</small><br></div><div class="battle-history"><small>It's super effective!</small><br></div><div class="battle-history"><small>(Torkoal lost <abbr title="−16/344">4.7%</abbr> of its health!)</small><br></div><div class="battle-history"><small>Hit 2 times!</small><br></div><div class="spacer battle-history"><br></div><div class="battle-history">Torkoal fainted!<br></div><div class="spacer battle-history"><br></div><div class="battle-history"><small>The opposing My Precious restored a little HP using its Leftovers!</small><br></div><div class="battle-history"><small>The opposing My Precious was hurt by poison!</small><br></div><div class="spacer battle-history"><br></div><div class="battle-history">Go! <strong>Pawniard</strong>!<br></div><div class="spacer battle-history"><br></div><h2 class="battle-history">Turn 24</h2><div class="spacer battle-history"><br></div><div class="battle-history">The opposing My Precious used <strong>Sucker Punch</strong>!<br></div><div class="battle-history"><small>It's not very effective...</small><br></div><div class="battle-history"><small>A critical hit!</small><br></div><div class="battle-history"><small>(Pawniard lost <abbr title="−50/231">21.6%</abbr> of its health!)</small><br></div><div class="spacer battle-history"><br></div><div class="battle-history">Pawniard used <strong>Iron Head</strong>!<br></div><div class="battle-history"><small>It's super effective!</small><br></div><div class="battle-history"><small>(The opposing My Precious lost <abbr title="−97/364">26.6%</abbr> of its health!)</small><br></div><div class="spacer battle-history"><br></div><div class="battle-history">The opposing My Precious fainted!<br></div><div class="spacer battle-history"><br></div><div class="battle-history">UberSkitty sent out <strong>Monferno</strong>!<br></div><div class="battle-history"><small>Pointed stones dug into the opposing Monferno!</small><br></div><div class="spacer battle-history"><br></div><h2 class="battle-history">Turn 25</h2><div class="spacer battle-history"><br></div><div class="battle-history">Pawniard, come back!<br></div><div class="battle-history">Go! <strong>Dodrio</strong>!<br></div><div class="spacer battle-history"><br></div><div class="battle-history">The opposing Monferno used <strong>Mach Punch</strong>!<br></div><div class="battle-history"><small>(Dodrio lost <abbr title="−87/261">33.3%</abbr> of its health!)</small><br></div><div class="spacer battle-history"><br></div><div class="battle-history"><small>The opposing Monferno was hurt by poison!</small><br></div><div class="spacer battle-history"><br></div><h2 class="battle-history">Turn 26</h2><div class="spacer battle-history"><br></div><div class="battle-history">UberSkitty withdrew Monferno!<br></div><div class="battle-history">UberSkitty sent out Terminator (<strong>Rotom-Frost</strong>)!<br></div><div class="battle-history"><small>Pointed stones dug into the opposing Terminator!</small><br></div><div class="spacer battle-history"><br></div><div class="battle-history">Dodrio used <strong>Frustration</strong>!<br></div><div class="battle-history"><small>(The opposing Terminator lost <abbr title="−157/241">65.1%</abbr> of its health!)</small><br></div><div class="spacer battle-history"><br></div><h2 class="battle-history">Turn 27</h2><div class="chat chatmessage-uberskitty"><strong style="color:hsl(74,64%,33%)"><small>☆</small><span class="username" data-name="UberSkitty">UberSkitty</span>:</strong> <em>gg</em></div><div class="spacer battle-history"><br></div><div class="battle-history">Dodrio used <strong>Frustration</strong>!<br></div><div class="battle-history"><small>(The opposing Terminator lost <abbr title="−24/241">10.0%</abbr> of its health!)</small><br></div><div class="spacer battle-history"><br></div><div class="battle-history">The opposing Terminator fainted!<br></div><div class="chat chatmessage-thegoldenbanjo"><strong style="color:hsl(39,87%,33%)"><small>☆</small><span class="username" data-name="The Golden Banjo">The Golden Banjo</span>:</strong> <em>gg</em></div><div class="spacer battle-history"><br></div><div class="battle-history">UberSkitty sent out <strong>Monferno</strong>!<br></div><div class="battle-history"><small>Pointed stones dug into the opposing Monferno!</small><br></div><div class="spacer battle-history"><br></div><h2 class="battle-history">Turn 28</h2><div class="spacer battle-history"><br></div><div class="battle-history">The opposing Monferno used <strong>Mach Punch</strong>!<br></div><div class="battle-history"><small>(Dodrio lost <abbr title="−87/261">33.3%</abbr> of its health!)</small><br></div><div class="spacer battle-history"><br></div><div class="battle-history">Dodrio used <strong>Frustration</strong>!<br></div><div class="battle-history"><small>(The opposing Monferno lost <abbr title="−58/269">21.6%</abbr> of its health!)</small><br></div><div class="spacer battle-history"><br></div><div class="battle-history">The opposing Monferno fainted!<br></div><div class="spacer battle-history"><br></div><div class="battle-history"><strong>The Golden Banjo</strong> won the battle!<br></div><div class="chat"><small>TIBot left.</small></div><div class="chat"><small>UberSkitty left.</small></div><div class="chat"><small>AmineFifty joined.</small></div></div><div class="inner-preempt"></div></div></div>
</div>
<script>
let daily = Math.floor(Date.now()/1000/60/60/24);document.write('<script src="https://play.pokemonshowdown.com/js/replay-embed.js?version'+daily+'"></'+'script>');
</script>
