<!DOCTYPE html>
<meta charset="utf-8" />
<!-- version 1 -->
<title>PU replay: PokemonMasterTJ vs. 275p</title>
<style>
html,body {font-family:Verdana, sans-serif;font-size:10pt;margin:0;padding:0;}body{padding:12px 0;} .battle-log {font-family:Verdana, sans-serif;font-size:10pt;} .battle-log-inline {border:1px solid #AAAAAA;background:#EEF2F5;color:black;max-width:640px;margin:0 auto 80px;padding-bottom:5px;} .battle-log .inner {padding:4px 8px 0px 8px;} .battle-log .inner-preempt {padding:0 8px 4px 8px;} .battle-log .inner-after {margin-top:0.5em;} .battle-log h2 {margin:0.5em -8px;padding:4px 8px;border:1px solid #AAAAAA;background:#E0E7EA;border-left:0;border-right:0;font-family:Verdana, sans-serif;font-size:13pt;} .battle-log .chat {vertical-align:middle;padding:3px 0 3px 0;font-size:8pt;} .battle-log .chat strong {color:#40576A;} .battle-log .chat em {padding:1px 4px 1px 3px;color:#000000;font-style:normal;} .chat.mine {background:rgba(0,0,0,0.05);margin-left:-8px;margin-right:-8px;padding-left:8px;padding-right:8px;} .spoiler {color:#BBBBBB;background:#BBBBBB;padding:0px 3px;} .spoiler:hover, .spoiler:active, .spoiler-shown {color:#000000;background:#E2E2E2;padding:0px 3px;} .spoiler a {color:#BBBBBB;} .spoiler:hover a, .spoiler:active a, .spoiler-shown a {color:#2288CC;} .chat code, .chat .spoiler:hover code, .chat .spoiler:active code, .chat .spoiler-shown code {border:1px solid #C0C0C0;background:#EEEEEE;color:black;padding:0 2px;} .chat .spoiler code {border:1px solid #CCCCCC;background:#CCCCCC;color:#CCCCCC;} .battle-log .rated {padding:3px 4px;} .battle-log .rated strong {color:white;background:#89A;padding:1px 4px;border-radius:4px;} .spacer {margin-top:0.5em;} .message-announce {background:#6688AA;color:white;padding:1px 4px 2px;} .message-announce a, .broadcast-green a, .broadcast-blue a, .broadcast-red a {color:#DDEEFF;} .broadcast-green {background-color:#559955;color:white;padding:2px 4px;} .broadcast-blue {background-color:#6688AA;color:white;padding:2px 4px;} .infobox {border:1px solid #6688AA;padding:2px 4px;} .infobox-limited {max-height:200px;overflow:auto;overflow-x:hidden;} .broadcast-red {background-color:#AA5544;color:white;padding:2px 4px;} .message-learn-canlearn {font-weight:bold;color:#228822;text-decoration:underline;} .message-learn-cannotlearn {font-weight:bold;color:#CC2222;text-decoration:underline;} .message-effect-weak {font-weight:bold;color:#CC2222;} .message-effect-resist {font-weight:bold;color:#6688AA;} .message-effect-immune {font-weight:bold;color:#666666;} .message-learn-list {margin-top:0;margin-bottom:0;} .message-throttle-notice, .message-error {color:#992222;} .message-overflow, .chat small.message-overflow {font-size:0pt;} .message-overflow::before {font-size:9pt;content:'...';} .subtle {color:#3A4A66;}
</style>
<div class="wrapper replay-wrapper" style="max-width:1180px;margin:0 auto">
<input type="hidden" name="replayid" value="pu-585736648" />
<div class="battle"></div><div class="battle-log"></div><div class="replay-controls"></div><div class="replay-controls-2"></div>
<h1 style="font-weight:normal;text-align:center"><strong>PU</strong><br /><a href="http://pokemonshowdown.com/users/pokemonmastertj" class="subtle" target="_blank">PokemonMasterTJ</a> vs. <a href="http://pokemonshowdown.com/users/275p" class="subtle" target="_blank">275p</a></h1>
<script type="text/plain" class="battle-log-data">|j|PokemonMasterTJ
|j|275p
|player|p1|PokemonMasterTJ|144
|teamsize|p1|6
|player|p2|275p|69
|teamsize|p2|6
|gametype|singles
|gen|6
|tier|PU
|seed|5802,53291,33985,47587
|rule|Sleep Clause Mod: Limit one foe put to sleep
|rule|Species Clause: Limit one of each Pokémon
|rule|OHKO Clause: OHKO moves are banned
|rule|Moody Clause: Moody is banned
|rule|Evasion Moves Clause: Evasion moves are banned
|rule|Endless Battle Clause: Forcing endless battles is banned
|rule|HP Percentage Mod: HP is shown in percentages
|clearpoke
|poke|p1|Grumpig, M|item
|poke|p1|Bronzor|item
|poke|p1|Dodrio, F|item
|poke|p1|Roselia, F|item
|poke|p1|Pelipper, M|item
|poke|p1|Ninetales, M|item
|poke|p2|Onix, F|item
|poke|p2|Tangela, M|item
|poke|p2|Trevenant, M|item
|poke|p2|Castform, M|item
|poke|p2|Zebstrika, M|item
|poke|p2|Ninetales, F|item
|rule|Swagger Clause: Swagger is banned
|rule|Baton Pass Clause: Limit one Baton Passer, can't pass Spe and other stats simultaneously
|teampreview
|c|☆275p|glhf
|j|chuMbuMbler
|c|☆PokemonMasterTJ|u2
|choice|team 2, team 1, team 3, team 4, team 5, team 6|team 1, team 2, team 3, team 4, team 5, team 6
|
|start
|switch|p1a: Bronzor|Bronzor|318\/318
|switch|p2a: Onix|Onix, F|274\/274
|turn|1
|choice|move stealthrock|move sunnyday
|
|move|p2a: Onix|Sunny Day|p2a: Onix
|-weather|SunnyDay
|move|p1a: Bronzor|Stealth Rock|p2a: Onix
|-sidestart|p2: 275p|move: Stealth Rock
|
|-weather|SunnyDay|[upkeep]
|upkeep
|turn|2
|choice|move toxic|move taunt
|
|move|p2a: Onix|Taunt|p1a: Bronzor
|-start|p1a: Bronzor|move: Taunt
|cant|p1a: Bronzor|move: Taunt|Toxic
|
|-weather|SunnyDay|[upkeep]
|upkeep
|turn|3
|choice|move psywave|switch 6
|
|switch|p2a: Ninetales|Ninetales, F|287\/287
|-damage|p2a: Ninetales|216\/287|[from] Stealth Rock
|move|p1a: Bronzor|Psywave|p2a: Ninetales
|-damage|p2a: Ninetales|82\/287
|
|-weather|SunnyDay|[upkeep]
|upkeep
|turn|4
|j|Aaronboyer
|choice|switch 5|move nastyplot
|
|switch|p1a: Pelipper|Pelipper, M|323\/323
|move|p2a: Ninetales|Nasty Plot|p2a: Ninetales
|-boost|p2a: Ninetales|spa|2
|
|-weather|SunnyDay|[upkeep]
|upkeep
|turn|5
|choice|move scald|move energyball
|
|move|p2a: Ninetales|Energy Ball|p1a: Pelipper
|-damage|p1a: Pelipper|51\/323
|-damage|p2a: Ninetales|54\/287|[from] item: Life Orb
|move|p1a: Pelipper|Scald|p2a: Ninetales
|-supereffective|p2a: Ninetales
|-damage|p2a: Ninetales|0 fnt
|faint|p2a: Ninetales
|
|-weather|SunnyDay|[upkeep]
|-heal|p1a: Pelipper|71\/323|[from] item: Leftovers
|upkeep
|choice||switch 5
|
|switch|p2a: Zebstrika|Zebstrika, M|291\/291
|-damage|p2a: Zebstrika|255\/291|[from] Stealth Rock
|turn|6
|choice|switch 4|move voltswitch
|
|switch|p1a: Roselia|Roselia, F|304\/304
|move|p2a: Zebstrika|Volt Switch|p1a: Roselia
|-resisted|p1a: Roselia
|-damage|p1a: Roselia|273\/304
|-damage|p2a: Zebstrika|226\/291|[from] item: Life Orb
|l|Aaronboyer
|choice||switch 3
|
|switch|p2a: Trevenant|Trevenant, M|374\/374
|-damage|p2a: Trevenant|328\/374|[from] Stealth Rock
|
|-weather|SunnyDay|[upkeep]
|upkeep
|turn|7
|j|Blue YM
|choice|move sludgebomb|move willowisp
|
|move|p1a: Roselia|Sludge Bomb|p2a: Trevenant
|-damage|p2a: Trevenant|247\/374
|move|p2a: Trevenant|Will-O-Wisp|p1a: Roselia|[miss]
|-miss|p2a: Trevenant|p1a: Roselia
|
|-weather|SunnyDay|[upkeep]
|upkeep
|turn|8
|choice|move spikes|move willowisp
|
|move|p1a: Roselia|Spikes|p2a: Trevenant
|-sidestart|p2: 275p|Spikes
|move|p2a: Trevenant|Will-O-Wisp|p1a: Roselia|[miss]
|-miss|p2a: Trevenant|p1a: Roselia
|
|-weather|none
|upkeep
|turn|9
|choice|move sludgebomb|move willowisp
|
|move|p1a: Roselia|Sludge Bomb|p2a: Trevenant
|-crit|p2a: Trevenant
|-damage|p2a: Trevenant|123\/374
|-status|p2a: Trevenant|psn
|-enditem|p2a: Trevenant|Sitrus Berry|[eat]
|-heal|p2a: Trevenant|216\/374 psn|[from] item: Sitrus Berry
|move|p2a: Trevenant|Will-O-Wisp|p1a: Roselia
|-status|p1a: Roselia|brn
|
|-damage|p1a: Roselia|235\/304 brn|[from] brn
|-damage|p2a: Trevenant|170\/374 psn|[from] psn
|upkeep
|turn|10
|choice|move spikes|switch 4
|
|switch|p2a: Castform|Castform, M|344\/344
|-damage|p2a: Castform|301\/344|[from] Spikes
|-damage|p2a: Castform|258\/344|[from] Stealth Rock
|move|p1a: Roselia|Spikes|p2a: Castform
|-sidestart|p2: 275p|Spikes
|
|-damage|p1a: Roselia|197\/304 brn|[from] brn
|upkeep
|turn|11
|choice|move sludgebomb|move sunnyday
|
|move|p2a: Castform|Sunny Day|p2a: Castform
|-weather|SunnyDay
|-formechange|p2a: Castform|Castform-Sunny|[msg]|[from] ability: Forecast
|move|p1a: Roselia|Sludge Bomb|p2a: Castform
|-crit|p2a: Castform
|-damage|p2a: Castform|36\/344
|
|-weather|SunnyDay|[upkeep]
|-damage|p1a: Roselia|159\/304 brn|[from] brn
|upkeep
|turn|12
|c| Blue YM|lol
|c| Blue YM|this wins
|choice|switch 4|move weatherball
|
|-curestatus|p1a: Roselia|brn|[from] ability: Natural Cure
|switch|p1a: Pelipper|Pelipper, M|71\/323
|move|p2a: Castform|Weather Ball|p1a: Pelipper
|-resisted|p1a: Pelipper
|-damage|p1a: Pelipper|0 fnt
|faint|p1a: Pelipper
|
|-weather|SunnyDay|[upkeep]
|upkeep
|choice|switch 2|
|
|switch|p1a: Grumpig|Grumpig, M|321\/321
|turn|13
|choice|move calmmind|move weatherball
|
|move|p1a: Grumpig|Calm Mind|p1a: Grumpig
|-boost|p1a: Grumpig|spa|1
|-boost|p1a: Grumpig|spd|1
|move|p2a: Castform|Weather Ball|p1a: Grumpig
|-damage|p1a: Grumpig|258\/321
|
|-weather|SunnyDay|[upkeep]
|-heal|p1a: Grumpig|278\/321|[from] item: Leftovers
|upkeep
|turn|14
|choice|move substitute|move solarbeam
|
|move|p1a: Grumpig|Substitute|p1a: Grumpig
|-start|p1a: Grumpig|Substitute
|-damage|p1a: Grumpig|198\/321
|move|p2a: Castform|Solar Beam|p1a: Grumpig|[still]
|-prepare|p2a: Castform|Solar Beam|p1a: Grumpig
|-anim|p2a: Castform|Solar Beam|p1a: Grumpig
|-activate|p1a: Grumpig|move: Substitute|[damage]
|
|-weather|SunnyDay|[upkeep]
|-heal|p1a: Grumpig|218\/321|[from] item: Leftovers
|upkeep
|turn|15
|l|275p
|player|p2|
|l|Blue YM
|inactive|Battle timer is ON: inactive players will automatically lose when time's up. (requested by PokemonMasterTJ)
|j|275p
|player|p2|275p|69
|choice|move psychic|move solarbeam
|
|move|p1a: Grumpig|Psychic|p2a: Castform
|-damage|p2a: Castform|0 fnt
|faint|p2a: Castform
|
|-weather|SunnyDay|[upkeep]
|-heal|p1a: Grumpig|238\/321|[from] item: Leftovers
|upkeep
|choice||switch 2
|
|switch|p2a: Tangela|Tangela, M|271\/271
|-damage|p2a: Tangela|226\/271|[from] Spikes
|-damage|p2a: Tangela|193\/271|[from] Stealth Rock
|turn|16
|j|hugepower1221
|choice|move psychic|move ancientpower
|
|move|p2a: Tangela|Ancient Power|p1a: Grumpig
|-end|p1a: Grumpig|Substitute
|move|p1a: Grumpig|Psychic|p2a: Tangela
|-damage|p2a: Tangela|0 fnt
|faint|p2a: Tangela
|
|-weather|SunnyDay|[upkeep]
|-heal|p1a: Grumpig|258\/321|[from] item: Leftovers
|upkeep
|l|hugepower1221
|choice||switch 4
|
|switch|p2a: Trevenant|Trevenant, M|170\/374 psn
|-damage|p2a: Trevenant|124\/374 psn|[from] Stealth Rock
|-damage|p2a: Trevenant|62\/374 psn|[from] Spikes
|turn|17
|choice|move psychic|move shadowclaw
|
|move|p1a: Grumpig|Psychic|p2a: Trevenant
|-damage|p2a: Trevenant|0 fnt
|faint|p2a: Trevenant
|
|-weather|SunnyDay|[upkeep]
|-heal|p1a: Grumpig|278\/321|[from] item: Leftovers
|upkeep
|j|hugepower1221
|choice||switch 6
|
|switch|p2a: Onix|Onix, F|274\/274
|-damage|p2a: Onix|257\/274|[from] Stealth Rock
|-damage|p2a: Onix|212\/274|[from] Spikes
|turn|18
|choice|move psychic|move explosion
|
|move|p1a: Grumpig|Psychic|p2a: Onix
|-damage|p2a: Onix|0 fnt
|faint|p2a: Onix
|
|-weather|none
|-heal|p1a: Grumpig|298\/321|[from] item: Leftovers
|upkeep
|c|☆275p|gg
|choice||switch 3
|
|switch|p2a: Zebstrika|Zebstrika, M|226\/291
|-damage|p2a: Zebstrika|190\/291|[from] Stealth Rock
|-damage|p2a: Zebstrika|142\/291|[from] Spikes
|turn|19
|c|☆PokemonMasterTJ|gg
|choice|move psychic|move thunderwave
|
|move|p2a: Zebstrika|Thunder Wave|p1a: Grumpig
|-status|p1a: Grumpig|par
|cant|p1a: Grumpig|par
|
|-heal|p1a: Grumpig|318\/321 par|[from] item: Leftovers
|upkeep
|turn|20
|choice|move psychic|move signalbeam
|
|move|p2a: Zebstrika|Signal Beam|p1a: Grumpig
|-supereffective|p1a: Grumpig
|-damage|p1a: Grumpig|222\/321 par
|-damage|p2a: Zebstrika|113\/291|[from] item: Life Orb
|cant|p1a: Grumpig|par
|
|-heal|p1a: Grumpig|242\/321 par|[from] item: Leftovers
|upkeep
|turn|21
|choice|move psychic|move signalbeam
|
|move|p2a: Zebstrika|Signal Beam|p1a: Grumpig
|-supereffective|p1a: Grumpig
|-damage|p1a: Grumpig|130\/321 par
|-damage|p2a: Zebstrika|84\/291|[from] item: Life Orb
|cant|p1a: Grumpig|par
|
|-heal|p1a: Grumpig|150\/321 par|[from] item: Leftovers
|upkeep
|turn|22
|choice|move psychic|move signalbeam
|
|move|p2a: Zebstrika|Signal Beam|p1a: Grumpig
|-supereffective|p1a: Grumpig
|-damage|p1a: Grumpig|46\/321 par
|-damage|p2a: Zebstrika|55\/291|[from] item: Life Orb
|move|p1a: Grumpig|Psychic|p2a: Zebstrika
|-damage|p2a: Zebstrika|0 fnt
|faint|p2a: Zebstrika
|
|win|PokemonMasterTJ
|c|☆275p|gg
|l|275p</script>
</div>
<div class="battle-log battle-log-inline"><div class="inner"><div class="battle-options"></div><div class="inner"><div class="chat"><small>PokemonMasterTJ joined.</small></div><div class="chat"><small>275p joined.</small></div><div class=""><small>Format:</small> <br><strong>PU</strong></div><div class=""><small><em>Sleep Clause Mod:</em> Limit one foe put to sleep</small></div><div class=""><small><em>Species Clause:</em> Limit one of each Pokémon</small></div><div class=""><small><em>OHKO Clause:</em> OHKO moves are banned</small></div><div class=""><small><em>Moody Clause:</em> Moody is banned</small></div><div class=""><small><em>Evasion Moves Clause:</em> Evasion moves are banned</small></div><div class=""><small><em>Endless Battle Clause:</em> Forcing endless battles is banned</small></div><div class=""><small><em>HP Percentage Mod:</em> HP is shown in percentages</small></div><div class=""><small><em>Swagger Clause:</em> Swagger is banned</small></div><div class=""><small><em>Baton Pass Clause:</em> Limit one Baton Passer, can't pass Spe and other stats simultaneously</small></div><div class="chat battle-history"><strong>PokemonMasterTJ's team:</strong> <em style="color:#445566;display:block;">Grumpig / Bronzor / Dodrio / Roselia / Pelipper / Ninetales</em></div><div class="chat battle-history"><strong>275p's team:</strong> <em style="color:#445566;display:block;">Onix / Tangela / Trevenant / Castform / Zebstrika / Ninetales</em></div><div class="chat chatmessage-275p"><strong style="color:hsl(274,54%,55.25357618933063%)"><small>☆</small><span class="username" data-name="275p">275p</span>:</strong> <em>glhf</em></div><div class="chat"><small>chuMbuMbler joined.</small></div><div class="chat chatmessage-pokemonmastertj"><strong style="color:hsl(26,75%,48%)"><small>☆</small><span class="username" data-name="PokemonMasterTJ">PokemonMasterTJ</span>:</strong> <em>u2</em></div><div class="spacer battle-history"><br></div><div class="battle-history">Battle started between PokemonMasterTJ and 275p!<br></div><div class="spacer battle-history"><br></div><div class="battle-history">Go! <strong>Bronzor</strong>!<br></div><div class="spacer battle-history"><br></div><div class="battle-history">275p sent out <strong>Onix</strong>!<br></div><div class="spacer battle-history"><br></div><h2 class="battle-history">Turn 1</h2><div class="spacer battle-history"><br></div><div class="battle-history">The opposing Onix used <strong>Sunny Day</strong>!<br></div><div class="battle-history"><small>The sunlight turned harsh!</small><br></div><div class="spacer battle-history"><br></div><div class="battle-history">Bronzor used <strong>Stealth Rock</strong>!<br></div><div class="battle-history"><small>Pointed stones float in the air around the opposing team!</small><br></div><div class="spacer battle-history"><br></div><div class="battle-history"><small>(The sunlight is strong!)</small><br></div><div class="spacer battle-history"><br></div><h2 class="battle-history">Turn 2</h2><div class="spacer battle-history"><br></div><div class="battle-history">The opposing Onix used <strong>Taunt</strong>!<br></div><div class="battle-history"><small>Bronzor fell for the taunt!</small><br></div><div class="spacer battle-history"><br></div><div class="battle-history">Bronzor can't use Toxic after the taunt!<br></div><div class="spacer battle-history"><br></div><div class="battle-history"><small>(The sunlight is strong!)</small><br></div><div class="spacer battle-history"><br></div><h2 class="battle-history">Turn 3</h2><div class="spacer battle-history"><br></div><div class="battle-history">275p withdrew Onix!<br></div><div class="battle-history">275p sent out <strong>Ninetales</strong>!<br></div><div class="battle-history"><small>Pointed stones dug into the opposing Ninetales!</small><br></div><div class="spacer battle-history"><br></div><div class="battle-history">Bronzor used <strong>Psywave</strong>!<br></div><div class="battle-history"><small>(The opposing Ninetales lost <abbr title="−134/287">46.7%</abbr> of its health!)</small><br></div><div class="spacer battle-history"><br></div><div class="battle-history"><small>(The sunlight is strong!)</small><br></div><div class="spacer battle-history"><br></div><h2 class="battle-history">Turn 4</h2><div class="chat"><small>Aaronboyer joined.</small></div><div class="spacer battle-history"><br></div><div class="battle-history">Bronzor, come back!<br></div><div class="battle-history">Go! <strong>Pelipper</strong>!<br></div><div class="spacer battle-history"><br></div><div class="battle-history">The opposing Ninetales used <strong>Nasty Plot</strong>!<br></div><div class="battle-history"><small>The opposing Ninetales's Special Attack rose sharply!</small><br></div><div class="spacer battle-history"><br></div><div class="battle-history"><small>(The sunlight is strong!)</small><br></div><div class="spacer battle-history"><br></div><h2 class="battle-history">Turn 5</h2><div class="spacer battle-history"><br></div><div class="battle-history">The opposing Ninetales used <strong>Energy Ball</strong>!<br></div><div class="battle-history"><small>(Pelipper lost <abbr title="−272/323">84.2%</abbr> of its health!)</small><br></div><div class="battle-history"><small>The opposing Ninetales lost some of its HP!</small><br></div><div class="spacer battle-history"><br></div><div class="battle-history">Pelipper used <strong>Scald</strong>!<br></div><div class="battle-history"><small>It's super effective!</small><br></div><div class="battle-history"><small>(The opposing Ninetales lost <abbr title="−54/287">18.8%</abbr> of its health!)</small><br></div><div class="spacer battle-history"><br></div><div class="battle-history">The opposing Ninetales fainted!<br></div><div class="spacer battle-history"><br></div><div class="battle-history"><small>(The sunlight is strong!)</small><br></div><div class="battle-history"><small>Pelipper restored a little HP using its Leftovers!</small><br></div><div class="spacer battle-history"><br></div><div class="battle-history">275p sent out <strong>Zebstrika</strong>!<br></div><div class="battle-history"><small>Pointed stones dug into the opposing Zebstrika!</small><br></div><div class="spacer battle-history"><br></div><h2 class="battle-history">Turn 6</h2><div class="spacer battle-history"><br></div><div class="battle-history">Pelipper, come back!<br></div><div class="battle-history">Go! <strong>Roselia</strong>!<br></div><div class="spacer battle-history"><br></div><div class="battle-history">The opposing Zebstrika used <strong>Volt Switch</strong>!<br></div><div class="battle-history"><small>It's not very effective...</small><br></div><div class="battle-history"><small>(Roselia lost <abbr title="−31/304">10.2%</abbr> of its health!)</small><br></div><div class="battle-history"><small>The opposing Zebstrika lost some of its HP!</small><br></div><div class="chat"><small>Aaronboyer left.</small></div><div class="spacer battle-history"><br></div><div class="battle-history">The opposing Zebstrika went back to 275p!<br></div><div class="battle-history">275p sent out <strong>Trevenant</strong>!<br></div><div class="battle-history"><small>Pointed stones dug into the opposing Trevenant!</small><br></div><div class="spacer battle-history"><br></div><div class="battle-history"><small>(The sunlight is strong!)</small><br></div><div class="spacer battle-history"><br></div><h2 class="battle-history">Turn 7</h2><div class="chat"><small>Blue YM joined.</small></div><div class="spacer battle-history"><br></div><div class="battle-history">Roselia used <strong>Sludge Bomb</strong>!<br></div><div class="battle-history"><small>(The opposing Trevenant lost <abbr title="−81/374">21.7%</abbr> of its health!)</small><br></div><div class="spacer battle-history"><br></div><div class="battle-history">The opposing Trevenant used <strong>Will-O-Wisp</strong>!<br></div><div class="battle-history"><small>Roselia avoided the attack!</small><br></div><div class="spacer battle-history"><br></div><div class="battle-history"><small>(The sunlight is strong!)</small><br></div><div class="spacer battle-history"><br></div><h2 class="battle-history">Turn 8</h2><div class="spacer battle-history"><br></div><div class="battle-history">Roselia used <strong>Spikes</strong>!<br></div><div class="battle-history"><small>Spikes were scattered on the ground all around the opposing team!</small><br></div><div class="spacer battle-history"><br></div><div class="battle-history">The opposing Trevenant used <strong>Will-O-Wisp</strong>!<br></div><div class="battle-history"><small>Roselia avoided the attack!</small><br></div><div class="spacer battle-history"><br></div><div class="battle-history"><small>The sunlight faded.</small><br></div><div class="spacer battle-history"><br></div><h2 class="battle-history">Turn 9</h2><div class="spacer battle-history"><br></div><div class="battle-history">Roselia used <strong>Sludge Bomb</strong>!<br></div><div class="battle-history"><small>A critical hit!</small><br></div><div class="battle-history"><small>(The opposing Trevenant lost <abbr title="−124/374">33.2%</abbr> of its health!)</small><br></div><div class="battle-history"><small>The opposing Trevenant was poisoned!</small><br></div><div class="battle-history"><small>The opposing Trevenant ate its Sitrus Berry!</small><br></div><div class="battle-history"><small>The opposing Trevenant restored HP using its Sitrus Berry!</small><br></div><div class="spacer battle-history"><br></div><div class="battle-history">The opposing Trevenant used <strong>Will-O-Wisp</strong>!<br></div><div class="battle-history"><small>Roselia was burned!</small><br></div><div class="spacer battle-history"><br></div><div class="battle-history"><small>Roselia was hurt by its burn!</small><br></div><div class="battle-history"><small>The opposing Trevenant was hurt by poison!</small><br></div><div class="spacer battle-history"><br></div><h2 class="battle-history">Turn 10</h2><div class="spacer battle-history"><br></div><div class="battle-history">275p withdrew Trevenant!<br></div><div class="battle-history">275p sent out <strong>Castform</strong>!<br></div><div class="battle-history"><small>The opposing Castform is hurt by the spikes!</small><br></div><div class="battle-history"><small>Pointed stones dug into the opposing Castform!</small><br></div><div class="spacer battle-history"><br></div><div class="battle-history">Roselia used <strong>Spikes</strong>!<br></div><div class="battle-history"><small>Spikes were scattered on the ground all around the opposing team!</small><br></div><div class="spacer battle-history"><br></div><div class="battle-history"><small>Roselia was hurt by its burn!</small><br></div><div class="spacer battle-history"><br></div><h2 class="battle-history">Turn 11</h2><div class="spacer battle-history"><br></div><div class="battle-history">The opposing Castform used <strong>Sunny Day</strong>!<br></div><div class="battle-history"><small>The sunlight turned harsh!</small><br></div><div class="battle-history"><small>[The opposing Castform's Forecast]</small><br>The opposing Castform transformed!<br></div><div class="spacer battle-history"><br></div><div class="battle-history">Roselia used <strong>Sludge Bomb</strong>!<br></div><div class="battle-history"><small>A critical hit!</small><br></div><div class="battle-history"><small>(The opposing Castform lost <abbr title="−222/344">64.5%</abbr> of its health!)</small><br></div><div class="spacer battle-history"><br></div><div class="battle-history"><small>(The sunlight is strong!)</small><br></div><div class="battle-history"><small>Roselia was hurt by its burn!</small><br></div><div class="spacer battle-history"><br></div><h2 class="battle-history">Turn 12</h2><div class="chat chatmessage-blueym"><strong style="color:hsl(142,47%,34.72642036737637%)"><small> </small><span class="username" data-name="Blue YM">Blue YM</span>:</strong> <em>lol</em></div><div class="chat chatmessage-blueym"><strong style="color:hsl(142,47%,34.72642036737637%)"><small> </small><span class="username" data-name="Blue YM">Blue YM</span>:</strong> <em>this wins</em></div><div class="spacer battle-history"><br></div><div class="battle-history"><small>(Roselia is cured by its Natural Cure!)</small><br></div><div class="battle-history">Roselia, come back!<br></div><div class="battle-history">Go! <strong>Pelipper</strong>!<br></div><div class="spacer battle-history"><br></div><div class="battle-history">The opposing Castform used <strong>Weather Ball</strong>!<br></div><div class="battle-history"><small>It's not very effective...</small><br></div><div class="battle-history"><small>(Pelipper lost <abbr title="−71/323">22.0%</abbr> of its health!)</small><br></div><div class="spacer battle-history"><br></div><div class="battle-history">Pelipper fainted!<br></div><div class="spacer battle-history"><br></div><div class="battle-history"><small>(The sunlight is strong!)</small><br></div><div class="spacer battle-history"><br></div><div class="battle-history">Go! <strong>Grumpig</strong>!<br></div><div class="spacer battle-history"><br></div><h2 class="battle-history">Turn 13</h2><div class="spacer battle-history"><br></div><div class="battle-history">Grumpig used <strong>Calm Mind</strong>!<br></div><div class="battle-history"><small>Grumpig's Special Attack rose!</small><br></div><div class="battle-history"><small>Grumpig's Special Defense rose!</small><br></div><div class="spacer battle-history"><br></div><div class="battle-history">The opposing Castform used <strong>Weather Ball</strong>!<br></div><div class="battle-history"><small>(Grumpig lost <abbr title="−63/321">19.6%</abbr> of its health!)</small><br></div><div class="spacer battle-history"><br></div><div class="battle-history"><small>(The sunlight is strong!)</small><br></div><div class="battle-history"><small>Grumpig restored a little HP using its Leftovers!</small><br></div><div class="spacer battle-history"><br></div><h2 class="battle-history">Turn 14</h2><div class="spacer battle-history"><br></div><div class="battle-history">Grumpig used <strong>Substitute</strong>!<br></div><div class="battle-history"><small>Grumpig put in a substitute!</small><br></div><div class="battle-history"><small>(Grumpig lost <abbr title="−80/321">24.9%</abbr> of its health!)</small><br></div><div class="spacer battle-history"><br></div><div class="battle-history">The opposing Castform used <strong>Solar Beam</strong>!<br></div><div class="battle-history"><small>The opposing Castform absorbed light!</small><br></div><div class="battle-history"><small>The substitute took damage for Grumpig!</small><br></div><div class="spacer battle-history"><br></div><div class="battle-history"><small>(The sunlight is strong!)</small><br></div><div class="battle-history"><small>Grumpig restored a little HP using its Leftovers!</small><br></div><div class="spacer battle-history"><br></div><h2 class="battle-history">Turn 15</h2><div class="chat"><small>275p left.</small></div><div class="chat"><small>Blue YM left.</small></div><div class="chat message-error">Battle timer is ON: inactive players will automatically lose when time's up. (requested by PokemonMasterTJ)</div><div class="chat"><small>275p joined.</small></div><div class="spacer battle-history"><br></div><div class="battle-history">Grumpig used <strong>Psychic</strong>!<br></div><div class="battle-history"><small>(The opposing Castform lost <abbr title="−36/344">10.5%</abbr> of its health!)</small><br></div><div class="spacer battle-history"><br></div><div class="battle-history">The opposing Castform fainted!<br></div><div class="spacer battle-history"><br></div><div class="battle-history"><small>(The sunlight is strong!)</small><br></div><div class="battle-history"><small>Grumpig restored a little HP using its Leftovers!</small><br></div><div class="spacer battle-history"><br></div><div class="battle-history">275p sent out <strong>Tangela</strong>!<br></div><div class="battle-history"><small>The opposing Tangela is hurt by the spikes!</small><br></div><div class="battle-history"><small>Pointed stones dug into the opposing Tangela!</small><br></div><div class="spacer battle-history"><br></div><h2 class="battle-history">Turn 16</h2><div class="chat"><small>hugepower1221 joined.</small></div><div class="spacer battle-history"><br></div><div class="battle-history">The opposing Tangela used <strong>Ancient Power</strong>!<br></div><div class="battle-history"><small>Grumpig's substitute faded!</small><br></div><div class="spacer battle-history"><br></div><div class="battle-history">Grumpig used <strong>Psychic</strong>!<br></div><div class="battle-history"><small>(The opposing Tangela lost <abbr title="−193/271">71.2%</abbr> of its health!)</small><br></div><div class="spacer battle-history"><br></div><div class="battle-history">The opposing Tangela fainted!<br></div><div class="spacer battle-history"><br></div><div class="battle-history"><small>(The sunlight is strong!)</small><br></div><div class="battle-history"><small>Grumpig restored a little HP using its Leftovers!</small><br></div><div class="chat"><small>hugepower1221 left.</small></div><div class="spacer battle-history"><br></div><div class="battle-history">275p sent out <strong>Trevenant</strong>!<br></div><div class="battle-history"><small>Pointed stones dug into the opposing Trevenant!</small><br></div><div class="battle-history"><small>The opposing Trevenant is hurt by the spikes!</small><br></div><div class="spacer battle-history"><br></div><h2 class="battle-history">Turn 17</h2><div class="spacer battle-history"><br></div><div class="battle-history">Grumpig used <strong>Psychic</strong>!<br></div><div class="battle-history"><small>(The opposing Trevenant lost <abbr title="−62/374">16.6%</abbr> of its health!)</small><br></div><div class="spacer battle-history"><br></div><div class="battle-history">The opposing Trevenant fainted!<br></div><div class="spacer battle-history"><br></div><div class="battle-history"><small>(The sunlight is strong!)</small><br></div><div class="battle-history"><small>Grumpig restored a little HP using its Leftovers!</small><br></div><div class="chat"><small>hugepower1221 joined.</small></div><div class="spacer battle-history"><br></div><div class="battle-history">275p sent out <strong>Onix</strong>!<br></div><div class="battle-history"><small>Pointed stones dug into the opposing Onix!</small><br></div><div class="battle-history"><small>The opposing Onix is hurt by the spikes!</small><br></div><div class="spacer battle-history"><br></div><h2 class="battle-history">Turn 18</h2><div class="spacer battle-history"><br></div><div class="battle-history">Grumpig used <strong>Psychic</strong>!<br></div><div class="battle-history"><small>(The opposing Onix lost <abbr title="−212/274">77.4%</abbr> of its health!)</small><br></div><div class="spacer battle-history"><br></div><div class="battle-history">The opposing Onix fainted!<br></div><div class="spacer battle-history"><br></div><div class="battle-history"><small>The sunlight faded.</small><br></div><div class="battle-history"><small>Grumpig restored a little HP using its Leftovers!</small><br></div><div class="chat chatmessage-275p"><strong style="color:hsl(274,54%,55.25357618933063%)"><small>☆</small><span class="username" data-name="275p">275p</span>:</strong> <em>gg</em></div><div class="spacer battle-history"><br></div><div class="battle-history">275p sent out <strong>Zebstrika</strong>!<br></div><div class="battle-history"><small>Pointed stones dug into the opposing Zebstrika!</small><br></div><div class="battle-history"><small>The opposing Zebstrika is hurt by the spikes!</small><br></div><div class="spacer battle-history"><br></div><h2 class="battle-history">Turn 19</h2><div class="chat chatmessage-pokemonmastertj"><strong style="color:hsl(26,75%,48%)"><small>☆</small><span class="username" data-name="PokemonMasterTJ">PokemonMasterTJ</span>:</strong> <em>gg</em></div><div class="spacer battle-history"><br></div><div class="battle-history">The opposing Zebstrika used <strong>Thunder Wave</strong>!<br></div><div class="battle-history"><small>Grumpig is paralyzed! It may be unable to move!</small><br></div><div class="spacer battle-history"><br></div><div class="battle-history">Grumpig is paralyzed! It can't move!<br></div><div class="spacer battle-history"><br></div><div class="battle-history"><small>Grumpig restored a little HP using its Leftovers!</small><br></div><div class="spacer battle-history"><br></div><h2 class="battle-history">Turn 20</h2><div class="spacer battle-history"><br></div><div class="battle-history">The opposing Zebstrika used <strong>Signal Beam</strong>!<br></div><div class="battle-history"><small>It's super effective!</small><br></div><div class="battle-history"><small>(Grumpig lost <abbr title="−96/321">29.9%</abbr> of its health!)</small><br></div><div class="battle-history"><small>The opposing Zebstrika lost some of its HP!</small><br></div><div class="spacer battle-history"><br></div><div class="battle-history">Grumpig is paralyzed! It can't move!<br></div><div class="spacer battle-history"><br></div><div class="battle-history"><small>Grumpig restored a little HP using its Leftovers!</small><br></div><div class="spacer battle-history"><br></div><h2 class="battle-history">Turn 21</h2><div class="spacer battle-history"><br></div><div class="battle-history">The opposing Zebstrika used <strong>Signal Beam</strong>!<br></div><div class="battle-history"><small>It's super effective!</small><br></div><div class="battle-history"><small>(Grumpig lost <abbr title="−112/321">34.9%</abbr> of its health!)</small><br></div><div class="battle-history"><small>The opposing Zebstrika lost some of its HP!</small><br></div><div class="spacer battle-history"><br></div><div class="battle-history">Grumpig is paralyzed! It can't move!<br></div><div class="spacer battle-history"><br></div><div class="battle-history"><small>Grumpig restored a little HP using its Leftovers!</small><br></div><div class="spacer battle-history"><br></div><h2 class="battle-history">Turn 22</h2><div class="spacer battle-history"><br></div><div class="battle-history">The opposing Zebstrika used <strong>Signal Beam</strong>!<br></div><div class="battle-history"><small>It's super effective!</small><br></div><div class="battle-history"><small>(Grumpig lost <abbr title="−104/321">32.4%</abbr> of its health!)</small><br></div><div class="battle-history"><small>The opposing Zebstrika lost some of its HP!</small><br></div><div class="spacer battle-history"><br></div><div class="battle-history">Grumpig used <strong>Psychic</strong>!<br></div><div class="battle-history"><small>(The opposing Zebstrika lost <abbr title="−55/291">18.9%</abbr> of its health!)</small><br></div><div class="spacer battle-history"><br></div><div class="battle-history">The opposing Zebstrika fainted!<br></div><div class="spacer battle-history"><br></div><div class="battle-history"><strong>PokemonMasterTJ</strong> won the battle!<br></div><div class="chat chatmessage-275p"><strong style="color:hsl(274,54%,55.25357618933063%)"><small>☆</small><span class="username" data-name="275p">275p</span>:</strong> <em>gg</em></div><div class="chat"><small>275p left.</small></div></div><div class="inner-preempt"></div></div></div>
</div>
<script>
let daily = Math.floor(Date.now()/1000/60/60/24);document.write('<script src="https://play.pokemonshowdown.com/js/replay-embed.js?version'+daily+'"></'+'script>');
</script>
