<!DOCTYPE html>
<meta charset="utf-8" />
<!-- version 1 -->
<title>PU replay: SergioRules vs. Alolan's_Butt</title>
<style>
html,body {font-family:Verdana, sans-serif;font-size:10pt;margin:0;padding:0;}body{padding:12px 0;} .battle-log {font-family:Verdana, sans-serif;font-size:10pt;} .battle-log-inline {border:1px solid #AAAAAA;background:#EEF2F5;color:black;max-width:640px;margin:0 auto 80px;padding-bottom:5px;} .battle-log .inner {padding:4px 8px 0px 8px;} .battle-log .inner-preempt {padding:0 8px 4px 8px;} .battle-log .inner-after {margin-top:0.5em;} .battle-log h2 {margin:0.5em -8px;padding:4px 8px;border:1px solid #AAAAAA;background:#E0E7EA;border-left:0;border-right:0;font-family:Verdana, sans-serif;font-size:13pt;} .battle-log .chat {vertical-align:middle;padding:3px 0 3px 0;font-size:8pt;} .battle-log .chat strong {color:#40576A;} .battle-log .chat em {padding:1px 4px 1px 3px;color:#000000;font-style:normal;} .chat.mine {background:rgba(0,0,0,0.05);margin-left:-8px;margin-right:-8px;padding-left:8px;padding-right:8px;} .spoiler {color:#BBBBBB;background:#BBBBBB;padding:0px 3px;} .spoiler:hover, .spoiler:active, .spoiler-shown {color:#000000;background:#E2E2E2;padding:0px 3px;} .spoiler a {color:#BBBBBB;} .spoiler:hover a, .spoiler:active a, .spoiler-shown a {color:#2288CC;} .chat code, .chat .spoiler:hover code, .chat .spoiler:active code, .chat .spoiler-shown code {border:1px solid #C0C0C0;background:#EEEEEE;color:black;padding:0 2px;} .chat .spoiler code {border:1px solid #CCCCCC;background:#CCCCCC;color:#CCCCCC;} .battle-log .rated {padding:3px 4px;} .battle-log .rated strong {color:white;background:#89A;padding:1px 4px;border-radius:4px;} .spacer {margin-top:0.5em;} .message-announce {background:#6688AA;color:white;padding:1px 4px 2px;} .message-announce a, .broadcast-green a, .broadcast-blue a, .broadcast-red a {color:#DDEEFF;} .broadcast-green {background-color:#559955;color:white;padding:2px 4px;} .broadcast-blue {background-color:#6688AA;color:white;padding:2px 4px;} .infobox {border:1px solid #6688AA;padding:2px 4px;} .infobox-limited {max-height:200px;overflow:auto;overflow-x:hidden;} .broadcast-red {background-color:#AA5544;color:white;padding:2px 4px;} .message-learn-canlearn {font-weight:bold;color:#228822;text-decoration:underline;} .message-learn-cannotlearn {font-weight:bold;color:#CC2222;text-decoration:underline;} .message-effect-weak {font-weight:bold;color:#CC2222;} .message-effect-resist {font-weight:bold;color:#6688AA;} .message-effect-immune {font-weight:bold;color:#666666;} .message-learn-list {margin-top:0;margin-bottom:0;} .message-throttle-notice, .message-error {color:#992222;} .message-overflow, .chat small.message-overflow {font-size:0pt;} .message-overflow::before {font-size:9pt;content:'...';} .subtle {color:#3A4A66;}
</style>
<div class="wrapper replay-wrapper" style="max-width:1180px;margin:0 auto">
<input type="hidden" name="replayid" value="pu-564046385" />
<div class="battle"></div><div class="battle-log"></div><div class="replay-controls"></div><div class="replay-controls-2"></div>
<h1 style="font-weight:normal;text-align:center"><strong>PU</strong><br /><a href="http://pokemonshowdown.com/users/sergiorules" class="subtle" target="_blank">SergioRules</a> vs. <a href="http://pokemonshowdown.com/users/alolansbutt" class="subtle" target="_blank">Alolan's_Butt</a></h1>
<script type="text/plain" class="battle-log-data">|j|SergioRules
|j|Alolan's_Butt
|player|p1|SergioRules|56
|player|p2|Alolan's_Butt|265
|gametype|singles
|gen|6
|tier|PU
|rated
|seed|1490,35232,34117,9828
|rule|Sleep Clause Mod: Limit one foe put to sleep
|rule|Species Clause: Limit one of each Pokémon
|rule|OHKO Clause: OHKO moves are banned
|rule|Moody Clause: Moody is banned
|rule|Evasion Moves Clause: Evasion moves are banned
|rule|Endless Battle Clause: Forcing endless battles is banned
|rule|HP Percentage Mod: HP is shown in percentages
|clearpoke
|poke|p1|Muk, F|item
|poke|p1|Bronzor|item
|poke|p1|Bouffalant, F|item
|poke|p1|Leafeon, F|item
|poke|p1|Krokorok, F|item
|poke|p1|Pelipper, M|item
|poke|p2|Natu, F|item
|poke|p2|Lopunny, F|item
|poke|p2|Misdreavus, M|item
|poke|p2|Mr. Mime, F|item
|poke|p2|Smeargle, M|item
|poke|p2|Furfrou, F|item
|rule|Swagger Clause: Swagger is banned
|rule|Baton Pass Clause: Limit one Baton Passer, can't pass Spe and other stats simultaneously
|teampreview
|choice|team 5, team 2, team 3, team 4, team 1, team 6|team 5, team 2, team 3, team 4, team 1, team 6
|
|start
|switch|p1a: Krokorok|Krokorok, F|267\/267
|switch|p2a: Special|Smeargle, M|314\/314
|-ability|p1a: Krokorok|Intimidate|boost
|-unboost|p2a: Special|atk|1
|turn|1
|j|thick skulled
|choice|move knockoff|move stickyweb
|
|move|p2a: Special|Sticky Web|p1a: Krokorok
|-sidestart|p1: SergioRules|move: Sticky Web
|move|p1a: Krokorok|Knock Off|p2a: Special
|-enditem|p2a: Special|Focus Sash
|-damage|p2a: Special|1\/314
|
|upkeep
|turn|2
|choice|move knockoff|move stealthrock
|
|move|p2a: Special|Stealth Rock|p1a: Krokorok
|-sidestart|p1: SergioRules|move: Stealth Rock
|move|p1a: Krokorok|Knock Off|p2a: Special
|-damage|p2a: Special|0 fnt
|faint|p2a: Special
|
|upkeep
|l|thick skulled
|choice||switch 3
|
|switch|p2a: AssHole|Misdreavus, M|324\/324
|turn|3
|choice|switch 6|move flash
|
|switch|p1a: Pelipper|Pelipper, M|323\/323
|-damage|p1a: Pelipper|243\/323|[from] Stealth Rock
|move|p2a: AssHole|Flash|p1a: Pelipper
|-fail|p1a: Pelipper|unboost|accuracy|[from] ability: Keen Eye|[of] p1a: Pelipper
|
|-heal|p1a: Pelipper|263\/323|[from] item: Leftovers
|upkeep
|turn|4
|choice|move defog|move taunt
|
|move|p2a: AssHole|Taunt|p1a: Pelipper
|-start|p1a: Pelipper|move: Taunt
|cant|p1a: Pelipper|move: Taunt|Defog
|
|-heal|p1a: Pelipper|283\/323|[from] item: Leftovers
|upkeep
|turn|5
|choice|switch 6|move thunderwave
|
|switch|p1a: Krokorok|Krokorok, F|267\/267
|-activate|p1a: Krokorok|move: Sticky Web
|-unboost|p1a: Krokorok|spe|1
|-damage|p1a: Krokorok|251\/267|[from] Stealth Rock
|-ability|p1a: Krokorok|Intimidate|boost
|-unboost|p2a: AssHole|atk|1
|move|p2a: AssHole|Thunder Wave|p1a: Krokorok
|-immune|p1a: Krokorok|[msg]
|
|upkeep
|turn|6
|choice|move knockoff|move flash
|
|move|p2a: AssHole|Flash|p1a: Krokorok
|-unboost|p1a: Krokorok|accuracy|1
|move|p1a: Krokorok|Knock Off|p2a: AssHole
|-supereffective|p2a: AssHole
|-damage|p2a: AssHole|48\/324
|-enditem|p2a: AssHole|Eviolite|[from] move: Knock Off|[of] p1a: Krokorok
|
|upkeep
|turn|7
|choice|move knockoff|move flash
|
|move|p2a: AssHole|Flash|p1a: Krokorok
|-unboost|p1a: Krokorok|accuracy|1
|move|p1a: Krokorok|Knock Off|p2a: AssHole|[miss]
|-miss|p1a: Krokorok|p2a: AssHole
|
|upkeep
|turn|8
|choice|move knockoff|move flash
|
|move|p2a: AssHole|Flash|p1a: Krokorok
|-unboost|p1a: Krokorok|accuracy|1
|move|p1a: Krokorok|Knock Off|p2a: AssHole|[miss]
|-miss|p1a: Krokorok|p2a: AssHole
|
|upkeep
|turn|9
|choice|move knockoff|move flash
|
|move|p2a: AssHole|Flash|p1a: Krokorok
|-unboost|p1a: Krokorok|accuracy|1
|move|p1a: Krokorok|Knock Off|p2a: AssHole
|-supereffective|p2a: AssHole
|-damage|p2a: AssHole|0 fnt
|faint|p2a: AssHole
|
|upkeep
|choice||switch 6
|
|switch|p2a: Furfrou|Furfrou, F|324\/324
|turn|10
|choice|switch 6|move chargebeam
|
|switch|p1a: Pelipper|Pelipper, M|283\/323
|-damage|p1a: Pelipper|203\/323|[from] Stealth Rock
|move|p2a: Furfrou|Charge Beam|p1a: Pelipper
|-supereffective|p1a: Pelipper
|-damage|p1a: Pelipper|0 fnt
|-boost|p2a: Furfrou|spa|1
|faint|p1a: Pelipper
|
|upkeep
|choice|switch 2|
|
|switch|p1a: Bronzor|Bronzor|317\/317
|-damage|p1a: Bronzor|298\/317|[from] Stealth Rock
|turn|11
|choice|move toxic|move darkpulse
|
|move|p2a: Furfrou|Dark Pulse|p1a: Bronzor
|-supereffective|p1a: Bronzor
|-damage|p1a: Bronzor|164\/317
|move|p1a: Bronzor|Toxic|p2a: Furfrou
|-status|p2a: Furfrou|tox
|
|-damage|p2a: Furfrou|304\/324 tox|[from] psn
|upkeep
|turn|12
|choice|move rest|move chargebeam
|
|move|p2a: Furfrou|Charge Beam|p1a: Bronzor
|-damage|p1a: Bronzor|124\/317
|-boost|p2a: Furfrou|spa|1
|move|p1a: Bronzor|Rest|p1a: Bronzor
|-status|p1a: Bronzor|slp
|-heal|p1a: Bronzor|317\/317 slp|[silent]
|-status|p1a: Bronzor|slp|[from] move: Rest
|
|-heal|p2a: Furfrou|324\/324 tox|[from] item: Leftovers
|-damage|p2a: Furfrou|284\/324 tox|[from] psn
|upkeep
|turn|13
|choice|switch 5|move hypervoice
|
|switch|p1a: Muk|Muk, F|414\/414
|-activate|p1a: Muk|move: Sticky Web
|-unboost|p1a: Muk|spe|1
|-damage|p1a: Muk|363\/414|[from] Stealth Rock
|move|p2a: Furfrou|Hyper Voice|p1a: Muk
|-crit|p1a: Muk
|-damage|p1a: Muk|114\/414
|
|-heal|p2a: Furfrou|304\/324 tox|[from] item: Leftovers
|-heal|p1a: Muk|139\/414|[from] item: Black Sludge
|-damage|p2a: Furfrou|244\/324 tox|[from] psn
|upkeep
|turn|14
|choice|move rest|move hypervoice
|
|move|p2a: Furfrou|Hyper Voice|p1a: Muk
|-damage|p1a: Muk|0 fnt
|faint|p1a: Muk
|
|-heal|p2a: Furfrou|264\/324 tox|[from] item: Leftovers
|-damage|p2a: Furfrou|184\/324 tox|[from] psn
|upkeep
|choice|switch 5|
|
|switch|p1a: Bronzor|Bronzor|317\/317 slp
|-damage|p1a: Bronzor|298\/317 slp|[from] Stealth Rock
|turn|15
|choice|move psywave|move darkpulse
|
|move|p2a: Furfrou|Dark Pulse|p1a: Bronzor
|-supereffective|p1a: Bronzor
|-damage|p1a: Bronzor|134\/317 slp
|cant|p1a: Bronzor|slp
|
|-heal|p2a: Furfrou|204\/324 tox|[from] item: Leftovers
|-damage|p2a: Furfrou|104\/324 tox|[from] psn
|upkeep
|turn|16
|choice|move rest|move darkpulse
|
|move|p2a: Furfrou|Dark Pulse|p1a: Bronzor
|-supereffective|p1a: Bronzor
|-damage|p1a: Bronzor|0 fnt
|faint|p1a: Bronzor
|
|-heal|p2a: Furfrou|124\/324 tox|[from] item: Leftovers
|-damage|p2a: Furfrou|4\/324 tox|[from] psn
|upkeep
|choice|switch 4|
|
|switch|p1a: Leafeon|Leafeon, F|271\/271
|-damage|p1a: Leafeon|238\/271|[from] Stealth Rock
|-activate|p1a: Leafeon|move: Sticky Web
|-unboost|p1a: Leafeon|spe|1
|turn|17
|choice|switch 6|move hypervoice
|
|switch|p1a: Krokorok|Krokorok, F|251\/267
|-activate|p1a: Krokorok|move: Sticky Web
|-unboost|p1a: Krokorok|spe|1
|-damage|p1a: Krokorok|235\/267|[from] Stealth Rock
|-ability|p1a: Krokorok|Intimidate|boost
|-unboost|p2a: Furfrou|atk|1
|move|p2a: Furfrou|Hyper Voice|p1a: Krokorok
|-damage|p1a: Krokorok|0 fnt
|faint|p1a: Krokorok
|
|-heal|p2a: Furfrou|24\/324 tox|[from] item: Leftovers
|-damage|p2a: Furfrou|0 fnt|[from] psn
|upkeep
|faint|p2a: Furfrou
|choice|switch 6|switch 2
|
|switch|p1a: Leafeon|Leafeon, F|238\/271
|switch|p2a: encore Incominggg|Lopunny, F|306\/306
|-activate|p1a: Leafeon|move: Sticky Web
|-unboost|p1a: Leafeon|spe|1
|-damage|p1a: Leafeon|205\/271|[from] Stealth Rock
|turn|18
|choice|move leafblade|move cosmicpower
|
|move|p1a: Leafeon|Leaf Blade|p2a: encore Incominggg
|-damage|p2a: encore Incominggg|150\/306
|-enditem|p2a: encore Incominggg|Sitrus Berry|[eat]
|-heal|p2a: encore Incominggg|226\/306|[from] item: Sitrus Berry
|move|p2a: encore Incominggg|Cosmic Power|p2a: encore Incominggg
|-boost|p2a: encore Incominggg|def|1
|-boost|p2a: encore Incominggg|spd|1
|
|upkeep
|turn|19
|choice|move leafblade|move batonpass
|
|move|p1a: Leafeon|Leaf Blade|p2a: encore Incominggg
|-damage|p2a: encore Incominggg|109\/306
|move|p2a: encore Incominggg|Baton Pass|p2a: encore Incominggg
|choice||switch 5
|
|switch|p2a: a Duck|Natu, F|284\/284
|
|upkeep
|turn|20
|choice|switch 3|move calmmind
|
|switch|p1a: Bouffalant|Bouffalant, F|393\/393
|-activate|p1a: Bouffalant|move: Sticky Web
|-unboost|p1a: Bouffalant|spe|1
|-damage|p1a: Bouffalant|344\/393|[from] Stealth Rock
|move|p2a: a Duck|Calm Mind|p2a: a Duck
|-boost|p2a: a Duck|spa|1
|-boost|p2a: a Duck|spd|1
|
|-heal|p1a: Bouffalant|368\/393|[from] item: Leftovers
|upkeep
|turn|21
|choice|move return|move calmmind
|
|move|p2a: a Duck|Calm Mind|p2a: a Duck
|-boost|p2a: a Duck|spa|1
|-boost|p2a: a Duck|spd|1
|move|p1a: Bouffalant|Return|p2a: a Duck
|-damage|p2a: a Duck|199\/284
|
|-heal|p1a: Bouffalant|392\/393|[from] item: Leftovers
|upkeep
|turn|22
|choice|move swordsdance|move calmmind
|
|move|p2a: a Duck|Calm Mind|p2a: a Duck
|-boost|p2a: a Duck|spa|1
|-boost|p2a: a Duck|spd|1
|move|p1a: Bouffalant|Swords Dance|p1a: Bouffalant
|-boost|p1a: Bouffalant|atk|2
|
|-heal|p1a: Bouffalant|393\/393|[from] item: Leftovers
|upkeep
|turn|23
|choice|move return|move storedpower
|
|move|p2a: a Duck|Stored Power|p1a: Bouffalant
|-damage|p1a: Bouffalant|0 fnt
|faint|p1a: Bouffalant
|
|upkeep
|choice|switch 3|
|
|switch|p1a: Leafeon|Leafeon, F|205\/271
|-activate|p1a: Leafeon|move: Sticky Web
|-unboost|p1a: Leafeon|spe|1
|-damage|p1a: Leafeon|172\/271|[from] Stealth Rock
|turn|24
|choice|move knockoff|move storedpower
|
|move|p1a: Leafeon|Knock Off|p2a: a Duck
|-supereffective|p2a: a Duck
|-damage|p2a: a Duck|85\/284
|-enditem|p2a: a Duck|Eviolite|[from] move: Knock Off|[of] p1a: Leafeon
|move|p2a: a Duck|Stored Power|p1a: Leafeon
|-damage|p1a: Leafeon|0 fnt
|faint|p1a: Leafeon
|
|win|Alolan's_Butt
|raw|SergioRules's rating: 1328 &rarr; <strong>1304<\/strong><br \/>(-24 for losing)
|raw|Alolan&apos;s_Butt's rating: 1257 &rarr; <strong>1287<\/strong><br \/>(+30 for winning)
|c|☆SergioRules|you're the worst player I've ever met
|l|SergioRules</script>
</div>
<div class="battle-log battle-log-inline"><div class="inner"><div class="battle-options"></div><div class="inner"><div class="chat"><small>SergioRules joined.</small></div><div class="chat"><small>Alolan's_Butt joined.</small></div><div class=""><small>Format:</small> <br><strong>PU</strong></div><div class="rated"><strong>Rated battle</strong></div><div class=""><small><em>Sleep Clause Mod:</em> Limit one foe put to sleep</small></div><div class=""><small><em>Species Clause:</em> Limit one of each Pokémon</small></div><div class=""><small><em>OHKO Clause:</em> OHKO moves are banned</small></div><div class=""><small><em>Moody Clause:</em> Moody is banned</small></div><div class=""><small><em>Evasion Moves Clause:</em> Evasion moves are banned</small></div><div class=""><small><em>Endless Battle Clause:</em> Forcing endless battles is banned</small></div><div class=""><small><em>HP Percentage Mod:</em> HP is shown in percentages</small></div><div class=""><small><em>Swagger Clause:</em> Swagger is banned</small></div><div class=""><small><em>Baton Pass Clause:</em> Limit one Baton Passer, can't pass Spe and other stats simultaneously</small></div><div class="chat battle-history"><strong>SergioRules's team:</strong> <em style="color:#445566;display:block;">Muk / Bronzor / Bouffalant / Leafeon / Krokorok / Pelipper</em></div><div class="chat battle-history"><strong>Alolan's_Butt's team:</strong> <em style="color:#445566;display:block;">Natu / Lopunny / Misdreavus / Mr. Mime / Smeargle / Furfrou</em></div><div class="spacer battle-history"><br></div><div class="battle-history">Battle started between SergioRules and Alolan's_Butt!<br></div><div class="spacer battle-history"><br></div><div class="battle-history">Go! <strong>Krokorok</strong>!<br></div><div class="spacer battle-history"><br></div><div class="battle-history">Alolan's_Butt sent out Special (<strong>Smeargle</strong>)!<br></div><div class="battle-history"><small>[Krokorok's Intimidate]</small><br></div><div class="battle-history"><small>The opposing Special's Attack fell!</small><br></div><div class="spacer battle-history"><br></div><h2 class="battle-history">Turn 1</h2><div class="chat"><small>thick skulled joined.</small></div><div class="spacer battle-history"><br></div><div class="battle-history">The opposing Special used <strong>Sticky Web</strong>!<br></div><div class="battle-history"><small>A sticky web spreads out on the ground around your team!</small><br></div><div class="spacer battle-history"><br></div><div class="battle-history">Krokorok used <strong>Knock Off</strong>!<br></div><div class="battle-history"><small>The opposing Special hung on using its Focus Sash!</small><br></div><div class="battle-history"><small>(The opposing Special lost <abbr title="−313/314">99.7%</abbr> of its health!)</small><br></div><div class="spacer battle-history"><br></div><h2 class="battle-history">Turn 2</h2><div class="spacer battle-history"><br></div><div class="battle-history">The opposing Special used <strong>Stealth Rock</strong>!<br></div><div class="battle-history"><small>Pointed stones float in the air around your team!</small><br></div><div class="spacer battle-history"><br></div><div class="battle-history">Krokorok used <strong>Knock Off</strong>!<br></div><div class="battle-history"><small>(The opposing Special lost <abbr title="−1/314">0.3%</abbr> of its health!)</small><br></div><div class="spacer battle-history"><br></div><div class="battle-history">The opposing Special fainted!<br></div><div class="chat"><small>thick skulled left.</small></div><div class="spacer battle-history"><br></div><div class="battle-history">Alolan's_Butt sent out AssHole (<strong>Misdreavus</strong>)!<br></div><div class="spacer battle-history"><br></div><h2 class="battle-history">Turn 3</h2><div class="spacer battle-history"><br></div><div class="battle-history">Krokorok, come back!<br></div><div class="battle-history">Go! <strong>Pelipper</strong>!<br></div><div class="battle-history"><small>Pointed stones dug into Pelipper!</small><br></div><div class="spacer battle-history"><br></div><div class="battle-history">The opposing AssHole used <strong>Flash</strong>!<br></div><div class="battle-history"><small>[Pelipper's Keen Eye]</small><br><small>Pelipper's accuracy was not lowered!</small><br></div><div class="spacer battle-history"><br></div><div class="battle-history"><small>Pelipper restored a little HP using its Leftovers!</small><br></div><div class="spacer battle-history"><br></div><h2 class="battle-history">Turn 4</h2><div class="spacer battle-history"><br></div><div class="battle-history">The opposing AssHole used <strong>Taunt</strong>!<br></div><div class="battle-history"><small>Pelipper fell for the taunt!</small><br></div><div class="spacer battle-history"><br></div><div class="battle-history">Pelipper can't use Defog after the taunt!<br></div><div class="spacer battle-history"><br></div><div class="battle-history"><small>Pelipper restored a little HP using its Leftovers!</small><br></div><div class="spacer battle-history"><br></div><h2 class="battle-history">Turn 5</h2><div class="spacer battle-history"><br></div><div class="battle-history">Pelipper, come back!<br></div><div class="battle-history">Go! <strong>Krokorok</strong>!<br></div><div class="battle-history"><small>Krokorok was caught in a sticky web!</small><br></div><div class="battle-history"><small>Krokorok's Speed fell!</small><br></div><div class="battle-history"><small>Pointed stones dug into Krokorok!</small><br></div><div class="battle-history"><small>[Krokorok's Intimidate]</small><br></div><div class="battle-history"><small>The opposing AssHole's Attack fell!</small><br></div><div class="spacer battle-history"><br></div><div class="battle-history">The opposing AssHole used <strong>Thunder Wave</strong>!<br></div><div class="battle-history"><small>It doesn't affect Krokorok...</small><br></div><div class="spacer battle-history"><br></div><h2 class="battle-history">Turn 6</h2><div class="spacer battle-history"><br></div><div class="battle-history">The opposing AssHole used <strong>Flash</strong>!<br></div><div class="battle-history"><small>Krokorok's accuracy fell!</small><br></div><div class="spacer battle-history"><br></div><div class="battle-history">Krokorok used <strong>Knock Off</strong>!<br></div><div class="battle-history"><small>It's super effective!</small><br></div><div class="battle-history"><small>(The opposing AssHole lost <abbr title="−276/324">85.2%</abbr> of its health!)</small><br></div><div class="battle-history"><small>Krokorok knocked off the opposing AssHole's Eviolite!</small><br></div><div class="spacer battle-history"><br></div><h2 class="battle-history">Turn 7</h2><div class="spacer battle-history"><br></div><div class="battle-history">The opposing AssHole used <strong>Flash</strong>!<br></div><div class="battle-history"><small>Krokorok's accuracy fell!</small><br></div><div class="spacer battle-history"><br></div><div class="battle-history">Krokorok used <strong>Knock Off</strong>!<br></div><div class="battle-history"><small>The opposing AssHole avoided the attack!</small><br></div><div class="spacer battle-history"><br></div><h2 class="battle-history">Turn 8</h2><div class="spacer battle-history"><br></div><div class="battle-history">The opposing AssHole used <strong>Flash</strong>!<br></div><div class="battle-history"><small>Krokorok's accuracy fell!</small><br></div><div class="spacer battle-history"><br></div><div class="battle-history">Krokorok used <strong>Knock Off</strong>!<br></div><div class="battle-history"><small>The opposing AssHole avoided the attack!</small><br></div><div class="spacer battle-history"><br></div><h2 class="battle-history">Turn 9</h2><div class="spacer battle-history"><br></div><div class="battle-history">The opposing AssHole used <strong>Flash</strong>!<br></div><div class="battle-history"><small>Krokorok's accuracy fell!</small><br></div><div class="spacer battle-history"><br></div><div class="battle-history">Krokorok used <strong>Knock Off</strong>!<br></div><div class="battle-history"><small>It's super effective!</small><br></div><div class="battle-history"><small>(The opposing AssHole lost <abbr title="−48/324">14.8%</abbr> of its health!)</small><br></div><div class="spacer battle-history"><br></div><div class="battle-history">The opposing AssHole fainted!<br></div><div class="spacer battle-history"><br></div><div class="battle-history">Alolan's_Butt sent out <strong>Furfrou</strong>!<br></div><div class="spacer battle-history"><br></div><h2 class="battle-history">Turn 10</h2><div class="spacer battle-history"><br></div><div class="battle-history">Krokorok, come back!<br></div><div class="battle-history">Go! <strong>Pelipper</strong>!<br></div><div class="battle-history"><small>Pointed stones dug into Pelipper!</small><br></div><div class="spacer battle-history"><br></div><div class="battle-history">The opposing Furfrou used <strong>Charge Beam</strong>!<br></div><div class="battle-history"><small>It's super effective!</small><br></div><div class="battle-history"><small>(Pelipper lost <abbr title="−203/323">62.8%</abbr> of its health!)</small><br></div><div class="battle-history"><small>The opposing Furfrou's Special Attack rose!</small><br></div><div class="spacer battle-history"><br></div><div class="battle-history">Pelipper fainted!<br></div><div class="spacer battle-history"><br></div><div class="battle-history">Go! <strong>Bronzor</strong>!<br></div><div class="battle-history"><small>Pointed stones dug into Bronzor!</small><br></div><div class="spacer battle-history"><br></div><h2 class="battle-history">Turn 11</h2><div class="spacer battle-history"><br></div><div class="battle-history">The opposing Furfrou used <strong>Dark Pulse</strong>!<br></div><div class="battle-history"><small>It's super effective!</small><br></div><div class="battle-history"><small>(Bronzor lost <abbr title="−134/317">42.3%</abbr> of its health!)</small><br></div><div class="spacer battle-history"><br></div><div class="battle-history">Bronzor used <strong>Toxic</strong>!<br></div><div class="battle-history"><small>The opposing Furfrou was badly poisoned!</small><br></div><div class="spacer battle-history"><br></div><div class="battle-history"><small>The opposing Furfrou was hurt by poison!</small><br></div><div class="spacer battle-history"><br></div><h2 class="battle-history">Turn 12</h2><div class="spacer battle-history"><br></div><div class="battle-history">The opposing Furfrou used <strong>Charge Beam</strong>!<br></div><div class="battle-history"><small>(Bronzor lost <abbr title="−40/317">12.6%</abbr> of its health!)</small><br></div><div class="battle-history"><small>The opposing Furfrou's Special Attack rose!</small><br></div><div class="spacer battle-history"><br></div><div class="battle-history">Bronzor used <strong>Rest</strong>!<br></div><div class="battle-history"><small>Bronzor fell asleep!</small><br></div><div class="battle-history"><small>Bronzor slept and became healthy!</small><br></div><div class="spacer battle-history"><br></div><div class="battle-history"><small>The opposing Furfrou restored a little HP using its Leftovers!</small><br></div><div class="battle-history"><small>The opposing Furfrou was hurt by poison!</small><br></div><div class="spacer battle-history"><br></div><h2 class="battle-history">Turn 13</h2><div class="spacer battle-history"><br></div><div class="battle-history">Bronzor, come back!<br></div><div class="battle-history">Go! <strong>Muk</strong>!<br></div><div class="battle-history"><small>Muk was caught in a sticky web!</small><br></div><div class="battle-history"><small>Muk's Speed fell!</small><br></div><div class="battle-history"><small>Pointed stones dug into Muk!</small><br></div><div class="spacer battle-history"><br></div><div class="battle-history">The opposing Furfrou used <strong>Hyper Voice</strong>!<br></div><div class="battle-history"><small>A critical hit!</small><br></div><div class="battle-history"><small>(Muk lost <abbr title="−249/414">60.1%</abbr> of its health!)</small><br></div><div class="spacer battle-history"><br></div><div class="battle-history"><small>The opposing Furfrou restored a little HP using its Leftovers!</small><br></div><div class="battle-history"><small>Muk restored a little HP using its Black Sludge!</small><br></div><div class="battle-history"><small>The opposing Furfrou was hurt by poison!</small><br></div><div class="spacer battle-history"><br></div><h2 class="battle-history">Turn 14</h2><div class="spacer battle-history"><br></div><div class="battle-history">The opposing Furfrou used <strong>Hyper Voice</strong>!<br></div><div class="battle-history"><small>(Muk lost <abbr title="−139/414">33.6%</abbr> of its health!)</small><br></div><div class="spacer battle-history"><br></div><div class="battle-history">Muk fainted!<br></div><div class="spacer battle-history"><br></div><div class="battle-history"><small>The opposing Furfrou restored a little HP using its Leftovers!</small><br></div><div class="battle-history"><small>The opposing Furfrou was hurt by poison!</small><br></div><div class="spacer battle-history"><br></div><div class="battle-history">Go! <strong>Bronzor</strong>!<br></div><div class="battle-history"><small>Pointed stones dug into Bronzor!</small><br></div><div class="spacer battle-history"><br></div><h2 class="battle-history">Turn 15</h2><div class="spacer battle-history"><br></div><div class="battle-history">The opposing Furfrou used <strong>Dark Pulse</strong>!<br></div><div class="battle-history"><small>It's super effective!</small><br></div><div class="battle-history"><small>(Bronzor lost <abbr title="−164/317">51.7%</abbr> of its health!)</small><br></div><div class="spacer battle-history"><br></div><div class="battle-history">Bronzor is fast asleep.<br></div><div class="spacer battle-history"><br></div><div class="battle-history"><small>The opposing Furfrou restored a little HP using its Leftovers!</small><br></div><div class="battle-history"><small>The opposing Furfrou was hurt by poison!</small><br></div><div class="spacer battle-history"><br></div><h2 class="battle-history">Turn 16</h2><div class="spacer battle-history"><br></div><div class="battle-history">The opposing Furfrou used <strong>Dark Pulse</strong>!<br></div><div class="battle-history"><small>It's super effective!</small><br></div><div class="battle-history"><small>(Bronzor lost <abbr title="−134/317">42.3%</abbr> of its health!)</small><br></div><div class="spacer battle-history"><br></div><div class="battle-history">Bronzor fainted!<br></div><div class="spacer battle-history"><br></div><div class="battle-history"><small>The opposing Furfrou restored a little HP using its Leftovers!</small><br></div><div class="battle-history"><small>The opposing Furfrou was hurt by poison!</small><br></div><div class="spacer battle-history"><br></div><div class="battle-history">Go! <strong>Leafeon</strong>!<br></div><div class="battle-history"><small>Pointed stones dug into Leafeon!</small><br></div><div class="battle-history"><small>Leafeon was caught in a sticky web!</small><br></div><div class="battle-history"><small>Leafeon's Speed fell!</small><br></div><div class="spacer battle-history"><br></div><h2 class="battle-history">Turn 17</h2><div class="spacer battle-history"><br></div><div class="battle-history">Leafeon, come back!<br></div><div class="battle-history">Go! <strong>Krokorok</strong>!<br></div><div class="battle-history"><small>Krokorok was caught in a sticky web!</small><br></div><div class="battle-history"><small>Krokorok's Speed fell!</small><br></div><div class="battle-history"><small>Pointed stones dug into Krokorok!</small><br></div><div class="battle-history"><small>[Krokorok's Intimidate]</small><br></div><div class="battle-history"><small>The opposing Furfrou's Attack fell!</small><br></div><div class="spacer battle-history"><br></div><div class="battle-history">The opposing Furfrou used <strong>Hyper Voice</strong>!<br></div><div class="battle-history"><small>(Krokorok lost <abbr title="−235/267">88.0%</abbr> of its health!)</small><br></div><div class="spacer battle-history"><br></div><div class="battle-history">Krokorok fainted!<br></div><div class="spacer battle-history"><br></div><div class="battle-history"><small>The opposing Furfrou restored a little HP using its Leftovers!</small><br></div><div class="battle-history"><small>The opposing Furfrou was hurt by poison!</small><br></div><div class="spacer battle-history"><br></div><div class="battle-history">The opposing Furfrou fainted!<br></div><div class="spacer battle-history"><br></div><div class="battle-history">Go! <strong>Leafeon</strong>!<br></div><div class="spacer battle-history"><br></div><div class="battle-history">Alolan's_Butt sent out encore Incominggg (<strong>Lopunny</strong>)!<br></div><div class="battle-history"><small>Leafeon was caught in a sticky web!</small><br></div><div class="battle-history"><small>Leafeon's Speed fell!</small><br></div><div class="battle-history"><small>Pointed stones dug into Leafeon!</small><br></div><div class="spacer battle-history"><br></div><h2 class="battle-history">Turn 18</h2><div class="spacer battle-history"><br></div><div class="battle-history">Leafeon used <strong>Leaf Blade</strong>!<br></div><div class="battle-history"><small>(The opposing encore Incominggg lost <abbr title="−156/306">51.0%</abbr> of its health!)</small><br></div><div class="battle-history"><small>The opposing encore Incominggg ate its Sitrus Berry!</small><br></div><div class="battle-history"><small>The opposing encore Incominggg restored HP using its Sitrus Berry!</small><br></div><div class="spacer battle-history"><br></div><div class="battle-history">The opposing encore Incominggg used <strong>Cosmic Power</strong>!<br></div><div class="battle-history"><small>The opposing encore Incominggg's Defense rose!</small><br></div><div class="battle-history"><small>The opposing encore Incominggg's Special Defense rose!</small><br></div><div class="spacer battle-history"><br></div><h2 class="battle-history">Turn 19</h2><div class="spacer battle-history"><br></div><div class="battle-history">Leafeon used <strong>Leaf Blade</strong>!<br></div><div class="battle-history"><small>(The opposing encore Incominggg lost <abbr title="−117/306">38.2%</abbr> of its health!)</small><br></div><div class="spacer battle-history"><br></div><div class="battle-history">The opposing encore Incominggg used <strong>Baton Pass</strong>!<br></div><div class="spacer battle-history"><br></div><div class="battle-history">Alolan's_Butt sent out a Duck (<strong>Natu</strong>)!<br></div><div class="spacer battle-history"><br></div><h2 class="battle-history">Turn 20</h2><div class="spacer battle-history"><br></div><div class="battle-history">Leafeon, come back!<br></div><div class="battle-history">Go! <strong>Bouffalant</strong>!<br></div><div class="battle-history"><small>Bouffalant was caught in a sticky web!</small><br></div><div class="battle-history"><small>Bouffalant's Speed fell!</small><br></div><div class="battle-history"><small>Pointed stones dug into Bouffalant!</small><br></div><div class="spacer battle-history"><br></div><div class="battle-history">The opposing a Duck used <strong>Calm Mind</strong>!<br></div><div class="battle-history"><small>The opposing a Duck's Special Attack rose!</small><br></div><div class="battle-history"><small>The opposing a Duck's Special Defense rose!</small><br></div><div class="spacer battle-history"><br></div><div class="battle-history"><small>Bouffalant restored a little HP using its Leftovers!</small><br></div><div class="spacer battle-history"><br></div><h2 class="battle-history">Turn 21</h2><div class="spacer battle-history"><br></div><div class="battle-history">The opposing a Duck used <strong>Calm Mind</strong>!<br></div><div class="battle-history"><small>The opposing a Duck's Special Attack rose!</small><br></div><div class="battle-history"><small>The opposing a Duck's Special Defense rose!</small><br></div><div class="spacer battle-history"><br></div><div class="battle-history">Bouffalant used <strong>Return</strong>!<br></div><div class="battle-history"><small>(The opposing a Duck lost <abbr title="−85/284">29.9%</abbr> of its health!)</small><br></div><div class="spacer battle-history"><br></div><div class="battle-history"><small>Bouffalant restored a little HP using its Leftovers!</small><br></div><div class="spacer battle-history"><br></div><h2 class="battle-history">Turn 22</h2><div class="spacer battle-history"><br></div><div class="battle-history">The opposing a Duck used <strong>Calm Mind</strong>!<br></div><div class="battle-history"><small>The opposing a Duck's Special Attack rose!</small><br></div><div class="battle-history"><small>The opposing a Duck's Special Defense rose!</small><br></div><div class="spacer battle-history"><br></div><div class="battle-history">Bouffalant used <strong>Swords Dance</strong>!<br></div><div class="battle-history"><small>Bouffalant's Attack rose sharply!</small><br></div><div class="spacer battle-history"><br></div><div class="battle-history"><small>Bouffalant restored a little HP using its Leftovers!</small><br></div><div class="spacer battle-history"><br></div><h2 class="battle-history">Turn 23</h2><div class="spacer battle-history"><br></div><div class="battle-history">The opposing a Duck used <strong>Stored Power</strong>!<br></div><div class="battle-history"><small>(Bouffalant lost <abbr title="−393/393">100%</abbr> of its health!)</small><br></div><div class="spacer battle-history"><br></div><div class="battle-history">Bouffalant fainted!<br></div><div class="spacer battle-history"><br></div><div class="battle-history">Go! <strong>Leafeon</strong>!<br></div><div class="battle-history"><small>Leafeon was caught in a sticky web!</small><br></div><div class="battle-history"><small>Leafeon's Speed fell!</small><br></div><div class="battle-history"><small>Pointed stones dug into Leafeon!</small><br></div><div class="spacer battle-history"><br></div><h2 class="battle-history">Turn 24</h2><div class="spacer battle-history"><br></div><div class="battle-history">Leafeon used <strong>Knock Off</strong>!<br></div><div class="battle-history"><small>It's super effective!</small><br></div><div class="battle-history"><small>(The opposing a Duck lost <abbr title="−114/284">40.1%</abbr> of its health!)</small><br></div><div class="battle-history"><small>Leafeon knocked off the opposing a Duck's Eviolite!</small><br></div><div class="spacer battle-history"><br></div><div class="battle-history">The opposing a Duck used <strong>Stored Power</strong>!<br></div><div class="battle-history"><small>(Leafeon lost <abbr title="−172/271">63.5%</abbr> of its health!)</small><br></div><div class="spacer battle-history"><br></div><div class="battle-history">Leafeon fainted!<br></div><div class="spacer battle-history"><br></div><div class="battle-history"><strong>Alolan's_Butt</strong> won the battle!<br></div><div class="chat">SergioRules's rating: 1328 → <strong>1304</strong><br>(-24 for losing)</div><div class="chat">Alolan's_Butt's rating: 1257 → <strong>1287</strong><br>(+30 for winning)</div><div class="chat chatmessage-sergiorules"><strong style="color:hsl(56,82%,34.57616612073492%)"><small>☆</small><span class="username" data-name="SergioRules">SergioRules</span>:</strong> <em>you're the worst player I've ever met</em></div><div class="chat"><small>SergioRules left.</small></div></div><div class="inner-preempt"></div></div></div>
</div>
<script>
let daily = Math.floor(Date.now()/1000/60/60/24);document.write('<script src="https://play.pokemonshowdown.com/js/replay-embed.js?version'+daily+'"></'+'script>');
</script>
