<!DOCTYPE html>
<meta charset="utf-8" />
<!-- version 1 -->
<title>PU replay: pinktidal vs. Uber ('^') Skitty</title>
<style>
html,body {font-family:Verdana, sans-serif;font-size:10pt;margin:0;padding:0;}body{padding:12px 0;} .battle-log {font-family:Verdana, sans-serif;font-size:10pt;} .battle-log-inline {border:1px solid #AAAAAA;background:#EEF2F5;color:black;max-width:640px;margin:0 auto 80px;padding-bottom:5px;} .battle-log .inner {padding:4px 8px 0px 8px;} .battle-log .inner-preempt {padding:0 8px 4px 8px;} .battle-log .inner-after {margin-top:0.5em;} .battle-log h2 {margin:0.5em -8px;padding:4px 8px;border:1px solid #AAAAAA;background:#E0E7EA;border-left:0;border-right:0;font-family:Verdana, sans-serif;font-size:13pt;} .battle-log .chat {vertical-align:middle;padding:3px 0 3px 0;font-size:8pt;} .battle-log .chat strong {color:#40576A;} .battle-log .chat em {padding:1px 4px 1px 3px;color:#000000;font-style:normal;} .chat.mine {background:rgba(0,0,0,0.05);margin-left:-8px;margin-right:-8px;padding-left:8px;padding-right:8px;} .spoiler {color:#BBBBBB;background:#BBBBBB;padding:0px 3px;} .spoiler:hover, .spoiler:active, .spoiler-shown {color:#000000;background:#E2E2E2;padding:0px 3px;} .spoiler a {color:#BBBBBB;} .spoiler:hover a, .spoiler:active a, .spoiler-shown a {color:#2288CC;} .chat code, .chat .spoiler:hover code, .chat .spoiler:active code, .chat .spoiler-shown code {border:1px solid #C0C0C0;background:#EEEEEE;color:black;padding:0 2px;} .chat .spoiler code {border:1px solid #CCCCCC;background:#CCCCCC;color:#CCCCCC;} .battle-log .rated {padding:3px 4px;} .battle-log .rated strong {color:white;background:#89A;padding:1px 4px;border-radius:4px;} .spacer {margin-top:0.5em;} .message-announce {background:#6688AA;color:white;padding:1px 4px 2px;} .message-announce a, .broadcast-green a, .broadcast-blue a, .broadcast-red a {color:#DDEEFF;} .broadcast-green {background-color:#559955;color:white;padding:2px 4px;} .broadcast-blue {background-color:#6688AA;color:white;padding:2px 4px;} .infobox {border:1px solid #6688AA;padding:2px 4px;} .infobox-limited {max-height:200px;overflow:auto;overflow-x:hidden;} .broadcast-red {background-color:#AA5544;color:white;padding:2px 4px;} .message-learn-canlearn {font-weight:bold;color:#228822;text-decoration:underline;} .message-learn-cannotlearn {font-weight:bold;color:#CC2222;text-decoration:underline;} .message-effect-weak {font-weight:bold;color:#CC2222;} .message-effect-resist {font-weight:bold;color:#6688AA;} .message-effect-immune {font-weight:bold;color:#666666;} .message-learn-list {margin-top:0;margin-bottom:0;} .message-throttle-notice, .message-error {color:#992222;} .message-overflow, .chat small.message-overflow {font-size:0pt;} .message-overflow::before {font-size:9pt;content:'...';} .subtle {color:#3A4A66;}
</style>
<div class="wrapper replay-wrapper" style="max-width:1180px;margin:0 auto">
<input type="hidden" name="replayid" value="pu-581733285" />
<div class="battle"></div><div class="battle-log"></div><div class="replay-controls"></div><div class="replay-controls-2"></div>
<h1 style="font-weight:normal;text-align:center"><strong>PU</strong><br /><a href="http://pokemonshowdown.com/users/pinktidal" class="subtle" target="_blank">pinktidal</a> vs. <a href="http://pokemonshowdown.com/users/uberskitty" class="subtle" target="_blank">Uber ('^') Skitty</a></h1>
<script type="text/plain" class="battle-log-data">|j|pinktidal
|j|Uber ('^') Skitty
|player|p1|pinktidal|57
|teamsize|p1|6
|player|p2|Uber ('^') Skitty|103
|teamsize|p2|6
|gametype|singles
|gen|6
|tier|PU
|seed|43817,53478,48784,28868
|rule|Sleep Clause Mod: Limit one foe put to sleep
|rule|Species Clause: Limit one of each Pokémon
|rule|OHKO Clause: OHKO moves are banned
|rule|Moody Clause: Moody is banned
|rule|Evasion Moves Clause: Evasion moves are banned
|rule|Endless Battle Clause: Forcing endless battles is banned
|rule|HP Percentage Mod: HP is shown in percentages
|clearpoke
|poke|p1|Huntail, F|item
|poke|p1|Misdreavus, F|item
|poke|p1|Stunfisk, M|item
|poke|p1|Roselia, M|item
|poke|p1|Bouffalant, F|item
|poke|p1|Purugly, M|item
|poke|p2|Roselia, M|item
|poke|p2|Regice|item
|poke|p2|Floatzel, M|item
|poke|p2|Pawniard, F|item
|poke|p2|Solrock|item
|poke|p2|Raichu, M|item
|rule|Swagger Clause: Swagger is banned
|rule|Baton Pass Clause: Limit one Baton Passer, can't pass Spe and other stats simultaneously
|teampreview
|c|☆Uber ('^') Skitty|hf
|c|☆pinktidal|u2
|choice|team 4, team 2, team 3, team 1, team 5, team 6|team 5, team 2, team 3, team 4, team 1, team 6
|
|start
|switch|p1a: Roselia|Roselia, M|251\/251
|switch|p2a: Papa|Solrock|343\/343
|turn|1
|choice|move sleeppowder|switch 5
|
|switch|p2a: Flowa Powa|Roselia, M|303\/303
|move|p1a: Roselia|Sleep Powder|p2a: Flowa Powa
|-immune|p2a: Flowa Powa|[msg]
|
|upkeep
|turn|2
|choice|move spikes|move spikes
|
|move|p1a: Roselia|Spikes|p2a: Flowa Powa
|-sidestart|p2: Uber ('^') Skitty|Spikes
|move|p2a: Flowa Powa|Spikes|p1a: Roselia
|-sidestart|p1: pinktidal|Spikes
|
|upkeep
|turn|3
|choice|move spikes|move spikes
|
|move|p1a: Roselia|Spikes|p2a: Flowa Powa
|-sidestart|p2: Uber ('^') Skitty|Spikes
|move|p2a: Flowa Powa|Spikes|p1a: Roselia
|-sidestart|p1: pinktidal|Spikes
|
|upkeep
|turn|4
|choice|move spikes|move spikes
|
|move|p1a: Roselia|Spikes|p2a: Flowa Powa
|-sidestart|p2: Uber ('^') Skitty|Spikes
|move|p2a: Flowa Powa|Spikes|p1a: Roselia
|-sidestart|p1: pinktidal|Spikes
|
|upkeep
|turn|5
|choice|move sludgebomb|move sludgebomb
|
|move|p1a: Roselia|Sludge Bomb|p2a: Flowa Powa
|-damage|p2a: Flowa Powa|222\/303
|move|p2a: Flowa Powa|Sludge Bomb|p1a: Roselia
|-damage|p1a: Roselia|172\/251
|
|upkeep
|turn|6
|choice|switch 2|move sludgebomb
|
|switch|p1a: Misdreavus|Misdreavus, F|324\/324
|move|p2a: Flowa Powa|Sludge Bomb|p1a: Misdreavus
|-resisted|p1a: Misdreavus
|-damage|p1a: Misdreavus|281\/324
|-status|p1a: Misdreavus|psn
|
|-damage|p1a: Misdreavus|241\/324 psn|[from] psn
|upkeep
|turn|7
|choice|switch 5|switch 5
|
|switch|p1a: Bouffalant|Bouffalant, F|393\/393
|-damage|p1a: Bouffalant|295\/393|[from] spikes
|switch|p2a: Papa|Solrock|343\/343
|
|upkeep
|turn|8
|choice|switch 3|move stealthrock
|
|switch|p1a: Stunfisk|Stunfisk, M|422\/422
|-damage|p1a: Stunfisk|317\/422|[from] spikes
|move|p2a: Papa|Stealth Rock|p1a: Stunfisk
|-sidestart|p1: pinktidal|move: Stealth Rock
|
|-heal|p1a: Stunfisk|343\/422|[from] item: Leftovers
|upkeep
|turn|9
|choice|move stealthrock|move toxic
|
|move|p2a: Papa|Toxic|p1a: Stunfisk
|-status|p1a: Stunfisk|tox
|move|p1a: Stunfisk|Stealth Rock|p2a: Papa
|-sidestart|p2: Uber ('^') Skitty|move: Stealth Rock
|
|-heal|p1a: Stunfisk|369\/422 tox|[from] item: Leftovers
|-damage|p1a: Stunfisk|343\/422 tox|[from] psn
|upkeep
|turn|10
|choice|move toxic|switch 5
|
|switch|p2a: Flowa Powa|Roselia, M|222\/303
|-damage|p2a: Flowa Powa|185\/303|[from] stealthrock
|-damage|p2a: Flowa Powa|110\/303|[from] spikes
|move|p1a: Stunfisk|Toxic|p2a: Flowa Powa
|-immune|p2a: Flowa Powa|[msg]
|
|-heal|p1a: Stunfisk|369\/422 tox|[from] item: Leftovers
|-damage|p1a: Stunfisk|317\/422 tox|[from] psn
|upkeep
|turn|11
|choice|switch 3|move gigadrain
|
|switch|p1a: Bouffalant|Bouffalant, F|295\/393
|-damage|p1a: Bouffalant|197\/393|[from] spikes
|-damage|p1a: Bouffalant|148\/393|[from] stealthrock
|move|p2a: Flowa Powa|Giga Drain|p1a: Bouffalant
|-ability|p1a: Bouffalant|Sap Sipper|boost
|-boost|p1a: Bouffalant|atk|1
|
|upkeep
|turn|12
|choice|move return|switch 5
|
|switch|p2a: Papa|Solrock|343\/343
|-damage|p2a: Papa|301\/343|[from] stealthrock
|move|p1a: Bouffalant|Return|p2a: Papa
|-resisted|p2a: Papa
|-damage|p2a: Papa|199\/343
|
|-heal|p2a: Papa|220\/343|[from] item: Leftovers
|upkeep
|turn|13
|choice|move return|move rockslide
|
|move|p2a: Papa|Rock Slide|p1a: Bouffalant
|-damage|p1a: Bouffalant|52\/393
|move|p1a: Bouffalant|Return|p2a: Papa
|-resisted|p2a: Papa
|-damage|p2a: Papa|117\/343
|
|-heal|p2a: Papa|138\/343|[from] item: Leftovers
|upkeep
|turn|14
|choice|move return|move morningsun
|
|move|p2a: Papa|Morning Sun|p2a: Papa
|-heal|p2a: Papa|309\/343
|move|p1a: Bouffalant|Return|p2a: Papa
|-resisted|p2a: Papa
|-damage|p2a: Papa|194\/343
|
|-heal|p2a: Papa|215\/343|[from] item: Leftovers
|upkeep
|turn|15
|choice|move pursuit|move rockslide
|
|move|p2a: Papa|Rock Slide|p1a: Bouffalant
|-damage|p1a: Bouffalant|0 fnt
|faint|p1a: Bouffalant
|
|-heal|p2a: Papa|236\/343|[from] item: Leftovers
|upkeep
|choice|switch 5|
|
|switch|p1a: Misdreavus|Misdreavus, F|241\/324 psn
|-damage|p1a: Misdreavus|201\/324 psn|[from] stealthrock
|turn|16
|choice|move shadowball|switch 4
|
|switch|p2a: Censword|Pawniard, F|231\/231
|-damage|p2a: Censword|217\/231|[from] stealthrock
|-damage|p2a: Censword|160\/231|[from] spikes
|move|p1a: Misdreavus|Shadow Ball|p2a: Censword
|-resisted|p2a: Censword
|-damage|p2a: Censword|109\/231
|-unboost|p2a: Censword|spd|1
|-ability|p2a: Censword|Defiant|boost
|-boost|p2a: Censword|atk|2
|
|-damage|p1a: Misdreavus|161\/324 psn|[from] psn
|upkeep
|turn|17
|j|Myxcer
|c|☆pinktidal|fuck
|choice|move willowisp|move knockoff
|
|move|p1a: Misdreavus|Will-O-Wisp|p2a: Censword
|-status|p2a: Censword|brn
|move|p2a: Censword|Knock Off|p1a: Misdreavus
|-supereffective|p1a: Misdreavus
|-damage|p1a: Misdreavus|0 fnt
|-enditem|p1a: Misdreavus|Eviolite|[from] move: Knock Off|[of] p2a: Censword
|faint|p1a: Misdreavus
|
|-damage|p2a: Censword|81\/231 brn|[from] brn
|upkeep
|c| Myxcer|dat hazards xd
|choice|switch 3|
|
|switch|p1a: Stunfisk|Stunfisk, M|317\/422 tox
|-damage|p1a: Stunfisk|212\/422 tox|[from] spikes
|-damage|p1a: Stunfisk|186\/422 tox|[from] stealthrock
|turn|18
|c|☆Uber ('^') Skitty|no miss
|c|☆Uber ('^') Skitty|hax
|choice|move earthpower|move knockoff
|
|move|p2a: Censword|Knock Off|p1a: Stunfisk
|-damage|p1a: Stunfisk|69\/422 tox
|-enditem|p1a: Stunfisk|Leftovers|[from] move: Knock Off|[of] p2a: Censword
|move|p1a: Stunfisk|Earth Power|p2a: Censword
|-supereffective|p2a: Censword
|-crit|p2a: Censword
|-damage|p2a: Censword|0 fnt
|faint|p2a: Censword
|
|-damage|p1a: Stunfisk|43\/422 tox|[from] psn
|upkeep
|choice||switch 3
|
|switch|p2a: >Needs Float|Floatzel, M|311\/311
|-damage|p2a: >Needs Float|273\/311|[from] stealthrock
|-damage|p2a: >Needs Float|196\/311|[from] spikes
|turn|19
|j|Ey Blood
|choice|move discharge|move icebeam
|
|move|p2a: >Needs Float|Ice Beam|p1a: Stunfisk
|-supereffective|p1a: Stunfisk
|-damage|p1a: Stunfisk|0 fnt
|-damage|p2a: >Needs Float|165\/311|[from] item: Life Orb
|faint|p1a: Stunfisk
|
|upkeep
|choice|switch 4|
|
|switch|p1a: Huntail|Huntail, F|251\/251
|-damage|p1a: Huntail|220\/251|[from] stealthrock
|-damage|p1a: Huntail|158\/251|[from] spikes
|turn|20
|choice|move shellsmash|move frustration
|
|move|p2a: >Needs Float|Frustration|p1a: Huntail
|-damage|p1a: Huntail|32\/251
|-damage|p2a: >Needs Float|134\/311|[from] item: Life Orb
|move|p1a: Huntail|Shell Smash|p1a: Huntail
|-unboost|p1a: Huntail|def|1
|-unboost|p1a: Huntail|spd|1
|-boost|p1a: Huntail|atk|2
|-boost|p1a: Huntail|spa|2
|-boost|p1a: Huntail|spe|2
|-enditem|p1a: Huntail|White Herb
|-clearnegativeboost|p1a: Huntail|[silent]
|
|upkeep
|turn|21
|choice|move suckerpunch|move aquajet
|
|move|p1a: Huntail|Sucker Punch|p2a: >Needs Float
|-damage|p2a: >Needs Float|0 fnt
|faint|p2a: >Needs Float
|
|upkeep
|choice||switch 6
|
|switch|p2a: Jelly Bean|Raichu, M|261\/261
|-damage|p2a: Jelly Bean|196\/261|[from] spikes
|-damage|p2a: Jelly Bean|164\/261|[from] stealthrock
|turn|22
|choice|move suckerpunch|move thunderbolt
|
|move|p1a: Huntail|Sucker Punch|p2a: Jelly Bean
|-damage|p2a: Jelly Bean|0 fnt
|faint|p2a: Jelly Bean
|
|upkeep
|choice||switch 2
|
|switch|p2a: Edgy and Cool|Regice|301\/301
|-damage|p2a: Edgy and Cool|226\/301|[from] spikes
|-damage|p2a: Edgy and Cool|151\/301|[from] stealthrock
|turn|23
|choice|move waterfall|move icebeam
|
|move|p1a: Huntail|Waterfall|p2a: Edgy and Cool
|-damage|p2a: Edgy and Cool|0 fnt
|faint|p2a: Edgy and Cool
|
|upkeep
|c|☆Uber ('^') Skitty|gg
|choice||switch 5
|
|switch|p2a: Flowa Powa|Roselia, M|110\/303
|-damage|p2a: Flowa Powa|73\/303|[from] stealthrock
|-damage|p2a: Flowa Powa|0 fnt|[from] spikes
|faint|p2a: Flowa Powa
|c|☆pinktidal|gg
|choice||switch 4
|
|switch|p2a: Papa|Solrock|236\/343
|-damage|p2a: Papa|194\/343|[from] stealthrock
|turn|24
|choice|move waterfall|move rockslide
|
|move|p1a: Huntail|Waterfall|p2a: Papa
|-supereffective|p2a: Papa
|-damage|p2a: Papa|0 fnt
|faint|p2a: Papa
|
|win|pinktidal
|l|Myxcer
|l|Uber ('^') Skitty</script>
</div>
<div class="battle-log battle-log-inline"><div class="inner"><div class="battle-options"></div><div class="inner"><div class="chat"><small>pinktidal joined.</small></div><div class="chat"><small>Uber ('^') Skitty joined.</small></div><div class=""><small>Format:</small> <br><strong>PU</strong></div><div class=""><small><em>Sleep Clause Mod:</em> Limit one foe put to sleep</small></div><div class=""><small><em>Species Clause:</em> Limit one of each Pokémon</small></div><div class=""><small><em>OHKO Clause:</em> OHKO moves are banned</small></div><div class=""><small><em>Moody Clause:</em> Moody is banned</small></div><div class=""><small><em>Evasion Moves Clause:</em> Evasion moves are banned</small></div><div class=""><small><em>Endless Battle Clause:</em> Forcing endless battles is banned</small></div><div class=""><small><em>HP Percentage Mod:</em> HP is shown in percentages</small></div><div class=""><small><em>Swagger Clause:</em> Swagger is banned</small></div><div class=""><small><em>Baton Pass Clause:</em> Limit one Baton Passer, can't pass Spe and other stats simultaneously</small></div><div class="chat battle-history"><strong>pinktidal's team:</strong> <em style="color:#445566;display:block;">Huntail / Misdreavus / Stunfisk / Roselia / Bouffalant / Purugly</em></div><div class="chat battle-history"><strong>Uber ('^') Skitty's team:</strong> <em style="color:#445566;display:block;">Roselia / Regice / Floatzel / Pawniard / Solrock / Raichu</em></div><div class="chat chatmessage-uberskitty"><strong style="color:hsl(74,64%,33%)"><small>☆</small><span class="username" data-name="Uber ('^') Skitty">Uber ('^') Skitty</span>:</strong> <em>hf</em></div><div class="chat chatmessage-pinktidal"><strong style="color:hsl(198,77%,36%)"><small>☆</small><span class="username" data-name="pinktidal">pinktidal</span>:</strong> <em>u2</em></div><div class="spacer battle-history"><br></div><div class="battle-history">Battle started between pinktidal and Uber ('^') Skitty!<br></div><div class="spacer battle-history"><br></div><div class="battle-history">Go! <strong>Roselia</strong>!<br></div><div class="spacer battle-history"><br></div><div class="battle-history">Uber ('^') Skitty sent out Papa (<strong>Solrock</strong>)!<br></div><div class="spacer battle-history"><br></div><h2 class="battle-history">Turn 1</h2><div class="spacer battle-history"><br></div><div class="battle-history">Uber ('^') Skitty withdrew Papa!<br></div><div class="battle-history">Uber ('^') Skitty sent out Flowa Powa (<strong>Roselia</strong>)!<br></div><div class="spacer battle-history"><br></div><div class="battle-history">Roselia used <strong>Sleep Powder</strong>!<br></div><div class="battle-history"><small>It doesn't affect the opposing Flowa Powa...</small><br></div><div class="spacer battle-history"><br></div><h2 class="battle-history">Turn 2</h2><div class="spacer battle-history"><br></div><div class="battle-history">Roselia used <strong>Spikes</strong>!<br></div><div class="battle-history"><small>Spikes were scattered on the ground all around the opposing team!</small><br></div><div class="spacer battle-history"><br></div><div class="battle-history">The opposing Flowa Powa used <strong>Spikes</strong>!<br></div><div class="battle-history"><small>Spikes were scattered on the ground all around your team!</small><br></div><div class="spacer battle-history"><br></div><h2 class="battle-history">Turn 3</h2><div class="spacer battle-history"><br></div><div class="battle-history">Roselia used <strong>Spikes</strong>!<br></div><div class="battle-history"><small>Spikes were scattered on the ground all around the opposing team!</small><br></div><div class="spacer battle-history"><br></div><div class="battle-history">The opposing Flowa Powa used <strong>Spikes</strong>!<br></div><div class="battle-history"><small>Spikes were scattered on the ground all around your team!</small><br></div><div class="spacer battle-history"><br></div><h2 class="battle-history">Turn 4</h2><div class="spacer battle-history"><br></div><div class="battle-history">Roselia used <strong>Spikes</strong>!<br></div><div class="battle-history"><small>Spikes were scattered on the ground all around the opposing team!</small><br></div><div class="spacer battle-history"><br></div><div class="battle-history">The opposing Flowa Powa used <strong>Spikes</strong>!<br></div><div class="battle-history"><small>Spikes were scattered on the ground all around your team!</small><br></div><div class="spacer battle-history"><br></div><h2 class="battle-history">Turn 5</h2><div class="spacer battle-history"><br></div><div class="battle-history">Roselia used <strong>Sludge Bomb</strong>!<br></div><div class="battle-history"><small>(The opposing Flowa Powa lost <abbr title="−81/303">26.7%</abbr> of its health!)</small><br></div><div class="spacer battle-history"><br></div><div class="battle-history">The opposing Flowa Powa used <strong>Sludge Bomb</strong>!<br></div><div class="battle-history"><small>(Roselia lost <abbr title="−79/251">31.5%</abbr> of its health!)</small><br></div><div class="spacer battle-history"><br></div><h2 class="battle-history">Turn 6</h2><div class="spacer battle-history"><br></div><div class="battle-history">Roselia, come back!<br></div><div class="battle-history">Go! <strong>Misdreavus</strong>!<br></div><div class="spacer battle-history"><br></div><div class="battle-history">The opposing Flowa Powa used <strong>Sludge Bomb</strong>!<br></div><div class="battle-history"><small>It's not very effective...</small><br></div><div class="battle-history"><small>(Misdreavus lost <abbr title="−43/324">13.3%</abbr> of its health!)</small><br></div><div class="battle-history"><small>Misdreavus was poisoned!</small><br></div><div class="spacer battle-history"><br></div><div class="battle-history"><small>Misdreavus was hurt by poison!</small><br></div><div class="spacer battle-history"><br></div><h2 class="battle-history">Turn 7</h2><div class="spacer battle-history"><br></div><div class="battle-history">Misdreavus, come back!<br></div><div class="battle-history">Go! <strong>Bouffalant</strong>!<br></div><div class="battle-history"><small>Bouffalant is hurt by the spikes!</small><br></div><div class="spacer battle-history"><br></div><div class="battle-history">Uber ('^') Skitty withdrew Flowa Powa!<br></div><div class="battle-history">Uber ('^') Skitty sent out Papa (<strong>Solrock</strong>)!<br></div><div class="spacer battle-history"><br></div><h2 class="battle-history">Turn 8</h2><div class="spacer battle-history"><br></div><div class="battle-history">Bouffalant, come back!<br></div><div class="battle-history">Go! <strong>Stunfisk</strong>!<br></div><div class="battle-history"><small>Stunfisk is hurt by the spikes!</small><br></div><div class="spacer battle-history"><br></div><div class="battle-history">The opposing Papa used <strong>Stealth Rock</strong>!<br></div><div class="battle-history"><small>Pointed stones float in the air around your team!</small><br></div><div class="spacer battle-history"><br></div><div class="battle-history"><small>Stunfisk restored a little HP using its Leftovers!</small><br></div><div class="spacer battle-history"><br></div><h2 class="battle-history">Turn 9</h2><div class="spacer battle-history"><br></div><div class="battle-history">The opposing Papa used <strong>Toxic</strong>!<br></div><div class="battle-history"><small>Stunfisk was badly poisoned!</small><br></div><div class="spacer battle-history"><br></div><div class="battle-history">Stunfisk used <strong>Stealth Rock</strong>!<br></div><div class="battle-history"><small>Pointed stones float in the air around the opposing team!</small><br></div><div class="spacer battle-history"><br></div><div class="battle-history"><small>Stunfisk restored a little HP using its Leftovers!</small><br></div><div class="battle-history"><small>Stunfisk was hurt by poison!</small><br></div><div class="spacer battle-history"><br></div><h2 class="battle-history">Turn 10</h2><div class="spacer battle-history"><br></div><div class="battle-history">Uber ('^') Skitty withdrew Papa!<br></div><div class="battle-history">Uber ('^') Skitty sent out Flowa Powa (<strong>Roselia</strong>)!<br></div><div class="battle-history"><small>Pointed stones dug into the opposing Flowa Powa!</small><br></div><div class="battle-history"><small>The opposing Flowa Powa is hurt by the spikes!</small><br></div><div class="spacer battle-history"><br></div><div class="battle-history">Stunfisk used <strong>Toxic</strong>!<br></div><div class="battle-history"><small>It doesn't affect the opposing Flowa Powa...</small><br></div><div class="spacer battle-history"><br></div><div class="battle-history"><small>Stunfisk restored a little HP using its Leftovers!</small><br></div><div class="battle-history"><small>Stunfisk was hurt by poison!</small><br></div><div class="spacer battle-history"><br></div><h2 class="battle-history">Turn 11</h2><div class="spacer battle-history"><br></div><div class="battle-history">Stunfisk, come back!<br></div><div class="battle-history">Go! <strong>Bouffalant</strong>!<br></div><div class="battle-history"><small>Bouffalant is hurt by the spikes!</small><br></div><div class="battle-history"><small>Pointed stones dug into Bouffalant!</small><br></div><div class="spacer battle-history"><br></div><div class="battle-history">The opposing Flowa Powa used <strong>Giga Drain</strong>!<br></div><div class="battle-history"><small>[Bouffalant's Sap Sipper]</small><br></div><div class="battle-history"><small>Bouffalant's Attack rose!</small><br></div><div class="spacer battle-history"><br></div><h2 class="battle-history">Turn 12</h2><div class="spacer battle-history"><br></div><div class="battle-history">Uber ('^') Skitty withdrew Flowa Powa!<br></div><div class="battle-history">Uber ('^') Skitty sent out Papa (<strong>Solrock</strong>)!<br></div><div class="battle-history"><small>Pointed stones dug into the opposing Papa!</small><br></div><div class="spacer battle-history"><br></div><div class="battle-history">Bouffalant used <strong>Return</strong>!<br></div><div class="battle-history"><small>It's not very effective...</small><br></div><div class="battle-history"><small>(The opposing Papa lost <abbr title="−102/343">29.7%</abbr> of its health!)</small><br></div><div class="spacer battle-history"><br></div><div class="battle-history"><small>The opposing Papa restored a little HP using its Leftovers!</small><br></div><div class="spacer battle-history"><br></div><h2 class="battle-history">Turn 13</h2><div class="spacer battle-history"><br></div><div class="battle-history">The opposing Papa used <strong>Rock Slide</strong>!<br></div><div class="battle-history"><small>(Bouffalant lost <abbr title="−96/393">24.4%</abbr> of its health!)</small><br></div><div class="spacer battle-history"><br></div><div class="battle-history">Bouffalant used <strong>Return</strong>!<br></div><div class="battle-history"><small>It's not very effective...</small><br></div><div class="battle-history"><small>(The opposing Papa lost <abbr title="−103/343">30.0%</abbr> of its health!)</small><br></div><div class="spacer battle-history"><br></div><div class="battle-history"><small>The opposing Papa restored a little HP using its Leftovers!</small><br></div><div class="spacer battle-history"><br></div><h2 class="battle-history">Turn 14</h2><div class="spacer battle-history"><br></div><div class="battle-history">The opposing Papa used <strong>Morning Sun</strong>!<br></div><div class="battle-history"><small>The opposing Papa restored its HP.</small><br></div><div class="spacer battle-history"><br></div><div class="battle-history">Bouffalant used <strong>Return</strong>!<br></div><div class="battle-history"><small>It's not very effective...</small><br></div><div class="battle-history"><small>(The opposing Papa lost <abbr title="−115/343">33.5%</abbr> of its health!)</small><br></div><div class="spacer battle-history"><br></div><div class="battle-history"><small>The opposing Papa restored a little HP using its Leftovers!</small><br></div><div class="spacer battle-history"><br></div><h2 class="battle-history">Turn 15</h2><div class="spacer battle-history"><br></div><div class="battle-history">The opposing Papa used <strong>Rock Slide</strong>!<br></div><div class="battle-history"><small>(Bouffalant lost <abbr title="−52/393">13.2%</abbr> of its health!)</small><br></div><div class="spacer battle-history"><br></div><div class="battle-history">Bouffalant fainted!<br></div><div class="spacer battle-history"><br></div><div class="battle-history"><small>The opposing Papa restored a little HP using its Leftovers!</small><br></div><div class="spacer battle-history"><br></div><div class="battle-history">Go! <strong>Misdreavus</strong>!<br></div><div class="battle-history"><small>Pointed stones dug into Misdreavus!</small><br></div><div class="spacer battle-history"><br></div><h2 class="battle-history">Turn 16</h2><div class="spacer battle-history"><br></div><div class="battle-history">Uber ('^') Skitty withdrew Papa!<br></div><div class="battle-history">Uber ('^') Skitty sent out Censword (<strong>Pawniard</strong>)!<br></div><div class="battle-history"><small>Pointed stones dug into the opposing Censword!</small><br></div><div class="battle-history"><small>The opposing Censword is hurt by the spikes!</small><br></div><div class="spacer battle-history"><br></div><div class="battle-history">Misdreavus used <strong>Shadow Ball</strong>!<br></div><div class="battle-history"><small>It's not very effective...</small><br></div><div class="battle-history"><small>(The opposing Censword lost <abbr title="−51/231">22.1%</abbr> of its health!)</small><br></div><div class="battle-history"><small>The opposing Censword's Special Defense fell!</small><br></div><div class="battle-history"><small>[The opposing Censword's Defiant]</small><br></div><div class="battle-history"><small>The opposing Censword's Attack rose sharply!</small><br></div><div class="spacer battle-history"><br></div><div class="battle-history"><small>Misdreavus was hurt by poison!</small><br></div><div class="spacer battle-history"><br></div><h2 class="battle-history">Turn 17</h2><div class="chat"><small>Myxcer joined.</small></div><div class="chat chatmessage-pinktidal"><strong style="color:hsl(198,77%,36%)"><small>☆</small><span class="username" data-name="pinktidal">pinktidal</span>:</strong> <em>fuck</em></div><div class="spacer battle-history"><br></div><div class="battle-history">Misdreavus used <strong>Will-O-Wisp</strong>!<br></div><div class="battle-history"><small>The opposing Censword was burned!</small><br></div><div class="spacer battle-history"><br></div><div class="battle-history">The opposing Censword used <strong>Knock Off</strong>!<br></div><div class="battle-history"><small>It's super effective!</small><br></div><div class="battle-history"><small>(Misdreavus lost <abbr title="−161/324">49.7%</abbr> of its health!)</small><br></div><div class="battle-history"><small>The opposing Censword knocked off Misdreavus's Eviolite!</small><br></div><div class="spacer battle-history"><br></div><div class="battle-history">Misdreavus fainted!<br></div><div class="spacer battle-history"><br></div><div class="battle-history"><small>The opposing Censword was hurt by its burn!</small><br></div><div class="chat chatmessage-myxcer"><strong style="color:hsl(26,50%,46.75615485%)"><small> </small><span class="username" data-name="Myxcer">Myxcer</span>:</strong> <em>dat hazards xd</em></div><div class="spacer battle-history"><br></div><div class="battle-history">Go! <strong>Stunfisk</strong>!<br></div><div class="battle-history"><small>Stunfisk is hurt by the spikes!</small><br></div><div class="battle-history"><small>Pointed stones dug into Stunfisk!</small><br></div><div class="spacer battle-history"><br></div><h2 class="battle-history">Turn 18</h2><div class="chat chatmessage-uberskitty"><strong style="color:hsl(74,64%,33%)"><small>☆</small><span class="username" data-name="Uber ('^') Skitty">Uber ('^') Skitty</span>:</strong> <em>no miss</em></div><div class="chat chatmessage-uberskitty"><strong style="color:hsl(74,64%,33%)"><small>☆</small><span class="username" data-name="Uber ('^') Skitty">Uber ('^') Skitty</span>:</strong> <em>hax</em></div><div class="spacer battle-history"><br></div><div class="battle-history">The opposing Censword used <strong>Knock Off</strong>!<br></div><div class="battle-history"><small>(Stunfisk lost <abbr title="−117/422">27.7%</abbr> of its health!)</small><br></div><div class="battle-history"><small>The opposing Censword knocked off Stunfisk's Leftovers!</small><br></div><div class="spacer battle-history"><br></div><div class="battle-history">Stunfisk used <strong>Earth Power</strong>!<br></div><div class="battle-history"><small>It's super effective!</small><br></div><div class="battle-history"><small>A critical hit!</small><br></div><div class="battle-history"><small>(The opposing Censword lost <abbr title="−81/231">35.1%</abbr> of its health!)</small><br></div><div class="spacer battle-history"><br></div><div class="battle-history">The opposing Censword fainted!<br></div><div class="spacer battle-history"><br></div><div class="battle-history"><small>Stunfisk was hurt by poison!</small><br></div><div class="spacer battle-history"><br></div><div class="battle-history">Uber ('^') Skitty sent out &gt;Needs Float (<strong>Floatzel</strong>)!<br></div><div class="battle-history"><small>Pointed stones dug into the opposing &gt;Needs Float!</small><br></div><div class="battle-history"><small>The opposing &gt;Needs Float is hurt by the spikes!</small><br></div><div class="spacer battle-history"><br></div><h2 class="battle-history">Turn 19</h2><div class="chat"><small>Ey Blood joined.</small></div><div class="spacer battle-history"><br></div><div class="battle-history">The opposing &gt;Needs Float used <strong>Ice Beam</strong>!<br></div><div class="battle-history"><small>It's super effective!</small><br></div><div class="battle-history"><small>(Stunfisk lost <abbr title="−43/422">10.2%</abbr> of its health!)</small><br></div><div class="battle-history"><small>The opposing &gt;Needs Float lost some of its HP!</small><br></div><div class="spacer battle-history"><br></div><div class="battle-history">Stunfisk fainted!<br></div><div class="spacer battle-history"><br></div><div class="battle-history">Go! <strong>Huntail</strong>!<br></div><div class="battle-history"><small>Pointed stones dug into Huntail!</small><br></div><div class="battle-history"><small>Huntail is hurt by the spikes!</small><br></div><div class="spacer battle-history"><br></div><h2 class="battle-history">Turn 20</h2><div class="spacer battle-history"><br></div><div class="battle-history">The opposing &gt;Needs Float used <strong>Frustration</strong>!<br></div><div class="battle-history"><small>(Huntail lost <abbr title="−126/251">50.2%</abbr> of its health!)</small><br></div><div class="battle-history"><small>The opposing &gt;Needs Float lost some of its HP!</small><br></div><div class="spacer battle-history"><br></div><div class="battle-history">Huntail used <strong>Shell Smash</strong>!<br></div><div class="battle-history"><small>Huntail's Defense fell!</small><br></div><div class="battle-history"><small>Huntail's Special Defense fell!</small><br></div><div class="battle-history"><small>Huntail's Attack rose sharply!</small><br></div><div class="battle-history"><small>Huntail's Special Attack rose sharply!</small><br></div><div class="battle-history"><small>Huntail's Speed rose sharply!</small><br></div><div class="battle-history"><small>Huntail returned its status to normal using its White Herb!</small><br></div><div class="spacer battle-history"><br></div><h2 class="battle-history">Turn 21</h2><div class="spacer battle-history"><br></div><div class="battle-history">Huntail used <strong>Sucker Punch</strong>!<br></div><div class="battle-history"><small>(The opposing &gt;Needs Float lost <abbr title="−134/311">43.1%</abbr> of its health!)</small><br></div><div class="spacer battle-history"><br></div><div class="battle-history">The opposing &gt;Needs Float fainted!<br></div><div class="spacer battle-history"><br></div><div class="battle-history">Uber ('^') Skitty sent out Jelly Bean (<strong>Raichu</strong>)!<br></div><div class="battle-history"><small>The opposing Jelly Bean is hurt by the spikes!</small><br></div><div class="battle-history"><small>Pointed stones dug into the opposing Jelly Bean!</small><br></div><div class="spacer battle-history"><br></div><h2 class="battle-history">Turn 22</h2><div class="spacer battle-history"><br></div><div class="battle-history">Huntail used <strong>Sucker Punch</strong>!<br></div><div class="battle-history"><small>(The opposing Jelly Bean lost <abbr title="−164/261">62.8%</abbr> of its health!)</small><br></div><div class="spacer battle-history"><br></div><div class="battle-history">The opposing Jelly Bean fainted!<br></div><div class="spacer battle-history"><br></div><div class="battle-history">Uber ('^') Skitty sent out Edgy and Cool (<strong>Regice</strong>)!<br></div><div class="battle-history"><small>The opposing Edgy and Cool is hurt by the spikes!</small><br></div><div class="battle-history"><small>Pointed stones dug into the opposing Edgy and Cool!</small><br></div><div class="spacer battle-history"><br></div><h2 class="battle-history">Turn 23</h2><div class="spacer battle-history"><br></div><div class="battle-history">Huntail used <strong>Waterfall</strong>!<br></div><div class="battle-history"><small>(The opposing Edgy and Cool lost <abbr title="−151/301">50.2%</abbr> of its health!)</small><br></div><div class="spacer battle-history"><br></div><div class="battle-history">The opposing Edgy and Cool fainted!<br></div><div class="chat chatmessage-uberskitty"><strong style="color:hsl(74,64%,33%)"><small>☆</small><span class="username" data-name="Uber ('^') Skitty">Uber ('^') Skitty</span>:</strong> <em>gg</em></div><div class="spacer battle-history"><br></div><div class="battle-history">Uber ('^') Skitty sent out Flowa Powa (<strong>Roselia</strong>)!<br></div><div class="battle-history"><small>Pointed stones dug into the opposing Flowa Powa!</small><br></div><div class="battle-history"><small>The opposing Flowa Powa is hurt by the spikes!</small><br></div><div class="spacer battle-history"><br></div><div class="battle-history">The opposing Flowa Powa fainted!<br></div><div class="chat chatmessage-pinktidal"><strong style="color:hsl(198,77%,36%)"><small>☆</small><span class="username" data-name="pinktidal">pinktidal</span>:</strong> <em>gg</em></div><div class="spacer battle-history"><br></div><div class="battle-history">Uber ('^') Skitty sent out Papa (<strong>Solrock</strong>)!<br></div><div class="battle-history"><small>Pointed stones dug into the opposing Papa!</small><br></div><div class="spacer battle-history"><br></div><h2 class="battle-history">Turn 24</h2><div class="spacer battle-history"><br></div><div class="battle-history">Huntail used <strong>Waterfall</strong>!<br></div><div class="battle-history"><small>It's super effective!</small><br></div><div class="battle-history"><small>(The opposing Papa lost <abbr title="−194/343">56.6%</abbr> of its health!)</small><br></div><div class="spacer battle-history"><br></div><div class="battle-history">The opposing Papa fainted!<br></div><div class="spacer battle-history"><br></div><div class="battle-history"><strong>pinktidal</strong> won the battle!<br></div><div class="chat"><small>Myxcer left.</small></div><div class="chat"><small>Uber ('^') Skitty left.</small></div></div><div class="inner-preempt"></div></div></div>
</div>
<script>
let daily = Math.floor(Date.now()/1000/60/60/24);document.write('<script src="https://play.pokemonshowdown.com/js/replay-embed.js?version'+daily+'"></'+'script>');
</script>
