<!DOCTYPE html>
<meta charset="utf-8" />
<!-- version 1 -->
<title>PU replay: LucyBellNeedsGlory vs. Slowbroth</title>
<style>
html,body {font-family:Verdana, sans-serif;font-size:10pt;margin:0;padding:0;}body{padding:12px 0;} .battle-log {font-family:Verdana, sans-serif;font-size:10pt;} .battle-log-inline {border:1px solid #AAAAAA;background:#EEF2F5;color:black;max-width:640px;margin:0 auto 80px;padding-bottom:5px;} .battle-log .inner {padding:4px 8px 0px 8px;} .battle-log .inner-preempt {padding:0 8px 4px 8px;} .battle-log .inner-after {margin-top:0.5em;} .battle-log h2 {margin:0.5em -8px;padding:4px 8px;border:1px solid #AAAAAA;background:#E0E7EA;border-left:0;border-right:0;font-family:Verdana, sans-serif;font-size:13pt;} .battle-log .chat {vertical-align:middle;padding:3px 0 3px 0;font-size:8pt;} .battle-log .chat strong {color:#40576A;} .battle-log .chat em {padding:1px 4px 1px 3px;color:#000000;font-style:normal;} .chat.mine {background:rgba(0,0,0,0.05);margin-left:-8px;margin-right:-8px;padding-left:8px;padding-right:8px;} .spoiler {color:#BBBBBB;background:#BBBBBB;padding:0px 3px;} .spoiler:hover, .spoiler:active, .spoiler-shown {color:#000000;background:#E2E2E2;padding:0px 3px;} .spoiler a {color:#BBBBBB;} .spoiler:hover a, .spoiler:active a, .spoiler-shown a {color:#2288CC;} .chat code, .chat .spoiler:hover code, .chat .spoiler:active code, .chat .spoiler-shown code {border:1px solid #C0C0C0;background:#EEEEEE;color:black;padding:0 2px;} .chat .spoiler code {border:1px solid #CCCCCC;background:#CCCCCC;color:#CCCCCC;} .battle-log .rated {padding:3px 4px;} .battle-log .rated strong {color:white;background:#89A;padding:1px 4px;border-radius:4px;} .spacer {margin-top:0.5em;} .message-announce {background:#6688AA;color:white;padding:1px 4px 2px;} .message-announce a, .broadcast-green a, .broadcast-blue a, .broadcast-red a {color:#DDEEFF;} .broadcast-green {background-color:#559955;color:white;padding:2px 4px;} .broadcast-blue {background-color:#6688AA;color:white;padding:2px 4px;} .infobox {border:1px solid #6688AA;padding:2px 4px;} .infobox-limited {max-height:200px;overflow:auto;overflow-x:hidden;} .broadcast-red {background-color:#AA5544;color:white;padding:2px 4px;} .message-learn-canlearn {font-weight:bold;color:#228822;text-decoration:underline;} .message-learn-cannotlearn {font-weight:bold;color:#CC2222;text-decoration:underline;} .message-effect-weak {font-weight:bold;color:#CC2222;} .message-effect-resist {font-weight:bold;color:#6688AA;} .message-effect-immune {font-weight:bold;color:#666666;} .message-learn-list {margin-top:0;margin-bottom:0;} .message-throttle-notice, .message-error {color:#992222;} .message-overflow, .chat small.message-overflow {font-size:0pt;} .message-overflow::before {font-size:9pt;content:'...';} .subtle {color:#3A4A66;}
</style>
<div class="wrapper replay-wrapper" style="max-width:1180px;margin:0 auto">
<input type="hidden" name="replayid" value="pu-568540011" />
<div class="battle"></div><div class="battle-log"></div><div class="replay-controls"></div><div class="replay-controls-2"></div>
<h1 style="font-weight:normal;text-align:center"><strong>PU</strong><br /><a href="http://pokemonshowdown.com/users/lucybellneedsglory" class="subtle" target="_blank">LucyBellNeedsGlory</a> vs. <a href="http://pokemonshowdown.com/users/slowbroth" class="subtle" target="_blank">Slowbroth</a></h1>
<script type="text/plain" class="battle-log-data">|j|LucyBellNeedsGlory
|j|Slowbroth
|player|p1|LucyBellNeedsGlory|1
|player|p2|Slowbroth|277
|gametype|singles
|gen|6
|tier|PU
|seed|6437,14442,16042,33100
|rule|Sleep Clause Mod: Limit one foe put to sleep
|rule|Species Clause: Limit one of each Pokémon
|rule|OHKO Clause: OHKO moves are banned
|rule|Moody Clause: Moody is banned
|rule|Evasion Moves Clause: Evasion moves are banned
|rule|Endless Battle Clause: Forcing endless battles is banned
|rule|HP Percentage Mod: HP is shown in percentages
|clearpoke
|poke|p1|Audino, M|item
|poke|p1|Magmar, M|item
|poke|p1|Pelipper, M|item
|poke|p1|Chinchou, M|item
|poke|p1|Gourgeist-*, M|item
|poke|p1|Probopass, F|item
|poke|p2|Servine, M, shiny|item
|poke|p2|Trapinch, M|item
|poke|p2|Muk, M|item
|poke|p2|Probopass, M|item
|poke|p2|Slowpoke, M, shiny|item
|poke|p2|Dodrio, M|item
|rule|Swagger Clause: Swagger is banned
|rule|Baton Pass Clause: Limit one Baton Passer, can't pass Spe and other stats simultaneously
|teampreview
|c|☆LucyBellNeedsGlory|cool team
|c|☆Slowbroth|thanks hf
|choice|team 2, team 1, team 3, team 4, team 5, team 6|team 1, team 2, team 3, team 4, team 5, team 6
|
|start
|switch|p1a: Magmar|Magmar, M|291\/291
|switch|p2a: Servine|Servine, M, shiny|324\/324
|turn|1
|choice|move willowisp|switch 5
|
|switch|p2a: b r o t h|Slowpoke, M, shiny|383\/383
|move|p1a: Magmar|Will-O-Wisp|p2a: b r o t h
|-status|p2a: b r o t h|brn
|
|-damage|p2a: b r o t h|336\/383 brn|[from] brn
|upkeep
|turn|2
|choice|switch 4|switch 2
|
|switch|p1a: Chinchou|Chinchou, M|353\/353
|switch|p2a: Trapinch|Trapinch, M|293\/293
|
|upkeep
|turn|3
|c|☆LucyBellNeedsGlory|herp
|c|☆LucyBellNeedsGlory|derp
|choice|move scald|move earthquake
|
|move|p1a: Chinchou|Scald|p2a: Trapinch
|-supereffective|p2a: Trapinch
|-damage|p2a: Trapinch|195\/293
|move|p2a: Trapinch|Earthquake|p1a: Chinchou
|-supereffective|p1a: Chinchou
|-damage|p1a: Chinchou|3\/353
|
|upkeep
|turn|4
|c|☆Slowbroth|o
|choice|move scald|move earthquake
|
|move|p1a: Chinchou|Scald|p2a: Trapinch
|-supereffective|p2a: Trapinch
|-damage|p2a: Trapinch|109\/293
|move|p2a: Trapinch|Earthquake|p1a: Chinchou
|-supereffective|p1a: Chinchou
|-damage|p1a: Chinchou|0 fnt
|faint|p1a: Chinchou
|
|upkeep
|c|☆Slowbroth|what is this chinchou
|c|☆LucyBellNeedsGlory|standard
|choice|switch 3|
|
|switch|p1a: Pelipper|Pelipper, M|323\/323
|turn|5
|choice|move scald|move rest
|
|move|p1a: Pelipper|Scald|p2a: Trapinch
|-supereffective|p2a: Trapinch
|-damage|p2a: Trapinch|0 fnt
|faint|p2a: Trapinch
|
|upkeep
|c|☆Slowbroth|oh
|choice||switch 5
|
|switch|p2a: Servine|Servine, M, shiny|324\/324
|turn|6
|choice|move uturn|move substitute
|
|move|p2a: Servine|Substitute|p2a: Servine
|-start|p2a: Servine|Substitute
|-damage|p2a: Servine|243\/324
|move|p1a: Pelipper|U-turn|p2a: Servine
|-supereffective|p2a: Servine
|-activate|p2a: Servine|move: Substitute|[damage]
|choice|switch 5|
|
|switch|p1a: Gourgeist|Gourgeist-Super, M|373\/373
|
|upkeep
|turn|7
|choice|move skillswap|move leafstorm
|
|move|p2a: Servine|Leaf Storm|p1a: Gourgeist
|-resisted|p1a: Gourgeist
|-damage|p1a: Gourgeist|304\/373
|-boost|p2a: Servine|spa|2
|move|p1a: Gourgeist|Skill Swap|p2a: Servine
|-activate|p1a: Gourgeist|move: Skill Swap|Contrary|Insomnia|[of] p2a: Servine
|
|upkeep
|turn|8
|c|☆Slowbroth|o_k
|choice|move foulplay|move hiddenpower
|
|move|p2a: Servine|Hidden Power|p1a: Gourgeist
|-supereffective|p1a: Gourgeist
|-damage|p1a: Gourgeist|146\/373
|move|p1a: Gourgeist|Foul Play|p2a: Servine
|-activate|p2a: Servine|move: Substitute|[damage]
|
|upkeep
|turn|9
|choice|switch 4|move hiddenpower
|
|switch|p1a: Magmar|Magmar, M|291\/291
|move|p2a: Servine|Hidden Power|p1a: Magmar
|-resisted|p1a: Magmar
|-damage|p1a: Magmar|266\/291
|
|upkeep
|turn|10
|choice|move psychic|switch 2
|
|switch|p2a: b r o t h|Slowpoke, M, shiny|383\/383 brn
|move|p1a: Magmar|Psychic|p2a: b r o t h
|-resisted|p2a: b r o t h
|-crit|p2a: b r o t h
|-damage|p2a: b r o t h|289\/383 brn
|
|-damage|p2a: b r o t h|242\/383 brn|[from] brn
|upkeep
|turn|11
|choice|switch 2|move thunderwave
|
|switch|p1a: Audino|Audino, M|409\/409
|move|p2a: b r o t h|Thunder Wave|p1a: Audino
|-status|p1a: Audino|par
|
|-damage|p2a: b r o t h|195\/383 brn|[from] brn
|upkeep
|turn|12
|choice|move knockoff|switch 4
|
|switch|p2a: Probopass|Probopass, M|293\/293
|-item|p2a: Probopass|Air Balloon
|move|p1a: Audino|Knock Off|p2a: Probopass
|-damage|p2a: Probopass|257\/293
|-enditem|p2a: Probopass|Air Balloon
|
|upkeep
|turn|13
|choice|move wish|move flashcannon
|
|move|p2a: Probopass|Flash Cannon|p1a: Audino
|-damage|p1a: Audino|328\/409 par
|move|p1a: Audino|Wish|p1a: Audino
|
|-heal|p1a: Audino|353\/409 par|[from] item: Leftovers
|upkeep
|turn|14
|choice|switch 4|move stealthrock
|
|switch|p1a: Gourgeist|Gourgeist-Super, M|146\/373
|move|p2a: Probopass|Stealth Rock|p1a: Gourgeist
|-sidestart|p1: LucyBellNeedsGlory|move: Stealth Rock
|
|-heal|p1a: Gourgeist|350\/373|[from] move: Wish|[wisher] Audino
|upkeep
|turn|15
|choice|move skillswap|switch 4
|
|switch|p2a: b r o t h|Slowpoke, M, shiny|322\/383 brn
|move|p1a: Gourgeist|Skill Swap|p2a: b r o t h
|-activate|p1a: Gourgeist|move: Skill Swap|Regenerator|Insomnia|[of] p2a: b r o t h
|
|-damage|p2a: b r o t h|275\/383 brn|[from] brn
|upkeep
|turn|16
|c|☆Slowbroth|yea this is throwing me for a loop
|choice|switch 4|move thunderwave
|
|switch|p1a: Audino|Audino, M|409\/409 par
|-damage|p1a: Audino|358\/409 par|[from] Stealth Rock
|move|p2a: b r o t h|Thunder Wave|p1a: Audino
|-fail|p1a: Audino|par
|
|-heal|p1a: Audino|383\/409 par|[from] item: Leftovers
|-damage|p2a: b r o t h|228\/383 brn|[from] brn
|upkeep
|turn|17
|choice|move knockoff|switch 3
|
|switch|p2a: Muk|Muk, M|414\/414
|move|p1a: Audino|Knock Off|p2a: Muk
|-damage|p2a: Muk|350\/414
|-activate|p2a: Muk|ability: Sticky Hold
|
|-heal|p2a: Muk|375\/414|[from] item: Black Sludge
|-heal|p1a: Audino|408\/409 par|[from] item: Leftovers
|upkeep
|turn|18
|choice|switch 4|switch 2
|
|switch|p2a: Servine|Servine, M, shiny|243\/324
|switch|p1a: Gourgeist|Gourgeist-Super, M|373\/373
|-damage|p1a: Gourgeist|327\/373|[from] Stealth Rock
|
|upkeep
|turn|19
|choice|move skillswap|move leafstorm
|
|move|p2a: Servine|Leaf Storm|p1a: Gourgeist
|-resisted|p1a: Gourgeist
|-damage|p1a: Gourgeist|261\/373
|-boost|p2a: Servine|spa|2
|move|p1a: Gourgeist|Skill Swap|p2a: Servine
|-activate|p1a: Gourgeist|move: Skill Swap|Contrary|Insomnia|[of] p2a: Servine
|
|upkeep
|turn|20
|choice|switch 4|move substitute
|
|switch|p1a: Audino|Audino, M|409\/409 par
|-damage|p1a: Audino|358\/409 par|[from] Stealth Rock
|move|p2a: Servine|Substitute|p2a: Servine
|-start|p2a: Servine|Substitute
|-damage|p2a: Servine|162\/324
|
|-heal|p1a: Audino|383\/409 par|[from] item: Leftovers
|upkeep
|turn|21
|choice|move encore|move synthesis
|
|move|p2a: Servine|Synthesis|p2a: Servine
|-heal|p2a: Servine|324\/324
|move|p1a: Audino|Encore|p2a: Servine
|-start|p2a: Servine|Encore
|
|-heal|p1a: Audino|408\/409 par|[from] item: Leftovers
|upkeep
|turn|22
|choice|move wish|switch 2
|
|switch|p2a: Muk|Muk, M|375\/414
|move|p1a: Audino|Wish|p1a: Audino
|
|-heal|p2a: Muk|400\/414|[from] item: Black Sludge
|-heal|p1a: Audino|409\/409 par|[from] item: Leftovers
|upkeep
|turn|23
|choice|switch 4|switch 2
|
|switch|p2a: Servine|Servine, M, shiny|324\/324
|switch|p1a: Gourgeist|Gourgeist-Super, M|261\/373
|-damage|p1a: Gourgeist|215\/373|[from] Stealth Rock
|
|-heal|p1a: Gourgeist|373\/373|[from] move: Wish|[wisher] Audino
|upkeep
|turn|24
|choice|move skillswap|switch 6
|
|switch|p2a: Dodrio|Dodrio, M|261\/261
|move|p1a: Gourgeist|Skill Swap|p2a: Dodrio
|-activate|p1a: Gourgeist|move: Skill Swap|Early Bird|Insomnia|[of] p2a: Dodrio
|
|upkeep
|turn|25
|choice|move willowisp|switch 6
|
|switch|p2a: Servine|Servine, M, shiny|324\/324
|move|p1a: Gourgeist|Will-O-Wisp|p2a: Servine
|-status|p2a: Servine|brn
|
|-damage|p2a: Servine|284\/324 brn|[from] brn
|upkeep
|turn|26
|c|☆LucyBellNeedsGlory|I don't want to send probo in :(
|c|☆LucyBellNeedsGlory|scared of muk
|c|☆LucyBellNeedsGlory|although
|c|☆Slowbroth|ik u are
|c|☆LucyBellNeedsGlory|you might be running your pup set
|c|☆Slowbroth|;)
|choice|move skillswap|switch 3
|
|switch|p2a: b r o t h|Slowpoke, M, shiny|228\/383 brn
|move|p1a: Gourgeist|Skill Swap|p2a: b r o t h
|-activate|p1a: Gourgeist|move: Skill Swap|Regenerator|Early Bird|[of] p2a: b r o t h
|
|-damage|p2a: b r o t h|181\/383 brn|[from] brn
|upkeep
|turn|27
|choice|move foulplay|move slackoff
|
|move|p1a: Gourgeist|Foul Play|p2a: b r o t h
|-supereffective|p2a: b r o t h
|-damage|p2a: b r o t h|127\/383 brn
|move|p2a: b r o t h|Slack Off|p2a: b r o t h
|-heal|p2a: b r o t h|319\/383 brn
|
|-damage|p2a: b r o t h|272\/383 brn|[from] brn
|upkeep
|turn|28
|choice|switch 5|move slackoff
|
|switch|p1a: Pelipper|Pelipper, M|323\/323
|-damage|p1a: Pelipper|243\/323|[from] Stealth Rock
|move|p2a: b r o t h|Slack Off|p2a: b r o t h
|-heal|p2a: b r o t h|383\/383 brn
|
|-heal|p1a: Pelipper|263\/323|[from] item: Leftovers
|-damage|p2a: b r o t h|336\/383 brn|[from] brn
|upkeep
|turn|29
|choice|move defog|move thunderwave
|
|move|p1a: Pelipper|Defog|p2a: b r o t h
|-unboost|p2a: b r o t h|evasion|1
|-sideend|p1: LucyBellNeedsGlory|Stealth Rock|[from] move: Defog|[of] p1a: Pelipper
|move|p2a: b r o t h|Thunder Wave|p1a: Pelipper
|-status|p1a: Pelipper|par
|
|-heal|p1a: Pelipper|283\/323 par|[from] item: Leftovers
|-damage|p2a: b r o t h|289\/383 brn|[from] brn
|upkeep
|turn|30
|choice|move uturn|move calmmind
|
|move|p2a: b r o t h|Calm Mind|p2a: b r o t h
|-boost|p2a: b r o t h|spa|1
|-boost|p2a: b r o t h|spd|1
|move|p1a: Pelipper|U-turn|p2a: b r o t h
|-supereffective|p2a: b r o t h
|-damage|p2a: b r o t h|251\/383 brn
|c|☆Slowbroth|a cleric on this team would be ncie
|choice|switch 4|
|
|switch|p1a: Audino|Audino, M|409\/409 par
|
|-damage|p2a: b r o t h|204\/383 brn|[from] brn
|upkeep
|turn|31
|choice|move encore|switch 2
|
|switch|p2a: Muk|Muk, M|400\/414
|move|p1a: Audino|Encore|p2a: Muk
|-fail|p2a: Muk
|
|-heal|p2a: Muk|414\/414|[from] item: Black Sludge
|upkeep
|turn|32
|choice|move wish|move poisonjab
|
|move|p2a: Muk|Poison Jab|p1a: Audino
|-damage|p1a: Audino|301\/409 par
|move|p1a: Audino|Wish|p1a: Audino
|
|-heal|p1a: Audino|326\/409 par|[from] item: Leftovers
|upkeep
|turn|33
|choice|switch 6|switch 3
|
|switch|p2a: Servine|Servine, M, shiny|284\/324 brn
|switch|p1a: Probopass|Probopass, F|261\/261
|
|-damage|p2a: Servine|244\/324 brn|[from] brn
|upkeep
|turn|34
|c|☆Slowbroth|oh its not even
|c|☆Slowbroth|air balloon
|choice|switch 5|move leafstorm
|
|switch|p1a: Gourgeist|Gourgeist-Super, M|373\/373
|move|p2a: Servine|Leaf Storm|p1a: Gourgeist
|-resisted|p1a: Gourgeist
|-damage|p1a: Gourgeist|307\/373
|-boost|p2a: Servine|spa|2
|
|-damage|p2a: Servine|204\/324 brn|[from] brn
|upkeep
|turn|35
|c|☆LucyBellNeedsGlory|heh
|choice|move skillswap|move leafstorm
|
|move|p2a: Servine|Leaf Storm|p1a: Gourgeist
|-resisted|p1a: Gourgeist
|-damage|p1a: Gourgeist|183\/373
|-boost|p2a: Servine|spa|2
|move|p1a: Gourgeist|Skill Swap|p2a: Servine
|-activate|p1a: Gourgeist|move: Skill Swap|Contrary|Insomnia|[of] p2a: Servine
|
|-damage|p2a: Servine|164\/324 brn|[from] brn
|upkeep
|turn|36
|choice|switch 2|move hiddenpower
|
|switch|p1a: Magmar|Magmar, M|266\/291
|move|p2a: Servine|Hidden Power|p1a: Magmar
|-resisted|p1a: Magmar
|-damage|p1a: Magmar|228\/291
|
|-damage|p2a: Servine|124\/324 brn|[from] brn
|upkeep
|turn|37
|choice|move fireblast|switch 2
|
|switch|p2a: b r o t h|Slowpoke, M, shiny|204\/383 brn
|move|p1a: Magmar|Fire Blast|p2a: b r o t h
|-resisted|p2a: b r o t h
|-damage|p2a: b r o t h|84\/383 brn
|
|-damage|p2a: b r o t h|37\/383 brn|[from] brn
|upkeep
|turn|38
|choice|move psychic|switch 3
|
|switch|p2a: Muk|Muk, M|414\/414
|move|p1a: Magmar|Psychic|p2a: Muk
|-supereffective|p2a: Muk
|-damage|p2a: Muk|282\/414
|
|-heal|p2a: Muk|307\/414|[from] item: Black Sludge
|upkeep
|turn|39
|choice|move willowisp|switch 4
|
|switch|p2a: Probopass|Probopass, M|257\/293
|move|p1a: Magmar|Will-O-Wisp|p2a: Probopass
|-status|p2a: Probopass|brn
|
|-damage|p2a: Probopass|221\/293 brn|[from] brn
|upkeep
|turn|40
|c|☆Slowbroth|gah
|c|☆Slowbroth|stop this
|choice|move focusblast|move stealthrock
|
|move|p1a: Magmar|Focus Blast|p2a: Probopass
|-supereffective|p2a: Probopass
|-damage|p2a: Probopass|0 fnt
|faint|p2a: Probopass
|
|upkeep
|-message|Slowbroth forfeited.
|
|win|LucyBellNeedsGlory
|c|☆Slowbroth|gg
|c|☆LucyBellNeedsGlory|gg
|l|Slowbroth</script>
</div>
<div class="battle-log battle-log-inline"><div class="inner"><div class="battle-options"></div><div class="inner"><div class="chat"><small>LucyBellNeedsGlory joined.</small></div><div class="chat"><small>Slowbroth joined.</small></div><div class=""><small>Format:</small> <br><strong>PU</strong></div><div class=""><small><em>Sleep Clause Mod:</em> Limit one foe put to sleep</small></div><div class=""><small><em>Species Clause:</em> Limit one of each Pokémon</small></div><div class=""><small><em>OHKO Clause:</em> OHKO moves are banned</small></div><div class=""><small><em>Moody Clause:</em> Moody is banned</small></div><div class=""><small><em>Evasion Moves Clause:</em> Evasion moves are banned</small></div><div class=""><small><em>Endless Battle Clause:</em> Forcing endless battles is banned</small></div><div class=""><small><em>HP Percentage Mod:</em> HP is shown in percentages</small></div><div class=""><small><em>Swagger Clause:</em> Swagger is banned</small></div><div class=""><small><em>Baton Pass Clause:</em> Limit one Baton Passer, can't pass Spe and other stats simultaneously</small></div><div class="chat battle-history"><strong>LucyBellNeedsGlory's team:</strong> <em style="color:#445566;display:block;">Audino / Magmar / Pelipper / Chinchou / Gourgeist-* / Probopass</em></div><div class="chat battle-history"><strong>Slowbroth's team:</strong> <em style="color:#445566;display:block;">Servine / Trapinch / Muk / Probopass / Slowpoke / Dodrio</em></div><div class="chat chatmessage-lucybellneedsglory"><strong style="color:hsl(266,49%,57.88865576841161%)"><small>☆</small><span class="username" data-name="LucyBellNeedsGlory">LucyBellNeedsGlory</span>:</strong> <em>cool team</em></div><div class="chat chatmessage-slowbroth"><strong style="color:hsl(317,62%,48.816815154816716%)"><small>☆</small><span class="username" data-name="Slowbroth">Slowbroth</span>:</strong> <em>thanks hf</em></div><div class="spacer battle-history"><br></div><div class="battle-history">Battle started between LucyBellNeedsGlory and Slowbroth!<br></div><div class="spacer battle-history"><br></div><div class="battle-history">Go! <strong>Magmar</strong>!<br></div><div class="spacer battle-history"><br></div><div class="battle-history">Slowbroth sent out <strong>Servine</strong>!<br></div><div class="spacer battle-history"><br></div><h2 class="battle-history">Turn 1</h2><div class="spacer battle-history"><br></div><div class="battle-history">Slowbroth withdrew Servine!<br></div><div class="battle-history">Slowbroth sent out b r o t h (<strong>Slowpoke</strong>)!<br></div><div class="spacer battle-history"><br></div><div class="battle-history">Magmar used <strong>Will-O-Wisp</strong>!<br></div><div class="battle-history"><small>The opposing b r o t h was burned!</small><br></div><div class="spacer battle-history"><br></div><div class="battle-history"><small>The opposing b r o t h was hurt by its burn!</small><br></div><div class="spacer battle-history"><br></div><h2 class="battle-history">Turn 2</h2><div class="spacer battle-history"><br></div><div class="battle-history">Magmar, come back!<br></div><div class="battle-history">Go! <strong>Chinchou</strong>!<br></div><div class="spacer battle-history"><br></div><div class="battle-history">Slowbroth withdrew b r o t h!<br></div><div class="battle-history">Slowbroth sent out <strong>Trapinch</strong>!<br></div><div class="spacer battle-history"><br></div><h2 class="battle-history">Turn 3</h2><div class="chat chatmessage-lucybellneedsglory"><strong style="color:hsl(266,49%,57.88865576841161%)"><small>☆</small><span class="username" data-name="LucyBellNeedsGlory">LucyBellNeedsGlory</span>:</strong> <em>herp</em></div><div class="chat chatmessage-lucybellneedsglory"><strong style="color:hsl(266,49%,57.88865576841161%)"><small>☆</small><span class="username" data-name="LucyBellNeedsGlory">LucyBellNeedsGlory</span>:</strong> <em>derp</em></div><div class="spacer battle-history"><br></div><div class="battle-history">Chinchou used <strong>Scald</strong>!<br></div><div class="battle-history"><small>It's super effective!</small><br></div><div class="battle-history"><small>(The opposing Trapinch lost <abbr title="−98/293">33.4%</abbr> of its health!)</small><br></div><div class="spacer battle-history"><br></div><div class="battle-history">The opposing Trapinch used <strong>Earthquake</strong>!<br></div><div class="battle-history"><small>It's super effective!</small><br></div><div class="battle-history"><small>(Chinchou lost <abbr title="−350/353">99.2%</abbr> of its health!)</small><br></div><div class="spacer battle-history"><br></div><h2 class="battle-history">Turn 4</h2><div class="chat chatmessage-slowbroth"><strong style="color:hsl(317,62%,48.816815154816716%)"><small>☆</small><span class="username" data-name="Slowbroth">Slowbroth</span>:</strong> <em>o</em></div><div class="spacer battle-history"><br></div><div class="battle-history">Chinchou used <strong>Scald</strong>!<br></div><div class="battle-history"><small>It's super effective!</small><br></div><div class="battle-history"><small>(The opposing Trapinch lost <abbr title="−86/293">29.4%</abbr> of its health!)</small><br></div><div class="spacer battle-history"><br></div><div class="battle-history">The opposing Trapinch used <strong>Earthquake</strong>!<br></div><div class="battle-history"><small>It's super effective!</small><br></div><div class="battle-history"><small>(Chinchou lost <abbr title="−3/353">0.8%</abbr> of its health!)</small><br></div><div class="spacer battle-history"><br></div><div class="battle-history">Chinchou fainted!<br></div><div class="chat chatmessage-slowbroth"><strong style="color:hsl(317,62%,48.816815154816716%)"><small>☆</small><span class="username" data-name="Slowbroth">Slowbroth</span>:</strong> <em>what is this chinchou</em></div><div class="chat chatmessage-lucybellneedsglory"><strong style="color:hsl(266,49%,57.88865576841161%)"><small>☆</small><span class="username" data-name="LucyBellNeedsGlory">LucyBellNeedsGlory</span>:</strong> <em>standard</em></div><div class="spacer battle-history"><br></div><div class="battle-history">Go! <strong>Pelipper</strong>!<br></div><div class="spacer battle-history"><br></div><h2 class="battle-history">Turn 5</h2><div class="spacer battle-history"><br></div><div class="battle-history">Pelipper used <strong>Scald</strong>!<br></div><div class="battle-history"><small>It's super effective!</small><br></div><div class="battle-history"><small>(The opposing Trapinch lost <abbr title="−109/293">37.2%</abbr> of its health!)</small><br></div><div class="spacer battle-history"><br></div><div class="battle-history">The opposing Trapinch fainted!<br></div><div class="chat chatmessage-slowbroth"><strong style="color:hsl(317,62%,48.816815154816716%)"><small>☆</small><span class="username" data-name="Slowbroth">Slowbroth</span>:</strong> <em>oh</em></div><div class="spacer battle-history"><br></div><div class="battle-history">Slowbroth sent out <strong>Servine</strong>!<br></div><div class="spacer battle-history"><br></div><h2 class="battle-history">Turn 6</h2><div class="spacer battle-history"><br></div><div class="battle-history">The opposing Servine used <strong>Substitute</strong>!<br></div><div class="battle-history"><small>The opposing Servine put in a substitute!</small><br></div><div class="battle-history"><small>(The opposing Servine lost <abbr title="−81/324">25%</abbr> of its health!)</small><br></div><div class="spacer battle-history"><br></div><div class="battle-history">Pelipper used <strong>U-turn</strong>!<br></div><div class="battle-history"><small>It's super effective!</small><br></div><div class="battle-history"><small>The substitute took damage for the opposing Servine!</small><br></div><div class="spacer battle-history"><br></div><div class="battle-history">Pelipper went back to LucyBellNeedsGlory!<br></div><div class="battle-history">Go! Gourgeist (<strong>Gourgeist-Super</strong>)!<br></div><div class="spacer battle-history"><br></div><h2 class="battle-history">Turn 7</h2><div class="spacer battle-history"><br></div><div class="battle-history">The opposing Servine used <strong>Leaf Storm</strong>!<br></div><div class="battle-history"><small>It's not very effective...</small><br></div><div class="battle-history"><small>(Gourgeist lost <abbr title="−69/373">18.5%</abbr> of its health!)</small><br></div><div class="battle-history"><small>The opposing Servine's Special Attack rose sharply!</small><br></div><div class="spacer battle-history"><br></div><div class="battle-history">Gourgeist used <strong>Skill Swap</strong>!<br></div><div class="battle-history"><small>[Gourgeist's Contrary]</small><br><small>[The opposing Servine's Insomnia]</small><br><small>Gourgeist swapped Abilities with its target!</small><br></div><div class="spacer battle-history"><br></div><h2 class="battle-history">Turn 8</h2><div class="chat chatmessage-slowbroth"><strong style="color:hsl(317,62%,48.816815154816716%)"><small>☆</small><span class="username" data-name="Slowbroth">Slowbroth</span>:</strong> <em>o_k</em></div><div class="spacer battle-history"><br></div><div class="battle-history">The opposing Servine used <strong>Hidden Power</strong>!<br></div><div class="battle-history"><small>It's super effective!</small><br></div><div class="battle-history"><small>(Gourgeist lost <abbr title="−158/373">42.4%</abbr> of its health!)</small><br></div><div class="spacer battle-history"><br></div><div class="battle-history">Gourgeist used <strong>Foul Play</strong>!<br></div><div class="battle-history"><small>The substitute took damage for the opposing Servine!</small><br></div><div class="spacer battle-history"><br></div><h2 class="battle-history">Turn 9</h2><div class="spacer battle-history"><br></div><div class="battle-history">Gourgeist, come back!<br></div><div class="battle-history">Go! <strong>Magmar</strong>!<br></div><div class="spacer battle-history"><br></div><div class="battle-history">The opposing Servine used <strong>Hidden Power</strong>!<br></div><div class="battle-history"><small>It's not very effective...</small><br></div><div class="battle-history"><small>(Magmar lost <abbr title="−25/291">8.6%</abbr> of its health!)</small><br></div><div class="spacer battle-history"><br></div><h2 class="battle-history">Turn 10</h2><div class="spacer battle-history"><br></div><div class="battle-history">Slowbroth withdrew Servine!<br></div><div class="battle-history">Slowbroth sent out b r o t h (<strong>Slowpoke</strong>)!<br></div><div class="spacer battle-history"><br></div><div class="battle-history">Magmar used <strong>Psychic</strong>!<br></div><div class="battle-history"><small>It's not very effective...</small><br></div><div class="battle-history"><small>A critical hit!</small><br></div><div class="battle-history"><small>(The opposing b r o t h lost <abbr title="−94/383">24.5%</abbr> of its health!)</small><br></div><div class="spacer battle-history"><br></div><div class="battle-history"><small>The opposing b r o t h was hurt by its burn!</small><br></div><div class="spacer battle-history"><br></div><h2 class="battle-history">Turn 11</h2><div class="spacer battle-history"><br></div><div class="battle-history">Magmar, come back!<br></div><div class="battle-history">Go! <strong>Audino</strong>!<br></div><div class="spacer battle-history"><br></div><div class="battle-history">The opposing b r o t h used <strong>Thunder Wave</strong>!<br></div><div class="battle-history"><small>Audino is paralyzed! It may be unable to move!</small><br></div><div class="spacer battle-history"><br></div><div class="battle-history"><small>The opposing b r o t h was hurt by its burn!</small><br></div><div class="spacer battle-history"><br></div><h2 class="battle-history">Turn 12</h2><div class="spacer battle-history"><br></div><div class="battle-history">Slowbroth withdrew b r o t h!<br></div><div class="battle-history">Slowbroth sent out <strong>Probopass</strong>!<br></div><div class="battle-history"><small>The opposing Probopass floats in the air with its Air Balloon!</small><br></div><div class="spacer battle-history"><br></div><div class="battle-history">Audino used <strong>Knock Off</strong>!<br></div><div class="battle-history"><small>(The opposing Probopass lost <abbr title="−36/293">12.3%</abbr> of its health!)</small><br></div><div class="battle-history"><small>The opposing Probopass's Air Balloon popped!</small><br></div><div class="spacer battle-history"><br></div><h2 class="battle-history">Turn 13</h2><div class="spacer battle-history"><br></div><div class="battle-history">The opposing Probopass used <strong>Flash Cannon</strong>!<br></div><div class="battle-history"><small>(Audino lost <abbr title="−81/409">19.8%</abbr> of its health!)</small><br></div><div class="spacer battle-history"><br></div><div class="battle-history">Audino used <strong>Wish</strong>!<br></div><div class="spacer battle-history"><br></div><div class="battle-history"><small>Audino restored a little HP using its Leftovers!</small><br></div><div class="spacer battle-history"><br></div><h2 class="battle-history">Turn 14</h2><div class="spacer battle-history"><br></div><div class="battle-history">Audino, come back!<br></div><div class="battle-history">Go! Gourgeist (<strong>Gourgeist-Super</strong>)!<br></div><div class="spacer battle-history"><br></div><div class="battle-history">The opposing Probopass used <strong>Stealth Rock</strong>!<br></div><div class="battle-history"><small>Pointed stones float in the air around your team!</small><br></div><div class="spacer battle-history"><br></div><div class="battle-history"><small>Audino's wish came true!</small><br></div><div class="spacer battle-history"><br></div><h2 class="battle-history">Turn 15</h2><div class="spacer battle-history"><br></div><div class="battle-history">Slowbroth withdrew Probopass!<br></div><div class="battle-history">Slowbroth sent out b r o t h (<strong>Slowpoke</strong>)!<br></div><div class="spacer battle-history"><br></div><div class="battle-history">Gourgeist used <strong>Skill Swap</strong>!<br></div><div class="battle-history"><small>[Gourgeist's Regenerator]</small><br><small>[The opposing b r o t h's Insomnia]</small><br><small>Gourgeist swapped Abilities with its target!</small><br></div><div class="spacer battle-history"><br></div><div class="battle-history"><small>The opposing b r o t h was hurt by its burn!</small><br></div><div class="spacer battle-history"><br></div><h2 class="battle-history">Turn 16</h2><div class="chat chatmessage-slowbroth"><strong style="color:hsl(317,62%,48.816815154816716%)"><small>☆</small><span class="username" data-name="Slowbroth">Slowbroth</span>:</strong> <em>yea this is throwing me for a loop</em></div><div class="spacer battle-history"><br></div><div class="battle-history">Gourgeist, come back!<br></div><div class="battle-history">Go! <strong>Audino</strong>!<br></div><div class="battle-history"><small>Pointed stones dug into Audino!</small><br></div><div class="spacer battle-history"><br></div><div class="battle-history">The opposing b r o t h used <strong>Thunder Wave</strong>!<br></div><div class="battle-history"><small>Audino is already paralyzed.</small><br></div><div class="spacer battle-history"><br></div><div class="battle-history"><small>Audino restored a little HP using its Leftovers!</small><br></div><div class="battle-history"><small>The opposing b r o t h was hurt by its burn!</small><br></div><div class="spacer battle-history"><br></div><h2 class="battle-history">Turn 17</h2><div class="spacer battle-history"><br></div><div class="battle-history">Slowbroth withdrew b r o t h!<br></div><div class="battle-history">Slowbroth sent out <strong>Muk</strong>!<br></div><div class="spacer battle-history"><br></div><div class="battle-history">Audino used <strong>Knock Off</strong>!<br></div><div class="battle-history"><small>(The opposing Muk lost <abbr title="−64/414">15.5%</abbr> of its health!)</small><br></div><div class="battle-history"><small>[The opposing Muk's Sticky Hold]</small><br><small>The opposing Muk's item cannot be removed!</small><br></div><div class="spacer battle-history"><br></div><div class="battle-history"><small>The opposing Muk restored a little HP using its Black Sludge!</small><br></div><div class="battle-history"><small>Audino restored a little HP using its Leftovers!</small><br></div><div class="spacer battle-history"><br></div><h2 class="battle-history">Turn 18</h2><div class="spacer battle-history"><br></div><div class="battle-history">Slowbroth withdrew Muk!<br></div><div class="battle-history">Slowbroth sent out <strong>Servine</strong>!<br></div><div class="spacer battle-history"><br></div><div class="battle-history">Audino, come back!<br></div><div class="battle-history">Go! Gourgeist (<strong>Gourgeist-Super</strong>)!<br></div><div class="battle-history"><small>Pointed stones dug into Gourgeist!</small><br></div><div class="spacer battle-history"><br></div><h2 class="battle-history">Turn 19</h2><div class="spacer battle-history"><br></div><div class="battle-history">The opposing Servine used <strong>Leaf Storm</strong>!<br></div><div class="battle-history"><small>It's not very effective...</small><br></div><div class="battle-history"><small>(Gourgeist lost <abbr title="−66/373">17.7%</abbr> of its health!)</small><br></div><div class="battle-history"><small>The opposing Servine's Special Attack rose sharply!</small><br></div><div class="spacer battle-history"><br></div><div class="battle-history">Gourgeist used <strong>Skill Swap</strong>!<br></div><div class="battle-history"><small>[Gourgeist's Contrary]</small><br><small>[The opposing Servine's Insomnia]</small><br><small>Gourgeist swapped Abilities with its target!</small><br></div><div class="spacer battle-history"><br></div><h2 class="battle-history">Turn 20</h2><div class="spacer battle-history"><br></div><div class="battle-history">Gourgeist, come back!<br></div><div class="battle-history">Go! <strong>Audino</strong>!<br></div><div class="battle-history"><small>Pointed stones dug into Audino!</small><br></div><div class="spacer battle-history"><br></div><div class="battle-history">The opposing Servine used <strong>Substitute</strong>!<br></div><div class="battle-history"><small>The opposing Servine put in a substitute!</small><br></div><div class="battle-history"><small>(The opposing Servine lost <abbr title="−81/324">25%</abbr> of its health!)</small><br></div><div class="spacer battle-history"><br></div><div class="battle-history"><small>Audino restored a little HP using its Leftovers!</small><br></div><div class="spacer battle-history"><br></div><h2 class="battle-history">Turn 21</h2><div class="spacer battle-history"><br></div><div class="battle-history">The opposing Servine used <strong>Synthesis</strong>!<br></div><div class="battle-history"><small>The opposing Servine restored its HP.</small><br></div><div class="spacer battle-history"><br></div><div class="battle-history">Audino used <strong>Encore</strong>!<br></div><div class="battle-history"><small>The opposing Servine received an encore!</small><br></div><div class="spacer battle-history"><br></div><div class="battle-history"><small>Audino restored a little HP using its Leftovers!</small><br></div><div class="spacer battle-history"><br></div><h2 class="battle-history">Turn 22</h2><div class="spacer battle-history"><br></div><div class="battle-history">Slowbroth withdrew Servine!<br></div><div class="battle-history">Slowbroth sent out <strong>Muk</strong>!<br></div><div class="spacer battle-history"><br></div><div class="battle-history">Audino used <strong>Wish</strong>!<br></div><div class="spacer battle-history"><br></div><div class="battle-history"><small>The opposing Muk restored a little HP using its Black Sludge!</small><br></div><div class="battle-history"><small>Audino restored a little HP using its Leftovers!</small><br></div><div class="spacer battle-history"><br></div><h2 class="battle-history">Turn 23</h2><div class="spacer battle-history"><br></div><div class="battle-history">Slowbroth withdrew Muk!<br></div><div class="battle-history">Slowbroth sent out <strong>Servine</strong>!<br></div><div class="spacer battle-history"><br></div><div class="battle-history">Audino, come back!<br></div><div class="battle-history">Go! Gourgeist (<strong>Gourgeist-Super</strong>)!<br></div><div class="battle-history"><small>Pointed stones dug into Gourgeist!</small><br></div><div class="spacer battle-history"><br></div><div class="battle-history"><small>Audino's wish came true!</small><br></div><div class="spacer battle-history"><br></div><h2 class="battle-history">Turn 24</h2><div class="spacer battle-history"><br></div><div class="battle-history">Slowbroth withdrew Servine!<br></div><div class="battle-history">Slowbroth sent out <strong>Dodrio</strong>!<br></div><div class="spacer battle-history"><br></div><div class="battle-history">Gourgeist used <strong>Skill Swap</strong>!<br></div><div class="battle-history"><small>[Gourgeist's Early Bird]</small><br><small>[The opposing Dodrio's Insomnia]</small><br><small>Gourgeist swapped Abilities with its target!</small><br></div><div class="spacer battle-history"><br></div><h2 class="battle-history">Turn 25</h2><div class="spacer battle-history"><br></div><div class="battle-history">Slowbroth withdrew Dodrio!<br></div><div class="battle-history">Slowbroth sent out <strong>Servine</strong>!<br></div><div class="spacer battle-history"><br></div><div class="battle-history">Gourgeist used <strong>Will-O-Wisp</strong>!<br></div><div class="battle-history"><small>The opposing Servine was burned!</small><br></div><div class="spacer battle-history"><br></div><div class="battle-history"><small>The opposing Servine was hurt by its burn!</small><br></div><div class="spacer battle-history"><br></div><h2 class="battle-history">Turn 26</h2><div class="chat chatmessage-lucybellneedsglory"><strong style="color:hsl(266,49%,57.88865576841161%)"><small>☆</small><span class="username" data-name="LucyBellNeedsGlory">LucyBellNeedsGlory</span>:</strong> <em>I don't want to send probo in :(</em></div><div class="chat chatmessage-lucybellneedsglory"><strong style="color:hsl(266,49%,57.88865576841161%)"><small>☆</small><span class="username" data-name="LucyBellNeedsGlory">LucyBellNeedsGlory</span>:</strong> <em>scared of muk</em></div><div class="chat chatmessage-lucybellneedsglory"><strong style="color:hsl(266,49%,57.88865576841161%)"><small>☆</small><span class="username" data-name="LucyBellNeedsGlory">LucyBellNeedsGlory</span>:</strong> <em>although</em></div><div class="chat chatmessage-slowbroth"><strong style="color:hsl(317,62%,48.816815154816716%)"><small>☆</small><span class="username" data-name="Slowbroth">Slowbroth</span>:</strong> <em>ik u are</em></div><div class="chat chatmessage-lucybellneedsglory"><strong style="color:hsl(266,49%,57.88865576841161%)"><small>☆</small><span class="username" data-name="LucyBellNeedsGlory">LucyBellNeedsGlory</span>:</strong> <em>you might be running your pup set</em></div><div class="chat chatmessage-slowbroth"><strong style="color:hsl(317,62%,48.816815154816716%)"><small>☆</small><span class="username" data-name="Slowbroth">Slowbroth</span>:</strong> <em>;)</em></div><div class="spacer battle-history"><br></div><div class="battle-history">Slowbroth withdrew Servine!<br></div><div class="battle-history">Slowbroth sent out b r o t h (<strong>Slowpoke</strong>)!<br></div><div class="spacer battle-history"><br></div><div class="battle-history">Gourgeist used <strong>Skill Swap</strong>!<br></div><div class="battle-history"><small>[Gourgeist's Regenerator]</small><br><small>[The opposing b r o t h's Early Bird]</small><br><small>Gourgeist swapped Abilities with its target!</small><br></div><div class="spacer battle-history"><br></div><div class="battle-history"><small>The opposing b r o t h was hurt by its burn!</small><br></div><div class="spacer battle-history"><br></div><h2 class="battle-history">Turn 27</h2><div class="spacer battle-history"><br></div><div class="battle-history">Gourgeist used <strong>Foul Play</strong>!<br></div><div class="battle-history"><small>It's super effective!</small><br></div><div class="battle-history"><small>(The opposing b r o t h lost <abbr title="−54/383">14.1%</abbr> of its health!)</small><br></div><div class="spacer battle-history"><br></div><div class="battle-history">The opposing b r o t h used <strong>Slack Off</strong>!<br></div><div class="battle-history"><small>The opposing b r o t h restored its HP.</small><br></div><div class="spacer battle-history"><br></div><div class="battle-history"><small>The opposing b r o t h was hurt by its burn!</small><br></div><div class="spacer battle-history"><br></div><h2 class="battle-history">Turn 28</h2><div class="spacer battle-history"><br></div><div class="battle-history">Gourgeist, come back!<br></div><div class="battle-history">Go! <strong>Pelipper</strong>!<br></div><div class="battle-history"><small>Pointed stones dug into Pelipper!</small><br></div><div class="spacer battle-history"><br></div><div class="battle-history">The opposing b r o t h used <strong>Slack Off</strong>!<br></div><div class="battle-history"><small>The opposing b r o t h restored its HP.</small><br></div><div class="spacer battle-history"><br></div><div class="battle-history"><small>Pelipper restored a little HP using its Leftovers!</small><br></div><div class="battle-history"><small>The opposing b r o t h was hurt by its burn!</small><br></div><div class="spacer battle-history"><br></div><h2 class="battle-history">Turn 29</h2><div class="spacer battle-history"><br></div><div class="battle-history">Pelipper used <strong>Defog</strong>!<br></div><div class="battle-history"><small>The opposing b r o t h's evasiveness fell!</small><br></div><div class="battle-history"><small>The pointed stones disappeared from around your team!</small><br></div><div class="spacer battle-history"><br></div><div class="battle-history">The opposing b r o t h used <strong>Thunder Wave</strong>!<br></div><div class="battle-history"><small>Pelipper is paralyzed! It may be unable to move!</small><br></div><div class="spacer battle-history"><br></div><div class="battle-history"><small>Pelipper restored a little HP using its Leftovers!</small><br></div><div class="battle-history"><small>The opposing b r o t h was hurt by its burn!</small><br></div><div class="spacer battle-history"><br></div><h2 class="battle-history">Turn 30</h2><div class="spacer battle-history"><br></div><div class="battle-history">The opposing b r o t h used <strong>Calm Mind</strong>!<br></div><div class="battle-history"><small>The opposing b r o t h's Special Attack rose!</small><br></div><div class="battle-history"><small>The opposing b r o t h's Special Defense rose!</small><br></div><div class="spacer battle-history"><br></div><div class="battle-history">Pelipper used <strong>U-turn</strong>!<br></div><div class="battle-history"><small>It's super effective!</small><br></div><div class="battle-history"><small>(The opposing b r o t h lost <abbr title="−38/383">9.9%</abbr> of its health!)</small><br></div><div class="chat chatmessage-slowbroth"><strong style="color:hsl(317,62%,48.816815154816716%)"><small>☆</small><span class="username" data-name="Slowbroth">Slowbroth</span>:</strong> <em>a cleric on this team would be ncie</em></div><div class="spacer battle-history"><br></div><div class="battle-history">Pelipper went back to LucyBellNeedsGlory!<br></div><div class="battle-history">Go! <strong>Audino</strong>!<br></div><div class="spacer battle-history"><br></div><div class="battle-history"><small>The opposing b r o t h was hurt by its burn!</small><br></div><div class="spacer battle-history"><br></div><h2 class="battle-history">Turn 31</h2><div class="spacer battle-history"><br></div><div class="battle-history">Slowbroth withdrew b r o t h!<br></div><div class="battle-history">Slowbroth sent out <strong>Muk</strong>!<br></div><div class="spacer battle-history"><br></div><div class="battle-history">Audino used <strong>Encore</strong>!<br></div><div class="battle-history"><small>But it failed!</small><br></div><div class="spacer battle-history"><br></div><div class="battle-history"><small>The opposing Muk restored a little HP using its Black Sludge!</small><br></div><div class="spacer battle-history"><br></div><h2 class="battle-history">Turn 32</h2><div class="spacer battle-history"><br></div><div class="battle-history">The opposing Muk used <strong>Poison Jab</strong>!<br></div><div class="battle-history"><small>(Audino lost <abbr title="−108/409">26.4%</abbr> of its health!)</small><br></div><div class="spacer battle-history"><br></div><div class="battle-history">Audino used <strong>Wish</strong>!<br></div><div class="spacer battle-history"><br></div><div class="battle-history"><small>Audino restored a little HP using its Leftovers!</small><br></div><div class="spacer battle-history"><br></div><h2 class="battle-history">Turn 33</h2><div class="spacer battle-history"><br></div><div class="battle-history">Slowbroth withdrew Muk!<br></div><div class="battle-history">Slowbroth sent out <strong>Servine</strong>!<br></div><div class="spacer battle-history"><br></div><div class="battle-history">Audino, come back!<br></div><div class="battle-history">Go! <strong>Probopass</strong>!<br></div><div class="spacer battle-history"><br></div><div class="battle-history"><small>The opposing Servine was hurt by its burn!</small><br></div><div class="spacer battle-history"><br></div><h2 class="battle-history">Turn 34</h2><div class="chat chatmessage-slowbroth"><strong style="color:hsl(317,62%,48.816815154816716%)"><small>☆</small><span class="username" data-name="Slowbroth">Slowbroth</span>:</strong> <em>oh its not even</em></div><div class="chat chatmessage-slowbroth"><strong style="color:hsl(317,62%,48.816815154816716%)"><small>☆</small><span class="username" data-name="Slowbroth">Slowbroth</span>:</strong> <em>air balloon</em></div><div class="spacer battle-history"><br></div><div class="battle-history">Probopass, come back!<br></div><div class="battle-history">Go! Gourgeist (<strong>Gourgeist-Super</strong>)!<br></div><div class="spacer battle-history"><br></div><div class="battle-history">The opposing Servine used <strong>Leaf Storm</strong>!<br></div><div class="battle-history"><small>It's not very effective...</small><br></div><div class="battle-history"><small>(Gourgeist lost <abbr title="−66/373">17.7%</abbr> of its health!)</small><br></div><div class="battle-history"><small>The opposing Servine's Special Attack rose sharply!</small><br></div><div class="spacer battle-history"><br></div><div class="battle-history"><small>The opposing Servine was hurt by its burn!</small><br></div><div class="spacer battle-history"><br></div><h2 class="battle-history">Turn 35</h2><div class="chat chatmessage-lucybellneedsglory"><strong style="color:hsl(266,49%,57.88865576841161%)"><small>☆</small><span class="username" data-name="LucyBellNeedsGlory">LucyBellNeedsGlory</span>:</strong> <em>heh</em></div><div class="spacer battle-history"><br></div><div class="battle-history">The opposing Servine used <strong>Leaf Storm</strong>!<br></div><div class="battle-history"><small>It's not very effective...</small><br></div><div class="battle-history"><small>(Gourgeist lost <abbr title="−124/373">33.2%</abbr> of its health!)</small><br></div><div class="battle-history"><small>The opposing Servine's Special Attack rose sharply!</small><br></div><div class="spacer battle-history"><br></div><div class="battle-history">Gourgeist used <strong>Skill Swap</strong>!<br></div><div class="battle-history"><small>[Gourgeist's Contrary]</small><br><small>[The opposing Servine's Insomnia]</small><br><small>Gourgeist swapped Abilities with its target!</small><br></div><div class="spacer battle-history"><br></div><div class="battle-history"><small>The opposing Servine was hurt by its burn!</small><br></div><div class="spacer battle-history"><br></div><h2 class="battle-history">Turn 36</h2><div class="spacer battle-history"><br></div><div class="battle-history">Gourgeist, come back!<br></div><div class="battle-history">Go! <strong>Magmar</strong>!<br></div><div class="spacer battle-history"><br></div><div class="battle-history">The opposing Servine used <strong>Hidden Power</strong>!<br></div><div class="battle-history"><small>It's not very effective...</small><br></div><div class="battle-history"><small>(Magmar lost <abbr title="−38/291">13.1%</abbr> of its health!)</small><br></div><div class="spacer battle-history"><br></div><div class="battle-history"><small>The opposing Servine was hurt by its burn!</small><br></div><div class="spacer battle-history"><br></div><h2 class="battle-history">Turn 37</h2><div class="spacer battle-history"><br></div><div class="battle-history">Slowbroth withdrew Servine!<br></div><div class="battle-history">Slowbroth sent out b r o t h (<strong>Slowpoke</strong>)!<br></div><div class="spacer battle-history"><br></div><div class="battle-history">Magmar used <strong>Fire Blast</strong>!<br></div><div class="battle-history"><small>It's not very effective...</small><br></div><div class="battle-history"><small>(The opposing b r o t h lost <abbr title="−120/383">31.3%</abbr> of its health!)</small><br></div><div class="spacer battle-history"><br></div><div class="battle-history"><small>The opposing b r o t h was hurt by its burn!</small><br></div><div class="spacer battle-history"><br></div><h2 class="battle-history">Turn 38</h2><div class="spacer battle-history"><br></div><div class="battle-history">Slowbroth withdrew b r o t h!<br></div><div class="battle-history">Slowbroth sent out <strong>Muk</strong>!<br></div><div class="spacer battle-history"><br></div><div class="battle-history">Magmar used <strong>Psychic</strong>!<br></div><div class="battle-history"><small>It's super effective!</small><br></div><div class="battle-history"><small>(The opposing Muk lost <abbr title="−132/414">31.9%</abbr> of its health!)</small><br></div><div class="spacer battle-history"><br></div><div class="battle-history"><small>The opposing Muk restored a little HP using its Black Sludge!</small><br></div><div class="spacer battle-history"><br></div><h2 class="battle-history">Turn 39</h2><div class="spacer battle-history"><br></div><div class="battle-history">Slowbroth withdrew Muk!<br></div><div class="battle-history">Slowbroth sent out <strong>Probopass</strong>!<br></div><div class="spacer battle-history"><br></div><div class="battle-history">Magmar used <strong>Will-O-Wisp</strong>!<br></div><div class="battle-history"><small>The opposing Probopass was burned!</small><br></div><div class="spacer battle-history"><br></div><div class="battle-history"><small>The opposing Probopass was hurt by its burn!</small><br></div><div class="spacer battle-history"><br></div><h2 class="battle-history">Turn 40</h2><div class="chat chatmessage-slowbroth"><strong style="color:hsl(317,62%,48.816815154816716%)"><small>☆</small><span class="username" data-name="Slowbroth">Slowbroth</span>:</strong> <em>gah</em></div><div class="chat chatmessage-slowbroth"><strong style="color:hsl(317,62%,48.816815154816716%)"><small>☆</small><span class="username" data-name="Slowbroth">Slowbroth</span>:</strong> <em>stop this</em></div><div class="spacer battle-history"><br></div><div class="battle-history">Magmar used <strong>Focus Blast</strong>!<br></div><div class="battle-history"><small>It's super effective!</small><br></div><div class="battle-history"><small>(The opposing Probopass lost <abbr title="−221/293">75.4%</abbr> of its health!)</small><br></div><div class="spacer battle-history"><br></div><div class="battle-history">The opposing Probopass fainted!<br></div><div class="spacer battle-history"><br></div><div class="battle-history"><small>Slowbroth forfeited.</small><br></div><div class="spacer battle-history"><br></div><div class="battle-history"><strong>LucyBellNeedsGlory</strong> won the battle!<br></div><div class="chat chatmessage-slowbroth"><strong style="color:hsl(317,62%,48.816815154816716%)"><small>☆</small><span class="username" data-name="Slowbroth">Slowbroth</span>:</strong> <em>gg</em></div><div class="chat chatmessage-lucybellneedsglory"><strong style="color:hsl(266,49%,57.88865576841161%)"><small>☆</small><span class="username" data-name="LucyBellNeedsGlory">LucyBellNeedsGlory</span>:</strong> <em>gg</em></div><div class="chat"><small>Slowbroth left.</small></div></div><div class="inner-preempt"></div></div></div>
</div>
<script>
let daily = Math.floor(Date.now()/1000/60/60/24);document.write('<script src="https://play.pokemonshowdown.com/js/replay-embed.js?version'+daily+'"></'+'script>');
</script>
