<!DOCTYPE html>
<meta charset="utf-8" />
<!-- version 1 -->
<title>PU replay: RawMelon vs. Slowbroth</title>
<style>
html,body {font-family:Verdana, sans-serif;font-size:10pt;margin:0;padding:0;}body{padding:12px 0;} .battle-log {font-family:Verdana, sans-serif;font-size:10pt;} .battle-log-inline {border:1px solid #AAAAAA;background:#EEF2F5;color:black;max-width:640px;margin:0 auto 80px;padding-bottom:5px;} .battle-log .inner {padding:4px 8px 0px 8px;} .battle-log .inner-preempt {padding:0 8px 4px 8px;} .battle-log .inner-after {margin-top:0.5em;} .battle-log h2 {margin:0.5em -8px;padding:4px 8px;border:1px solid #AAAAAA;background:#E0E7EA;border-left:0;border-right:0;font-family:Verdana, sans-serif;font-size:13pt;} .battle-log .chat {vertical-align:middle;padding:3px 0 3px 0;font-size:8pt;} .battle-log .chat strong {color:#40576A;} .battle-log .chat em {padding:1px 4px 1px 3px;color:#000000;font-style:normal;} .chat.mine {background:rgba(0,0,0,0.05);margin-left:-8px;margin-right:-8px;padding-left:8px;padding-right:8px;} .spoiler {color:#BBBBBB;background:#BBBBBB;padding:0px 3px;} .spoiler:hover, .spoiler:active, .spoiler-shown {color:#000000;background:#E2E2E2;padding:0px 3px;} .spoiler a {color:#BBBBBB;} .spoiler:hover a, .spoiler:active a, .spoiler-shown a {color:#2288CC;} .chat code, .chat .spoiler:hover code, .chat .spoiler:active code, .chat .spoiler-shown code {border:1px solid #C0C0C0;background:#EEEEEE;color:black;padding:0 2px;} .chat .spoiler code {border:1px solid #CCCCCC;background:#CCCCCC;color:#CCCCCC;} .battle-log .rated {padding:3px 4px;} .battle-log .rated strong {color:white;background:#89A;padding:1px 4px;border-radius:4px;} .spacer {margin-top:0.5em;} .message-announce {background:#6688AA;color:white;padding:1px 4px 2px;} .message-announce a, .broadcast-green a, .broadcast-blue a, .broadcast-red a {color:#DDEEFF;} .broadcast-green {background-color:#559955;color:white;padding:2px 4px;} .broadcast-blue {background-color:#6688AA;color:white;padding:2px 4px;} .infobox {border:1px solid #6688AA;padding:2px 4px;} .infobox-limited {max-height:200px;overflow:auto;overflow-x:hidden;} .broadcast-red {background-color:#AA5544;color:white;padding:2px 4px;} .message-learn-canlearn {font-weight:bold;color:#228822;text-decoration:underline;} .message-learn-cannotlearn {font-weight:bold;color:#CC2222;text-decoration:underline;} .message-effect-weak {font-weight:bold;color:#CC2222;} .message-effect-resist {font-weight:bold;color:#6688AA;} .message-effect-immune {font-weight:bold;color:#666666;} .message-learn-list {margin-top:0;margin-bottom:0;} .message-throttle-notice, .message-error {color:#992222;} .message-overflow, .chat small.message-overflow {font-size:0pt;} .message-overflow::before {font-size:9pt;content:'...';} .subtle {color:#3A4A66;}
</style>
<div class="wrapper replay-wrapper" style="max-width:1180px;margin:0 auto">
<input type="hidden" name="replayid" value="pu-556683147" />
<div class="battle"></div><div class="battle-log"></div><div class="replay-controls"></div><div class="replay-controls-2"></div>
<h1 style="font-weight:normal;text-align:center"><strong>PU</strong><br /><a href="http://pokemonshowdown.com/users/rawmelon" class="subtle" target="_blank">RawMelon</a> vs. <a href="http://pokemonshowdown.com/users/slowbroth" class="subtle" target="_blank">Slowbroth</a></h1>
<script type="text/plain" class="battle-log-data">|j|RawMelon
|j|Slowbroth
|player|p1|RawMelon|154
|player|p2|Slowbroth|277
|gametype|singles
|gen|6
|tier|PU
|seed|569,44027,25413,64197
|rule|Sleep Clause Mod: Limit one foe put to sleep
|rule|Species Clause: Limit one of each Pokémon
|rule|OHKO Clause: OHKO moves are banned
|rule|Moody Clause: Moody is banned
|rule|Evasion Moves Clause: Evasion moves are banned
|rule|Endless Battle Clause: Forcing endless battles is banned
|rule|HP Percentage Mod: HP is shown in percentages
|clearpoke
|poke|p1|Tangela, F|item
|poke|p1|Vullaby, F|item
|poke|p1|Mawile, M|item
|poke|p1|Golem, M|item
|poke|p1|Grumpig, M|item
|poke|p1|Dodrio, F|item
|poke|p2|Gabite, F|item
|poke|p2|Prinplup, M|item
|poke|p2|Mawile, M|item
|poke|p2|Ninjask, F|item
|poke|p2|Muk, M|item
|poke|p2|Cacturne, F|item
|rule|Swagger Clause: Swagger is banned
|rule|Baton Pass Clause: Limit one Baton Passer, can't pass Spe and other stats simultaneously
|teampreview
|c|☆RawMelon|HF
|c|☆Slowbroth|HFFF
|c|☆Slowbroth|first to lose, wins
|choice|team 6, team 2, team 3, team 4, team 5, team 1|team 6, team 2, team 3, team 4, team 5, team 1
|
|start
|switch|p1a: Dodrio|Dodrio, F|261\/261
|switch|p2a: Cacturne|Cacturne, F|281\/281
|turn|1
|c|☆RawMelon|I'm gonna win on purpose
|c|☆Slowbroth|then you'll look stupid
|c|☆RawMelon|Because I don't take Less
|c|☆Slowbroth|dont be a dumb fruit.
|j|LimJahey69
|c|☆RawMelon|Actually I gtg lol
|c|☆RawMelon|Sry
|c|☆Slowbroth|............
|l|RawMelon
|player|p1|
|c|☆Slowbroth|...........
|-message|RawMelon lost due to inactivity.
|
|win|Slowbroth</script>
</div>
<div class="battle-log battle-log-inline"><div class="inner"><div class="battle-options"></div><div class="inner"><div class="chat"><small>RawMelon joined.</small></div><div class="chat"><small>Slowbroth joined.</small></div><div class=""><small>Format:</small> <br><strong>PU</strong></div><div class=""><small><em>Sleep Clause Mod:</em> Limit one foe put to sleep</small></div><div class=""><small><em>Species Clause:</em> Limit one of each Pokémon</small></div><div class=""><small><em>OHKO Clause:</em> OHKO moves are banned</small></div><div class=""><small><em>Moody Clause:</em> Moody is banned</small></div><div class=""><small><em>Evasion Moves Clause:</em> Evasion moves are banned</small></div><div class=""><small><em>Endless Battle Clause:</em> Forcing endless battles is banned</small></div><div class=""><small><em>HP Percentage Mod:</em> HP is shown in percentages</small></div><div class=""><small><em>Swagger Clause:</em> Swagger is banned</small></div><div class=""><small><em>Baton Pass Clause:</em> Limit one Baton Passer, can't pass Spe and other stats simultaneously</small></div><div class="chat battle-history"><strong>RawMelon's team:</strong> <em style="color:#445566;display:block;">Tangela / Vullaby / Mawile / Golem / Grumpig / Dodrio</em></div><div class="chat battle-history"><strong>Slowbroth's team:</strong> <em style="color:#445566;display:block;">Gabite / Prinplup / Mawile / Ninjask / Muk / Cacturne</em></div><div class="chat chatmessage-rawmelon"><strong style="color:hsl(223,45%,54.735457078935404%)"><small>☆</small><span class="username" data-name="RawMelon">RawMelon</span>:</strong> <em>HF</em></div><div class="chat chatmessage-slowbroth"><strong style="color:hsl(317,62%,48.816815154816716%)"><small>☆</small><span class="username" data-name="Slowbroth">Slowbroth</span>:</strong> <em>HFFF</em></div><div class="chat chatmessage-slowbroth"><strong style="color:hsl(317,62%,48.816815154816716%)"><small>☆</small><span class="username" data-name="Slowbroth">Slowbroth</span>:</strong> <em>first to lose, wins</em></div><div class="spacer battle-history"><br></div><div class="battle-history">Battle started between RawMelon and Slowbroth!<br></div><div class="spacer battle-history"><br></div><div class="battle-history">Go! <strong>Dodrio</strong>!<br></div><div class="spacer battle-history"><br></div><div class="battle-history">Slowbroth sent out <strong>Cacturne</strong>!<br></div><div class="spacer battle-history"><br></div><h2 class="battle-history">Turn 1</h2><div class="chat chatmessage-rawmelon"><strong style="color:hsl(223,45%,54.735457078935404%)"><small>☆</small><span class="username" data-name="RawMelon">RawMelon</span>:</strong> <em>I'm gonna win on purpose</em></div><div class="chat chatmessage-slowbroth"><strong style="color:hsl(317,62%,48.816815154816716%)"><small>☆</small><span class="username" data-name="Slowbroth">Slowbroth</span>:</strong> <em>then you'll look stupid</em></div><div class="chat chatmessage-rawmelon"><strong style="color:hsl(223,45%,54.735457078935404%)"><small>☆</small><span class="username" data-name="RawMelon">RawMelon</span>:</strong> <em>Because I don't take Less</em></div><div class="chat chatmessage-slowbroth"><strong style="color:hsl(317,62%,48.816815154816716%)"><small>☆</small><span class="username" data-name="Slowbroth">Slowbroth</span>:</strong> <em>dont be a dumb fruit.</em></div><div class="chat"><small>LimJahey69 joined.</small></div><div class="chat chatmessage-rawmelon"><strong style="color:hsl(223,45%,54.735457078935404%)"><small>☆</small><span class="username" data-name="RawMelon">RawMelon</span>:</strong> <em>Actually I gtg lol</em></div><div class="chat chatmessage-rawmelon"><strong style="color:hsl(223,45%,54.735457078935404%)"><small>☆</small><span class="username" data-name="RawMelon">RawMelon</span>:</strong> <em>Sry</em></div><div class="chat chatmessage-slowbroth"><strong style="color:hsl(317,62%,48.816815154816716%)"><small>☆</small><span class="username" data-name="Slowbroth">Slowbroth</span>:</strong> <em>............</em></div><div class="chat"><small>RawMelon left.</small></div><div class="chat chatmessage-slowbroth"><strong style="color:hsl(317,62%,48.816815154816716%)"><small>☆</small><span class="username" data-name="Slowbroth">Slowbroth</span>:</strong> <em>...........</em></div><div class="spacer battle-history"><br></div><div class="battle-history"><small>RawMelon lost due to inactivity.</small><br></div><div class="spacer battle-history"><br></div><div class="battle-history"><strong>Slowbroth</strong> won the battle!<br></div></div><div class="inner-preempt"></div></div></div>
</div>
<script>
let daily = Math.floor(Date.now()/1000/60/60/24);document.write('<script src="https://play.pokemonshowdown.com/js/replay-embed.js?version'+daily+'"></'+'script>');
</script>
