<!DOCTYPE html>
<meta charset="utf-8" />
<!-- version 1 -->
<title>PU replay: InspectorKido vs. factoryfactory</title>
<style>
html,body {font-family:Verdana, sans-serif;font-size:10pt;margin:0;padding:0;}body{padding:12px 0;} .battle-log {font-family:Verdana, sans-serif;font-size:10pt;} .battle-log-inline {border:1px solid #AAAAAA;background:#EEF2F5;color:black;max-width:640px;margin:0 auto 80px;padding-bottom:5px;} .battle-log .inner {padding:4px 8px 0px 8px;} .battle-log .inner-preempt {padding:0 8px 4px 8px;} .battle-log .inner-after {margin-top:0.5em;} .battle-log h2 {margin:0.5em -8px;padding:4px 8px;border:1px solid #AAAAAA;background:#E0E7EA;border-left:0;border-right:0;font-family:Verdana, sans-serif;font-size:13pt;} .battle-log .chat {vertical-align:middle;padding:3px 0 3px 0;font-size:8pt;} .battle-log .chat strong {color:#40576A;} .battle-log .chat em {padding:1px 4px 1px 3px;color:#000000;font-style:normal;} .chat.mine {background:rgba(0,0,0,0.05);margin-left:-8px;margin-right:-8px;padding-left:8px;padding-right:8px;} .spoiler {color:#BBBBBB;background:#BBBBBB;padding:0px 3px;} .spoiler:hover, .spoiler:active, .spoiler-shown {color:#000000;background:#E2E2E2;padding:0px 3px;} .spoiler a {color:#BBBBBB;} .spoiler:hover a, .spoiler:active a, .spoiler-shown a {color:#2288CC;} .chat code, .chat .spoiler:hover code, .chat .spoiler:active code, .chat .spoiler-shown code {border:1px solid #C0C0C0;background:#EEEEEE;color:black;padding:0 2px;} .chat .spoiler code {border:1px solid #CCCCCC;background:#CCCCCC;color:#CCCCCC;} .battle-log .rated {padding:3px 4px;} .battle-log .rated strong {color:white;background:#89A;padding:1px 4px;border-radius:4px;} .spacer {margin-top:0.5em;} .message-announce {background:#6688AA;color:white;padding:1px 4px 2px;} .message-announce a, .broadcast-green a, .broadcast-blue a, .broadcast-red a {color:#DDEEFF;} .broadcast-green {background-color:#559955;color:white;padding:2px 4px;} .broadcast-blue {background-color:#6688AA;color:white;padding:2px 4px;} .infobox {border:1px solid #6688AA;padding:2px 4px;} .infobox-limited {max-height:200px;overflow:auto;overflow-x:hidden;} .broadcast-red {background-color:#AA5544;color:white;padding:2px 4px;} .message-learn-canlearn {font-weight:bold;color:#228822;text-decoration:underline;} .message-learn-cannotlearn {font-weight:bold;color:#CC2222;text-decoration:underline;} .message-effect-weak {font-weight:bold;color:#CC2222;} .message-effect-resist {font-weight:bold;color:#6688AA;} .message-effect-immune {font-weight:bold;color:#666666;} .message-learn-list {margin-top:0;margin-bottom:0;} .message-throttle-notice, .message-error {color:#992222;} .message-overflow, .chat small.message-overflow {font-size:0pt;} .message-overflow::before {font-size:9pt;content:'...';} .subtle {color:#3A4A66;}
</style>
<div class="wrapper replay-wrapper" style="max-width:1180px;margin:0 auto">
<input type="hidden" name="replayid" value="pu-545270202" />
<div class="battle"></div><div class="battle-log"></div><div class="replay-controls"></div><div class="replay-controls-2"></div>
<h1 style="font-weight:normal;text-align:center"><strong>PU</strong><br /><a href="http://pokemonshowdown.com/users/inspectorkido" class="subtle" target="_blank">InspectorKido</a> vs. <a href="http://pokemonshowdown.com/users/factoryfactory" class="subtle" target="_blank">factoryfactory</a></h1>
<script type="text/plain" class="battle-log-data">|j|InspectorKido
|j|factoryfactory
|player|p1|InspectorKido|165
|player|p2|factoryfactory|101
|gametype|singles
|gen|6
|tier|PU
|rated
|seed|2389,1426,32717,31452
|rule|Sleep Clause Mod: Limit one foe put to sleep
|rule|Species Clause: Limit one of each Pokémon
|rule|OHKO Clause: OHKO moves are banned
|rule|Moody Clause: Moody is banned
|rule|Evasion Moves Clause: Evasion moves are banned
|rule|Endless Battle Clause: Forcing endless battles is banned
|rule|HP Percentage Mod: HP is shown in percentages
|clearpoke
|poke|p1|Bastiodon, M, shiny|item
|poke|p1|Roselia, M, shiny|item
|poke|p1|Lickilicky, F, shiny|item
|poke|p1|Misdreavus, M, shiny|item
|poke|p1|Meowstic, M, shiny|item
|poke|p1|Avalugg, M|item
|poke|p2|Smeargle, F|item
|poke|p2|Golem, F|item
|poke|p2|Rotom-Frost|item
|poke|p2|Kingler, M|item
|poke|p2|Monferno, F|item
|poke|p2|Jumpluff, M|
|rule|Swagger Clause: Swagger is banned
|rule|Baton Pass Clause: Limit one Baton Passer, can't pass Spe and other stats simultaneously
|teampreview
|choice|team 5, team 2, team 3, team 4, team 1, team 6|team 1, team 2, team 3, team 4, team 5, team 6
|
|start
|switch|p1a: Meowstic|Meowstic, M, shiny|352\/352
|switch|p2a: Smeargle|Smeargle, F|252\/252
|turn|1
|choice|move trick|move darkvoid
|
|move|p1a: Meowstic|Trick|p2a: Smeargle
|-activate|p1a: Meowstic|move: Trick|[of] p2a: Smeargle
|-item|p2a: Smeargle|Choice Scarf|[from] move: Trick
|-item|p1a: Meowstic|Focus Sash|[from] move: Trick
|move|p2a: Smeargle|Dark Void|p1a: Meowstic
|-status|p1a: Meowstic|slp
|
|upkeep
|turn|2
|choice|switch 2|switch 3
|
|switch|p2a: Rotom|Rotom-Frost|241\/241
|switch|p1a: Roselia|Roselia, M, shiny|304\/304
|
|upkeep
|turn|3
|choice|move toxicspikes|move trick
|
|move|p2a: Rotom|Trick|p1a: Roselia
|-activate|p2a: Rotom|move: Trick|[of] p1a: Roselia
|-item|p1a: Roselia|Choice Scarf|[from] move: Trick
|-item|p2a: Rotom|Eviolite|[from] move: Trick
|move|p1a: Roselia|Toxic Spikes|p2a: Rotom
|-sidestart|p2: factoryfactory|move: Toxic Spikes
|
|upkeep
|turn|4
|choice|switch 5|move voltswitch
|
|switch|p1a: Bastiodon|Bastiodon, M, shiny|324\/324
|move|p2a: Rotom|Volt Switch|p1a: Bastiodon
|-damage|p1a: Bastiodon|264\/324
|choice||switch 6
|
|switch|p2a: Jumpluff|Jumpluff, M|291\/291
|
|-heal|p1a: Bastiodon|284\/324|[from] item: Leftovers
|upkeep
|turn|5
|choice|move stealthrock|move sleeppowder
|
|move|p2a: Jumpluff|Sleep Powder|p1a: Bastiodon|[miss]
|-miss|p2a: Jumpluff|p1a: Bastiodon
|move|p1a: Bastiodon|Stealth Rock|p2a: Jumpluff
|-sidestart|p2: factoryfactory|move: Stealth Rock
|
|-heal|p1a: Bastiodon|304\/324|[from] item: Leftovers
|upkeep
|turn|6
|choice|move toxic|move sleeppowder
|
|move|p2a: Jumpluff|Sleep Powder|p1a: Bastiodon
|-message|Sleep Clause Mod activated.
|move|p1a: Bastiodon|Toxic|p2a: Jumpluff
|-status|p2a: Jumpluff|tox
|
|-heal|p1a: Bastiodon|324\/324|[from] item: Leftovers
|-damage|p2a: Jumpluff|273\/291 tox|[from] psn
|upkeep
|turn|7
|choice|move roar|switch 3
|
|switch|p2a: Smeargle|Smeargle, F|252\/252
|-status|p2a: Smeargle|psn
|-damage|p2a: Smeargle|221\/252 psn|[from] Stealth Rock
|move|p1a: Bastiodon|Roar|p2a: Smeargle
|drag|p2a: Jumpluff|Jumpluff, M|273\/291 tox
|-damage|p2a: Jumpluff|201\/291 tox|[from] Stealth Rock
|
|-damage|p2a: Jumpluff|183\/291 tox|[from] psn
|upkeep
|turn|8
|choice|move roar|move bulletseed
|
|move|p2a: Jumpluff|Bullet Seed|p1a: Bastiodon
|-damage|p1a: Bastiodon|308\/324
|-damage|p1a: Bastiodon|290\/324
|-damage|p1a: Bastiodon|274\/324
|-damage|p1a: Bastiodon|258\/324
|-damage|p1a: Bastiodon|242\/324
|-hitcount|p1a: Bastiodon|5
|move|p1a: Bastiodon|Roar|p2a: Jumpluff
|drag|p2a: Golem|Golem, F|301\/301
|-status|p2a: Golem|psn
|-damage|p2a: Golem|283\/301 psn|[from] Stealth Rock
|
|-heal|p1a: Bastiodon|262\/324|[from] item: Leftovers
|-damage|p2a: Golem|246\/301 psn|[from] psn
|upkeep
|turn|9
|choice|switch 4|move firepunch
|
|switch|p1a: Misdreavus|Misdreavus, M, shiny|324\/324
|move|p2a: Golem|Fire Punch|p1a: Misdreavus
|-damage|p1a: Misdreavus|196\/324
|
|-damage|p2a: Golem|209\/301 psn|[from] psn
|upkeep
|turn|10
|choice|move trick|switch 3
|
|switch|p2a: Smeargle|Smeargle, F|221\/252 psn
|-damage|p2a: Smeargle|190\/252 psn|[from] Stealth Rock
|move|p1a: Misdreavus|Trick|p2a: Smeargle
|-activate|p1a: Misdreavus|move: Trick|[of] p2a: Smeargle
|-item|p2a: Smeargle|Choice Scarf|[from] move: Trick
|-item|p1a: Misdreavus|Choice Scarf|[from] move: Trick
|
|-damage|p2a: Smeargle|159\/252 psn|[from] psn
|upkeep
|turn|11
|choice|move taunt|switch 6
|
|switch|p2a: Rotom|Rotom-Frost|241\/241
|-damage|p2a: Rotom|181\/241|[from] Stealth Rock
|move|p1a: Misdreavus|Taunt|p2a: Rotom
|-start|p2a: Rotom|move: Taunt
|
|upkeep
|turn|12
|choice|switch 4|move thunderbolt
|
|switch|p1a: Bastiodon|Bastiodon, M, shiny|262\/324
|move|p2a: Rotom|Thunderbolt|p1a: Bastiodon
|-damage|p1a: Bastiodon|184\/324
|
|-heal|p1a: Bastiodon|204\/324|[from] item: Leftovers
|upkeep
|turn|13
|choice|move roar|move voltswitch
|
|move|p2a: Rotom|Volt Switch|p1a: Bastiodon
|-crit|p1a: Bastiodon
|-damage|p1a: Bastiodon|111\/324
|choice||switch 3
|
|switch|p2a: Golem|Golem, F|209\/301 psn
|-damage|p2a: Golem|191\/301 psn|[from] Stealth Rock
|move|p1a: Bastiodon|Roar|p2a: Golem
|drag|p2a: Kingler|Kingler, M|251\/251
|-status|p2a: Kingler|psn
|-damage|p2a: Kingler|220\/251 psn|[from] Stealth Rock
|
|-heal|p1a: Bastiodon|131\/324|[from] item: Leftovers
|-damage|p2a: Kingler|189\/251 psn|[from] psn
|upkeep
|turn|14
|choice|switch 5|move crabhammer
|
|switch|p1a: Roselia|Roselia, M, shiny|304\/304
|move|p2a: Kingler|Crabhammer|p1a: Roselia
|-resisted|p1a: Roselia
|-damage|p1a: Roselia|161\/304
|-damage|p2a: Kingler|164\/251 psn|[from] item: Life Orb
|
|-damage|p2a: Kingler|133\/251 psn|[from] psn
|upkeep
|turn|15
|choice|move gigadrain|move knockoff
|
|move|p2a: Kingler|Knock Off|p1a: Roselia
|-damage|p1a: Roselia|0 fnt
|-enditem|p1a: Roselia|Choice Scarf|[from] move: Knock Off|[of] p2a: Kingler
|-damage|p2a: Kingler|108\/251 psn|[from] item: Life Orb
|faint|p1a: Roselia
|
|-damage|p2a: Kingler|77\/251 psn|[from] psn
|upkeep
|choice|switch 6|
|
|switch|p1a: Avalugg|Avalugg, M|394\/394
|turn|16
|choice|move avalanche|move knockoff
|
|move|p2a: Kingler|Knock Off|p1a: Avalugg
|-damage|p1a: Avalugg|328\/394
|-enditem|p1a: Avalugg|Leftovers|[from] move: Knock Off|[of] p2a: Kingler
|-damage|p2a: Kingler|52\/251 psn|[from] item: Life Orb
|move|p1a: Avalugg|Avalanche|p2a: Kingler
|-resisted|p2a: Kingler
|-damage|p2a: Kingler|0 fnt
|faint|p2a: Kingler
|
|upkeep
|choice||switch 3
|
|switch|p2a: Rotom|Rotom-Frost|181\/241
|-damage|p2a: Rotom|121\/241|[from] Stealth Rock
|turn|17
|choice|switch 3|move thunderbolt
|
|switch|p1a: Lickilicky|Lickilicky, F, shiny|424\/424
|move|p2a: Rotom|Thunderbolt|p1a: Lickilicky
|-damage|p1a: Lickilicky|322\/424
|
|-heal|p1a: Lickilicky|348\/424|[from] item: Leftovers
|upkeep
|turn|18
|choice|move toxic|move trick
|
|move|p2a: Rotom|Trick|p1a: Lickilicky
|-activate|p2a: Rotom|move: Trick|[of] p1a: Lickilicky
|-item|p1a: Lickilicky|Eviolite|[from] move: Trick
|-item|p2a: Rotom|Leftovers|[from] move: Trick
|move|p1a: Lickilicky|Toxic|p2a: Rotom|[miss]
|-miss|p1a: Lickilicky|p2a: Rotom
|
|-heal|p2a: Rotom|136\/241|[from] item: Leftovers
|upkeep
|turn|19
|choice|move wish|move voltswitch
|
|move|p2a: Rotom|Volt Switch|p1a: Lickilicky
|-damage|p1a: Lickilicky|269\/424
|choice||switch 4
|
|switch|p2a: Golem|Golem, F|191\/301 psn
|-damage|p2a: Golem|173\/301 psn|[from] Stealth Rock
|move|p1a: Lickilicky|Wish|p1a: Lickilicky
|
|-damage|p2a: Golem|136\/301 psn|[from] psn
|upkeep
|turn|20
|choice|switch 4|move stoneedge
|
|switch|p1a: Misdreavus|Misdreavus, M, shiny|196\/324
|move|p2a: Golem|Stone Edge|p1a: Misdreavus
|-damage|p1a: Misdreavus|0 fnt
|faint|p1a: Misdreavus
|
|-damage|p2a: Golem|99\/301 psn|[from] psn
|upkeep
|choice|switch 3|
|
|switch|p1a: Avalugg|Avalugg, M|328\/394
|turn|21
|choice|move recover|move stoneedge
|
|move|p2a: Golem|Stone Edge|p1a: Avalugg
|-supereffective|p1a: Avalugg
|-damage|p1a: Avalugg|92\/394
|move|p1a: Avalugg|Recover|p1a: Avalugg
|-heal|p1a: Avalugg|289\/394
|
|-damage|p2a: Golem|62\/301 psn|[from] psn
|upkeep
|turn|22
|choice|move recover|switch 4
|
|switch|p2a: Rotom|Rotom-Frost|136\/241
|-damage|p2a: Rotom|76\/241|[from] Stealth Rock
|move|p1a: Avalugg|Recover|p1a: Avalugg
|-heal|p1a: Avalugg|394\/394
|
|-heal|p2a: Rotom|91\/241|[from] item: Leftovers
|upkeep
|turn|23
|choice|switch 4|move thunderbolt
|
|switch|p1a: Lickilicky|Lickilicky, F, shiny|269\/424
|move|p2a: Rotom|Thunderbolt|p1a: Lickilicky
|-damage|p1a: Lickilicky|170\/424
|
|-heal|p2a: Rotom|106\/241|[from] item: Leftovers
|upkeep
|turn|24
|choice|move wish|move voltswitch
|
|move|p2a: Rotom|Volt Switch|p1a: Lickilicky
|-damage|p1a: Lickilicky|86\/424
|choice||switch 2
|
|switch|p2a: Jumpluff|Jumpluff, M|183\/291 tox
|-damage|p2a: Jumpluff|111\/291 tox|[from] Stealth Rock
|move|p1a: Lickilicky|Wish|p1a: Lickilicky
|
|-damage|p2a: Jumpluff|93\/291 tox|[from] psn
|upkeep
|turn|25
|choice|move protect|switch 2
|
|switch|p2a: Rotom|Rotom-Frost|106\/241
|-damage|p2a: Rotom|46\/241|[from] Stealth Rock
|move|p1a: Lickilicky|Protect|p1a: Lickilicky
|-fail|p1a: Lickilicky
|
|-heal|p1a: Lickilicky|298\/424|[from] move: Wish|[wisher] Lickilicky
|-heal|p2a: Rotom|61\/241|[from] item: Leftovers
|upkeep
|turn|26
|choice|move toxic|move thunderbolt
|
|move|p2a: Rotom|Thunderbolt|p1a: Lickilicky
|-crit|p1a: Lickilicky
|-damage|p1a: Lickilicky|142\/424
|move|p1a: Lickilicky|Toxic|p2a: Rotom
|-status|p2a: Rotom|tox
|
|-heal|p2a: Rotom|76\/241 tox|[from] item: Leftovers
|-damage|p2a: Rotom|61\/241 tox|[from] psn
|upkeep
|turn|27
|choice|move protect|switch 5
|
|switch|p2a: Monferno|Monferno, F|269\/269
|-status|p2a: Monferno|psn
|-damage|p2a: Monferno|236\/269 psn|[from] Stealth Rock
|move|p1a: Lickilicky|Protect|p1a: Lickilicky
|-fail|p1a: Lickilicky
|
|-damage|p2a: Monferno|203\/269 psn|[from] psn
|upkeep
|turn|28
|choice|move protect|move closecombat
|
|move|p1a: Lickilicky|Protect|p1a: Lickilicky
|-singleturn|p1a: Lickilicky|Protect
|move|p2a: Monferno|Close Combat|p1a: Lickilicky
|-activate|p1a: Lickilicky|move: Protect
|
|-damage|p2a: Monferno|170\/269 psn|[from] psn
|upkeep
|turn|29
|choice|switch 2|move flareblitz
|
|switch|p1a: Meowstic|Meowstic, M, shiny|352\/352 slp
|move|p2a: Monferno|Flare Blitz|p1a: Meowstic
|-crit|p1a: Meowstic
|-damage|p1a: Meowstic|86\/352 slp
|-damage|p2a: Monferno|82\/269 psn|[from] recoil|[of] p1a: Meowstic
|-damage|p2a: Monferno|56\/269 psn|[from] item: Life Orb
|
|-damage|p2a: Monferno|23\/269 psn|[from] psn
|upkeep
|turn|30
|choice|move flash|move flareblitz
|
|cant|p1a: Meowstic|slp
|move|p2a: Monferno|Flare Blitz|p1a: Meowstic
|-damage|p1a: Meowstic|0 fnt
|-damage|p2a: Monferno|0 fnt|[from] recoil|[of] p1a: Meowstic
|faint|p1a: Meowstic
|faint|p2a: Monferno
|
|upkeep
|choice|switch 2|switch 6
|
|switch|p2a: Smeargle|Smeargle, F|159\/252 psn
|switch|p1a: Lickilicky|Lickilicky, F, shiny|142\/424
|-damage|p2a: Smeargle|128\/252 psn|[from] Stealth Rock
|turn|31
|choice|move protect|move darkvoid
|
|move|p1a: Lickilicky|Protect|p1a: Lickilicky
|-singleturn|p1a: Lickilicky|Protect
|move|p2a: Smeargle|Dark Void|p1a: Lickilicky
|-activate|p1a: Lickilicky|move: Protect
|
|-damage|p2a: Smeargle|97\/252 psn|[from] psn
|upkeep
|turn|32
|choice|switch 5|move darkvoid
|
|switch|p1a: Bastiodon|Bastiodon, M, shiny|131\/324
|move|p2a: Smeargle|Dark Void|p1a: Bastiodon
|-status|p1a: Bastiodon|slp
|
|-heal|p1a: Bastiodon|151\/324 slp|[from] item: Leftovers
|-damage|p2a: Smeargle|66\/252 psn|[from] psn
|upkeep
|turn|33
|choice|switch 5|switch 5
|
|switch|p2a: Rotom|Rotom-Frost|61\/241 tox
|-damage|p2a: Rotom|1\/241 tox|[from] Stealth Rock
|switch|p1a: Lickilicky|Lickilicky, F, shiny|142\/424
|
|-heal|p2a: Rotom|16\/241 tox|[from] item: Leftovers
|-damage|p2a: Rotom|1\/241 tox|[from] psn
|upkeep
|turn|34
|choice|move protect|move thunderbolt
|
|move|p1a: Lickilicky|Protect|p1a: Lickilicky
|-singleturn|p1a: Lickilicky|Protect
|move|p2a: Rotom|Thunderbolt|p1a: Lickilicky
|-activate|p1a: Lickilicky|move: Protect
|
|-heal|p2a: Rotom|16\/241 tox|[from] item: Leftovers
|-damage|p2a: Rotom|0 fnt|[from] psn
|upkeep
|faint|p2a: Rotom
|choice||switch 4
|
|switch|p2a: Golem|Golem, F|62\/301 psn
|-damage|p2a: Golem|44\/301 psn|[from] Stealth Rock
|turn|35
|choice|switch 5|move earthquake
|
|switch|p1a: Bastiodon|Bastiodon, M, shiny|151\/324 slp
|move|p2a: Golem|Earthquake|p1a: Bastiodon
|-supereffective|p1a: Bastiodon
|-crit|p1a: Bastiodon
|-damage|p1a: Bastiodon|0 fnt
|faint|p1a: Bastiodon
|
|-damage|p2a: Golem|7\/301 psn|[from] psn
|upkeep
|choice|switch 4|
|
|switch|p1a: Avalugg|Avalugg, M|394\/394
|turn|36
|choice|move recover|move earthquake
|
|move|p2a: Golem|Earthquake|p1a: Avalugg
|-damage|p1a: Avalugg|264\/394
|move|p1a: Avalugg|Recover|p1a: Avalugg
|-heal|p1a: Avalugg|394\/394
|
|-damage|p2a: Golem|0 fnt|[from] psn
|upkeep
|faint|p2a: Golem
|choice||switch 5
|
|switch|p2a: Smeargle|Smeargle, F|66\/252 psn
|-damage|p2a: Smeargle|35\/252 psn|[from] Stealth Rock
|turn|37
|choice|switch 5|move explosion
|
|switch|p1a: Lickilicky|Lickilicky, F, shiny|142\/424
|move|p2a: Smeargle|Explosion|p1a: Lickilicky
|-damage|p1a: Lickilicky|0 fnt
|faint|p2a: Smeargle
|faint|p1a: Lickilicky
|
|upkeep
|choice|switch 5|switch 2
|
|switch|p2a: Jumpluff|Jumpluff, M|93\/291 tox
|switch|p1a: Avalugg|Avalugg, M|394\/394
|-damage|p2a: Jumpluff|21\/291 tox|[from] Stealth Rock
|turn|38
|c|☆InspectorKido|GG
|choice|move avalanche|move acrobatics
|
|move|p2a: Jumpluff|Acrobatics|p1a: Avalugg
|-damage|p1a: Avalugg|340\/394
|move|p1a: Avalugg|Avalanche|p2a: Jumpluff
|-supereffective|p2a: Jumpluff
|-damage|p2a: Jumpluff|0 fnt
|faint|p2a: Jumpluff
|
|win|InspectorKido
|player|p1
|player|p2
|raw|InspectorKido's rating: 1500 &rarr; <strong>1518<\/strong><br \/>(+18 for winning)
|raw|factoryfactory's rating: 1466 &rarr; <strong>1448<\/strong><br \/>(-18 for losing)</script>
</div>
<div class="battle-log battle-log-inline"><div class="inner"><div class="battle-options"></div><div class="inner"><div class="chat"><small>InspectorKido joined.</small></div><div class="chat"><small>factoryfactory joined.</small></div><div class=""><small>Format:</small> <br><strong>PU</strong></div><div class="rated"><strong>Rated battle</strong></div><div class=""><small><em>Sleep Clause Mod:</em> Limit one foe put to sleep</small></div><div class=""><small><em>Species Clause:</em> Limit one of each Pokémon</small></div><div class=""><small><em>OHKO Clause:</em> OHKO moves are banned</small></div><div class=""><small><em>Moody Clause:</em> Moody is banned</small></div><div class=""><small><em>Evasion Moves Clause:</em> Evasion moves are banned</small></div><div class=""><small><em>Endless Battle Clause:</em> Forcing endless battles is banned</small></div><div class=""><small><em>HP Percentage Mod:</em> HP is shown in percentages</small></div><div class=""><small><em>Swagger Clause:</em> Swagger is banned</small></div><div class=""><small><em>Baton Pass Clause:</em> Limit one Baton Passer, can't pass Spe and other stats simultaneously</small></div><div class="chat battle-history"><strong>InspectorKido's team:</strong> <em style="color:#445566;display:block;">Bastiodon / Roselia / Lickilicky / Misdreavus / Meowstic / Avalugg</em></div><div class="chat battle-history"><strong>factoryfactory's team:</strong> <em style="color:#445566;display:block;">Smeargle / Golem / Rotom-Frost / Kingler / Monferno / Jumpluff</em></div><div class="spacer battle-history"><br></div><div class="battle-history">Battle started between InspectorKido and factoryfactory!<br></div><div class="spacer battle-history"><br></div><div class="battle-history">Go! <strong>Meowstic</strong>!<br></div><div class="spacer battle-history"><br></div><div class="battle-history">factoryfactory sent out <strong>Smeargle</strong>!<br></div><div class="spacer battle-history"><br></div><h2 class="battle-history">Turn 1</h2><div class="spacer battle-history"><br></div><div class="battle-history">Meowstic used <strong>Trick</strong>!<br></div><div class="battle-history"><small>Meowstic switched items with its target!</small><br></div><div class="battle-history"><small>The opposing Smeargle obtained one Choice Scarf.</small><br></div><div class="battle-history"><small>Meowstic obtained one Focus Sash.</small><br></div><div class="spacer battle-history"><br></div><div class="battle-history">The opposing Smeargle used <strong>Dark Void</strong>!<br></div><div class="battle-history"><small>Meowstic fell asleep!</small><br></div><div class="spacer battle-history"><br></div><h2 class="battle-history">Turn 2</h2><div class="spacer battle-history"><br></div><div class="battle-history">factoryfactory withdrew Smeargle!<br></div><div class="battle-history">factoryfactory sent out Rotom (<strong>Rotom-Frost</strong>)!<br></div><div class="spacer battle-history"><br></div><div class="battle-history">Meowstic, come back!<br></div><div class="battle-history">Go! <strong>Roselia</strong>!<br></div><div class="spacer battle-history"><br></div><h2 class="battle-history">Turn 3</h2><div class="spacer battle-history"><br></div><div class="battle-history">The opposing Rotom used <strong>Trick</strong>!<br></div><div class="battle-history"><small>The opposing Rotom switched items with its target!</small><br></div><div class="battle-history"><small>Roselia obtained one Choice Scarf.</small><br></div><div class="battle-history"><small>The opposing Rotom obtained one Eviolite.</small><br></div><div class="spacer battle-history"><br></div><div class="battle-history">Roselia used <strong>Toxic Spikes</strong>!<br></div><div class="battle-history"><small>Poison spikes were scattered on the ground all around the opposing team!</small><br></div><div class="spacer battle-history"><br></div><h2 class="battle-history">Turn 4</h2><div class="spacer battle-history"><br></div><div class="battle-history">Roselia, come back!<br></div><div class="battle-history">Go! <strong>Bastiodon</strong>!<br></div><div class="spacer battle-history"><br></div><div class="battle-history">The opposing Rotom used <strong>Volt Switch</strong>!<br></div><div class="battle-history"><small>(Bastiodon lost <abbr title="−60/324">18.5%</abbr> of its health!)</small><br></div><div class="spacer battle-history"><br></div><div class="battle-history">The opposing Rotom went back to factoryfactory!<br></div><div class="battle-history">factoryfactory sent out <strong>Jumpluff</strong>!<br></div><div class="spacer battle-history"><br></div><div class="battle-history"><small>Bastiodon restored a little HP using its Leftovers!</small><br></div><div class="spacer battle-history"><br></div><h2 class="battle-history">Turn 5</h2><div class="spacer battle-history"><br></div><div class="battle-history">The opposing Jumpluff used <strong>Sleep Powder</strong>!<br></div><div class="battle-history"><small>Bastiodon avoided the attack!</small><br></div><div class="spacer battle-history"><br></div><div class="battle-history">Bastiodon used <strong>Stealth Rock</strong>!<br></div><div class="battle-history"><small>Pointed stones float in the air around the opposing team!</small><br></div><div class="spacer battle-history"><br></div><div class="battle-history"><small>Bastiodon restored a little HP using its Leftovers!</small><br></div><div class="spacer battle-history"><br></div><h2 class="battle-history">Turn 6</h2><div class="spacer battle-history"><br></div><div class="battle-history">The opposing Jumpluff used <strong>Sleep Powder</strong>!<br></div><div class="battle-history"><small>Sleep Clause Mod activated.</small><br></div><div class="spacer battle-history"><br></div><div class="battle-history">Bastiodon used <strong>Toxic</strong>!<br></div><div class="battle-history"><small>The opposing Jumpluff was badly poisoned!</small><br></div><div class="spacer battle-history"><br></div><div class="battle-history"><small>Bastiodon restored a little HP using its Leftovers!</small><br></div><div class="battle-history"><small>The opposing Jumpluff was hurt by poison!</small><br></div><div class="spacer battle-history"><br></div><h2 class="battle-history">Turn 7</h2><div class="spacer battle-history"><br></div><div class="battle-history">factoryfactory withdrew Jumpluff!<br></div><div class="battle-history">factoryfactory sent out <strong>Smeargle</strong>!<br></div><div class="battle-history"><small>The opposing Smeargle was poisoned!</small><br></div><div class="battle-history"><small>Pointed stones dug into the opposing Smeargle!</small><br></div><div class="spacer battle-history"><br></div><div class="battle-history">Bastiodon used <strong>Roar</strong>!<br></div><div class="spacer battle-history"><br></div><div class="battle-history"><strong>Jumpluff</strong> was dragged out!<br></div><div class="battle-history"><small>Pointed stones dug into the opposing Jumpluff!</small><br></div><div class="spacer battle-history"><br></div><div class="battle-history"><small>The opposing Jumpluff was hurt by poison!</small><br></div><div class="spacer battle-history"><br></div><h2 class="battle-history">Turn 8</h2><div class="spacer battle-history"><br></div><div class="battle-history">The opposing Jumpluff used <strong>Bullet Seed</strong>!<br></div><div class="battle-history"><small>(Bastiodon lost <abbr title="−16/324">4.9%</abbr> of its health!)</small><br></div><div class="battle-history"><small>(Bastiodon lost <abbr title="−18/324">5.6%</abbr> of its health!)</small><br></div><div class="battle-history"><small>(Bastiodon lost <abbr title="−16/324">4.9%</abbr> of its health!)</small><br></div><div class="battle-history"><small>(Bastiodon lost <abbr title="−16/324">4.9%</abbr> of its health!)</small><br></div><div class="battle-history"><small>(Bastiodon lost <abbr title="−16/324">4.9%</abbr> of its health!)</small><br></div><div class="battle-history"><small>Hit 5 times!</small><br></div><div class="spacer battle-history"><br></div><div class="battle-history">Bastiodon used <strong>Roar</strong>!<br></div><div class="spacer battle-history"><br></div><div class="battle-history"><strong>Golem</strong> was dragged out!<br></div><div class="battle-history"><small>The opposing Golem was poisoned!</small><br></div><div class="battle-history"><small>Pointed stones dug into the opposing Golem!</small><br></div><div class="spacer battle-history"><br></div><div class="battle-history"><small>Bastiodon restored a little HP using its Leftovers!</small><br></div><div class="battle-history"><small>The opposing Golem was hurt by poison!</small><br></div><div class="spacer battle-history"><br></div><h2 class="battle-history">Turn 9</h2><div class="spacer battle-history"><br></div><div class="battle-history">Bastiodon, come back!<br></div><div class="battle-history">Go! <strong>Misdreavus</strong>!<br></div><div class="spacer battle-history"><br></div><div class="battle-history">The opposing Golem used <strong>Fire Punch</strong>!<br></div><div class="battle-history"><small>(Misdreavus lost <abbr title="−128/324">39.5%</abbr> of its health!)</small><br></div><div class="spacer battle-history"><br></div><div class="battle-history"><small>The opposing Golem was hurt by poison!</small><br></div><div class="spacer battle-history"><br></div><h2 class="battle-history">Turn 10</h2><div class="spacer battle-history"><br></div><div class="battle-history">factoryfactory withdrew Golem!<br></div><div class="battle-history">factoryfactory sent out <strong>Smeargle</strong>!<br></div><div class="battle-history"><small>Pointed stones dug into the opposing Smeargle!</small><br></div><div class="spacer battle-history"><br></div><div class="battle-history">Misdreavus used <strong>Trick</strong>!<br></div><div class="battle-history"><small>Misdreavus switched items with its target!</small><br></div><div class="battle-history"><small>The opposing Smeargle obtained one Choice Scarf.</small><br></div><div class="battle-history"><small>Misdreavus obtained one Choice Scarf.</small><br></div><div class="spacer battle-history"><br></div><div class="battle-history"><small>The opposing Smeargle was hurt by poison!</small><br></div><div class="spacer battle-history"><br></div><h2 class="battle-history">Turn 11</h2><div class="spacer battle-history"><br></div><div class="battle-history">factoryfactory withdrew Smeargle!<br></div><div class="battle-history">factoryfactory sent out Rotom (<strong>Rotom-Frost</strong>)!<br></div><div class="battle-history"><small>Pointed stones dug into the opposing Rotom!</small><br></div><div class="spacer battle-history"><br></div><div class="battle-history">Misdreavus used <strong>Taunt</strong>!<br></div><div class="battle-history"><small>The opposing Rotom fell for the taunt!</small><br></div><div class="spacer battle-history"><br></div><h2 class="battle-history">Turn 12</h2><div class="spacer battle-history"><br></div><div class="battle-history">Misdreavus, come back!<br></div><div class="battle-history">Go! <strong>Bastiodon</strong>!<br></div><div class="spacer battle-history"><br></div><div class="battle-history">The opposing Rotom used <strong>Thunderbolt</strong>!<br></div><div class="battle-history"><small>(Bastiodon lost <abbr title="−78/324">24.1%</abbr> of its health!)</small><br></div><div class="spacer battle-history"><br></div><div class="battle-history"><small>Bastiodon restored a little HP using its Leftovers!</small><br></div><div class="spacer battle-history"><br></div><h2 class="battle-history">Turn 13</h2><div class="spacer battle-history"><br></div><div class="battle-history">The opposing Rotom used <strong>Volt Switch</strong>!<br></div><div class="battle-history"><small>A critical hit!</small><br></div><div class="battle-history"><small>(Bastiodon lost <abbr title="−93/324">28.7%</abbr> of its health!)</small><br></div><div class="spacer battle-history"><br></div><div class="battle-history">The opposing Rotom went back to factoryfactory!<br></div><div class="battle-history">factoryfactory sent out <strong>Golem</strong>!<br></div><div class="battle-history"><small>Pointed stones dug into the opposing Golem!</small><br></div><div class="spacer battle-history"><br></div><div class="battle-history">Bastiodon used <strong>Roar</strong>!<br></div><div class="spacer battle-history"><br></div><div class="battle-history"><strong>Kingler</strong> was dragged out!<br></div><div class="battle-history"><small>The opposing Kingler was poisoned!</small><br></div><div class="battle-history"><small>Pointed stones dug into the opposing Kingler!</small><br></div><div class="spacer battle-history"><br></div><div class="battle-history"><small>Bastiodon restored a little HP using its Leftovers!</small><br></div><div class="battle-history"><small>The opposing Kingler was hurt by poison!</small><br></div><div class="spacer battle-history"><br></div><h2 class="battle-history">Turn 14</h2><div class="spacer battle-history"><br></div><div class="battle-history">Bastiodon, come back!<br></div><div class="battle-history">Go! <strong>Roselia</strong>!<br></div><div class="spacer battle-history"><br></div><div class="battle-history">The opposing Kingler used <strong>Crabhammer</strong>!<br></div><div class="battle-history"><small>It's not very effective...</small><br></div><div class="battle-history"><small>(Roselia lost <abbr title="−143/304">47.0%</abbr> of its health!)</small><br></div><div class="battle-history"><small>The opposing Kingler lost some of its HP!</small><br></div><div class="spacer battle-history"><br></div><div class="battle-history"><small>The opposing Kingler was hurt by poison!</small><br></div><div class="spacer battle-history"><br></div><h2 class="battle-history">Turn 15</h2><div class="spacer battle-history"><br></div><div class="battle-history">The opposing Kingler used <strong>Knock Off</strong>!<br></div><div class="battle-history"><small>(Roselia lost <abbr title="−161/304">53.0%</abbr> of its health!)</small><br></div><div class="battle-history"><small>The opposing Kingler knocked off Roselia's Choice Scarf!</small><br></div><div class="battle-history"><small>The opposing Kingler lost some of its HP!</small><br></div><div class="spacer battle-history"><br></div><div class="battle-history">Roselia fainted!<br></div><div class="spacer battle-history"><br></div><div class="battle-history"><small>The opposing Kingler was hurt by poison!</small><br></div><div class="spacer battle-history"><br></div><div class="battle-history">Go! <strong>Avalugg</strong>!<br></div><div class="spacer battle-history"><br></div><h2 class="battle-history">Turn 16</h2><div class="spacer battle-history"><br></div><div class="battle-history">The opposing Kingler used <strong>Knock Off</strong>!<br></div><div class="battle-history"><small>(Avalugg lost <abbr title="−66/394">16.8%</abbr> of its health!)</small><br></div><div class="battle-history"><small>The opposing Kingler knocked off Avalugg's Leftovers!</small><br></div><div class="battle-history"><small>The opposing Kingler lost some of its HP!</small><br></div><div class="spacer battle-history"><br></div><div class="battle-history">Avalugg used <strong>Avalanche</strong>!<br></div><div class="battle-history"><small>It's not very effective...</small><br></div><div class="battle-history"><small>(The opposing Kingler lost <abbr title="−52/251">20.7%</abbr> of its health!)</small><br></div><div class="spacer battle-history"><br></div><div class="battle-history">The opposing Kingler fainted!<br></div><div class="spacer battle-history"><br></div><div class="battle-history">factoryfactory sent out Rotom (<strong>Rotom-Frost</strong>)!<br></div><div class="battle-history"><small>Pointed stones dug into the opposing Rotom!</small><br></div><div class="spacer battle-history"><br></div><h2 class="battle-history">Turn 17</h2><div class="spacer battle-history"><br></div><div class="battle-history">Avalugg, come back!<br></div><div class="battle-history">Go! <strong>Lickilicky</strong>!<br></div><div class="spacer battle-history"><br></div><div class="battle-history">The opposing Rotom used <strong>Thunderbolt</strong>!<br></div><div class="battle-history"><small>(Lickilicky lost <abbr title="−102/424">24.1%</abbr> of its health!)</small><br></div><div class="spacer battle-history"><br></div><div class="battle-history"><small>Lickilicky restored a little HP using its Leftovers!</small><br></div><div class="spacer battle-history"><br></div><h2 class="battle-history">Turn 18</h2><div class="spacer battle-history"><br></div><div class="battle-history">The opposing Rotom used <strong>Trick</strong>!<br></div><div class="battle-history"><small>The opposing Rotom switched items with its target!</small><br></div><div class="battle-history"><small>Lickilicky obtained one Eviolite.</small><br></div><div class="battle-history"><small>The opposing Rotom obtained one Leftovers.</small><br></div><div class="spacer battle-history"><br></div><div class="battle-history">Lickilicky used <strong>Toxic</strong>!<br></div><div class="battle-history"><small>The opposing Rotom avoided the attack!</small><br></div><div class="spacer battle-history"><br></div><div class="battle-history"><small>The opposing Rotom restored a little HP using its Leftovers!</small><br></div><div class="spacer battle-history"><br></div><h2 class="battle-history">Turn 19</h2><div class="spacer battle-history"><br></div><div class="battle-history">The opposing Rotom used <strong>Volt Switch</strong>!<br></div><div class="battle-history"><small>(Lickilicky lost <abbr title="−79/424">18.6%</abbr> of its health!)</small><br></div><div class="spacer battle-history"><br></div><div class="battle-history">The opposing Rotom went back to factoryfactory!<br></div><div class="battle-history">factoryfactory sent out <strong>Golem</strong>!<br></div><div class="battle-history"><small>Pointed stones dug into the opposing Golem!</small><br></div><div class="spacer battle-history"><br></div><div class="battle-history">Lickilicky used <strong>Wish</strong>!<br></div><div class="spacer battle-history"><br></div><div class="battle-history"><small>The opposing Golem was hurt by poison!</small><br></div><div class="spacer battle-history"><br></div><h2 class="battle-history">Turn 20</h2><div class="spacer battle-history"><br></div><div class="battle-history">Lickilicky, come back!<br></div><div class="battle-history">Go! <strong>Misdreavus</strong>!<br></div><div class="spacer battle-history"><br></div><div class="battle-history">The opposing Golem used <strong>Stone Edge</strong>!<br></div><div class="battle-history"><small>(Misdreavus lost <abbr title="−196/324">60.5%</abbr> of its health!)</small><br></div><div class="spacer battle-history"><br></div><div class="battle-history">Misdreavus fainted!<br></div><div class="spacer battle-history"><br></div><div class="battle-history"><small>The opposing Golem was hurt by poison!</small><br></div><div class="spacer battle-history"><br></div><div class="battle-history">Go! <strong>Avalugg</strong>!<br></div><div class="spacer battle-history"><br></div><h2 class="battle-history">Turn 21</h2><div class="spacer battle-history"><br></div><div class="battle-history">The opposing Golem used <strong>Stone Edge</strong>!<br></div><div class="battle-history"><small>It's super effective!</small><br></div><div class="battle-history"><small>(Avalugg lost <abbr title="−236/394">59.9%</abbr> of its health!)</small><br></div><div class="spacer battle-history"><br></div><div class="battle-history">Avalugg used <strong>Recover</strong>!<br></div><div class="battle-history"><small>Avalugg restored its HP.</small><br></div><div class="spacer battle-history"><br></div><div class="battle-history"><small>The opposing Golem was hurt by poison!</small><br></div><div class="spacer battle-history"><br></div><h2 class="battle-history">Turn 22</h2><div class="spacer battle-history"><br></div><div class="battle-history">factoryfactory withdrew Golem!<br></div><div class="battle-history">factoryfactory sent out Rotom (<strong>Rotom-Frost</strong>)!<br></div><div class="battle-history"><small>Pointed stones dug into the opposing Rotom!</small><br></div><div class="spacer battle-history"><br></div><div class="battle-history">Avalugg used <strong>Recover</strong>!<br></div><div class="battle-history"><small>Avalugg restored its HP.</small><br></div><div class="spacer battle-history"><br></div><div class="battle-history"><small>The opposing Rotom restored a little HP using its Leftovers!</small><br></div><div class="spacer battle-history"><br></div><h2 class="battle-history">Turn 23</h2><div class="spacer battle-history"><br></div><div class="battle-history">Avalugg, come back!<br></div><div class="battle-history">Go! <strong>Lickilicky</strong>!<br></div><div class="spacer battle-history"><br></div><div class="battle-history">The opposing Rotom used <strong>Thunderbolt</strong>!<br></div><div class="battle-history"><small>(Lickilicky lost <abbr title="−99/424">23.3%</abbr> of its health!)</small><br></div><div class="spacer battle-history"><br></div><div class="battle-history"><small>The opposing Rotom restored a little HP using its Leftovers!</small><br></div><div class="spacer battle-history"><br></div><h2 class="battle-history">Turn 24</h2><div class="spacer battle-history"><br></div><div class="battle-history">The opposing Rotom used <strong>Volt Switch</strong>!<br></div><div class="battle-history"><small>(Lickilicky lost <abbr title="−84/424">19.8%</abbr> of its health!)</small><br></div><div class="spacer battle-history"><br></div><div class="battle-history">The opposing Rotom went back to factoryfactory!<br></div><div class="battle-history">factoryfactory sent out <strong>Jumpluff</strong>!<br></div><div class="battle-history"><small>Pointed stones dug into the opposing Jumpluff!</small><br></div><div class="spacer battle-history"><br></div><div class="battle-history">Lickilicky used <strong>Wish</strong>!<br></div><div class="spacer battle-history"><br></div><div class="battle-history"><small>The opposing Jumpluff was hurt by poison!</small><br></div><div class="spacer battle-history"><br></div><h2 class="battle-history">Turn 25</h2><div class="spacer battle-history"><br></div><div class="battle-history">factoryfactory withdrew Jumpluff!<br></div><div class="battle-history">factoryfactory sent out Rotom (<strong>Rotom-Frost</strong>)!<br></div><div class="battle-history"><small>Pointed stones dug into the opposing Rotom!</small><br></div><div class="spacer battle-history"><br></div><div class="battle-history">Lickilicky used <strong>Protect</strong>!<br></div><div class="battle-history"><small>But it failed!</small><br></div><div class="spacer battle-history"><br></div><div class="battle-history"><small>Lickilicky's wish came true!</small><br></div><div class="battle-history"><small>The opposing Rotom restored a little HP using its Leftovers!</small><br></div><div class="spacer battle-history"><br></div><h2 class="battle-history">Turn 26</h2><div class="spacer battle-history"><br></div><div class="battle-history">The opposing Rotom used <strong>Thunderbolt</strong>!<br></div><div class="battle-history"><small>A critical hit!</small><br></div><div class="battle-history"><small>(Lickilicky lost <abbr title="−156/424">36.8%</abbr> of its health!)</small><br></div><div class="spacer battle-history"><br></div><div class="battle-history">Lickilicky used <strong>Toxic</strong>!<br></div><div class="battle-history"><small>The opposing Rotom was badly poisoned!</small><br></div><div class="spacer battle-history"><br></div><div class="battle-history"><small>The opposing Rotom restored a little HP using its Leftovers!</small><br></div><div class="battle-history"><small>The opposing Rotom was hurt by poison!</small><br></div><div class="spacer battle-history"><br></div><h2 class="battle-history">Turn 27</h2><div class="spacer battle-history"><br></div><div class="battle-history">factoryfactory withdrew Rotom!<br></div><div class="battle-history">factoryfactory sent out <strong>Monferno</strong>!<br></div><div class="battle-history"><small>The opposing Monferno was poisoned!</small><br></div><div class="battle-history"><small>Pointed stones dug into the opposing Monferno!</small><br></div><div class="spacer battle-history"><br></div><div class="battle-history">Lickilicky used <strong>Protect</strong>!<br></div><div class="battle-history"><small>But it failed!</small><br></div><div class="spacer battle-history"><br></div><div class="battle-history"><small>The opposing Monferno was hurt by poison!</small><br></div><div class="spacer battle-history"><br></div><h2 class="battle-history">Turn 28</h2><div class="spacer battle-history"><br></div><div class="battle-history">Lickilicky used <strong>Protect</strong>!<br></div><div class="battle-history"><small>Lickilicky protected itself!</small><br></div><div class="spacer battle-history"><br></div><div class="battle-history">The opposing Monferno used <strong>Close Combat</strong>!<br></div><div class="battle-history"><small>Lickilicky protected itself!</small><br></div><div class="spacer battle-history"><br></div><div class="battle-history"><small>The opposing Monferno was hurt by poison!</small><br></div><div class="spacer battle-history"><br></div><h2 class="battle-history">Turn 29</h2><div class="spacer battle-history"><br></div><div class="battle-history">Lickilicky, come back!<br></div><div class="battle-history">Go! <strong>Meowstic</strong>!<br></div><div class="spacer battle-history"><br></div><div class="battle-history">The opposing Monferno used <strong>Flare Blitz</strong>!<br></div><div class="battle-history"><small>A critical hit!</small><br></div><div class="battle-history"><small>(Meowstic lost <abbr title="−266/352">75.6%</abbr> of its health!)</small><br></div><div class="battle-history"><small>The opposing Monferno is damaged by the recoil!</small><br></div><div class="battle-history"><small>The opposing Monferno lost some of its HP!</small><br></div><div class="spacer battle-history"><br></div><div class="battle-history"><small>The opposing Monferno was hurt by poison!</small><br></div><div class="spacer battle-history"><br></div><h2 class="battle-history">Turn 30</h2><div class="spacer battle-history"><br></div><div class="battle-history">Meowstic is fast asleep.<br></div><div class="spacer battle-history"><br></div><div class="battle-history">The opposing Monferno used <strong>Flare Blitz</strong>!<br></div><div class="battle-history"><small>(Meowstic lost <abbr title="−86/352">24.4%</abbr> of its health!)</small><br></div><div class="battle-history"><small>The opposing Monferno is damaged by the recoil!</small><br></div><div class="spacer battle-history"><br></div><div class="battle-history">Meowstic fainted!<br></div><div class="battle-history">The opposing Monferno fainted!<br></div><div class="spacer battle-history"><br></div><div class="battle-history">factoryfactory sent out <strong>Smeargle</strong>!<br></div><div class="spacer battle-history"><br></div><div class="battle-history">Go! <strong>Lickilicky</strong>!<br></div><div class="battle-history"><small>Pointed stones dug into the opposing Smeargle!</small><br></div><div class="spacer battle-history"><br></div><h2 class="battle-history">Turn 31</h2><div class="spacer battle-history"><br></div><div class="battle-history">Lickilicky used <strong>Protect</strong>!<br></div><div class="battle-history"><small>Lickilicky protected itself!</small><br></div><div class="spacer battle-history"><br></div><div class="battle-history">The opposing Smeargle used <strong>Dark Void</strong>!<br></div><div class="battle-history"><small>Lickilicky protected itself!</small><br></div><div class="spacer battle-history"><br></div><div class="battle-history"><small>The opposing Smeargle was hurt by poison!</small><br></div><div class="spacer battle-history"><br></div><h2 class="battle-history">Turn 32</h2><div class="spacer battle-history"><br></div><div class="battle-history">Lickilicky, come back!<br></div><div class="battle-history">Go! <strong>Bastiodon</strong>!<br></div><div class="spacer battle-history"><br></div><div class="battle-history">The opposing Smeargle used <strong>Dark Void</strong>!<br></div><div class="battle-history"><small>Bastiodon fell asleep!</small><br></div><div class="spacer battle-history"><br></div><div class="battle-history"><small>Bastiodon restored a little HP using its Leftovers!</small><br></div><div class="battle-history"><small>The opposing Smeargle was hurt by poison!</small><br></div><div class="spacer battle-history"><br></div><h2 class="battle-history">Turn 33</h2><div class="spacer battle-history"><br></div><div class="battle-history">factoryfactory withdrew Smeargle!<br></div><div class="battle-history">factoryfactory sent out Rotom (<strong>Rotom-Frost</strong>)!<br></div><div class="battle-history"><small>Pointed stones dug into the opposing Rotom!</small><br></div><div class="spacer battle-history"><br></div><div class="battle-history">Bastiodon, come back!<br></div><div class="battle-history">Go! <strong>Lickilicky</strong>!<br></div><div class="spacer battle-history"><br></div><div class="battle-history"><small>The opposing Rotom restored a little HP using its Leftovers!</small><br></div><div class="battle-history"><small>The opposing Rotom was hurt by poison!</small><br></div><div class="spacer battle-history"><br></div><h2 class="battle-history">Turn 34</h2><div class="spacer battle-history"><br></div><div class="battle-history">Lickilicky used <strong>Protect</strong>!<br></div><div class="battle-history"><small>Lickilicky protected itself!</small><br></div><div class="spacer battle-history"><br></div><div class="battle-history">The opposing Rotom used <strong>Thunderbolt</strong>!<br></div><div class="battle-history"><small>Lickilicky protected itself!</small><br></div><div class="spacer battle-history"><br></div><div class="battle-history"><small>The opposing Rotom restored a little HP using its Leftovers!</small><br></div><div class="battle-history"><small>The opposing Rotom was hurt by poison!</small><br></div><div class="spacer battle-history"><br></div><div class="battle-history">The opposing Rotom fainted!<br></div><div class="spacer battle-history"><br></div><div class="battle-history">factoryfactory sent out <strong>Golem</strong>!<br></div><div class="battle-history"><small>Pointed stones dug into the opposing Golem!</small><br></div><div class="spacer battle-history"><br></div><h2 class="battle-history">Turn 35</h2><div class="spacer battle-history"><br></div><div class="battle-history">Lickilicky, come back!<br></div><div class="battle-history">Go! <strong>Bastiodon</strong>!<br></div><div class="spacer battle-history"><br></div><div class="battle-history">The opposing Golem used <strong>Earthquake</strong>!<br></div><div class="battle-history"><small>It's super effective!</small><br></div><div class="battle-history"><small>A critical hit!</small><br></div><div class="battle-history"><small>(Bastiodon lost <abbr title="−151/324">46.6%</abbr> of its health!)</small><br></div><div class="spacer battle-history"><br></div><div class="battle-history">Bastiodon fainted!<br></div><div class="spacer battle-history"><br></div><div class="battle-history"><small>The opposing Golem was hurt by poison!</small><br></div><div class="spacer battle-history"><br></div><div class="battle-history">Go! <strong>Avalugg</strong>!<br></div><div class="spacer battle-history"><br></div><h2 class="battle-history">Turn 36</h2><div class="spacer battle-history"><br></div><div class="battle-history">The opposing Golem used <strong>Earthquake</strong>!<br></div><div class="battle-history"><small>(Avalugg lost <abbr title="−130/394">33.0%</abbr> of its health!)</small><br></div><div class="spacer battle-history"><br></div><div class="battle-history">Avalugg used <strong>Recover</strong>!<br></div><div class="battle-history"><small>Avalugg restored its HP.</small><br></div><div class="spacer battle-history"><br></div><div class="battle-history"><small>The opposing Golem was hurt by poison!</small><br></div><div class="spacer battle-history"><br></div><div class="battle-history">The opposing Golem fainted!<br></div><div class="spacer battle-history"><br></div><div class="battle-history">factoryfactory sent out <strong>Smeargle</strong>!<br></div><div class="battle-history"><small>Pointed stones dug into the opposing Smeargle!</small><br></div><div class="spacer battle-history"><br></div><h2 class="battle-history">Turn 37</h2><div class="spacer battle-history"><br></div><div class="battle-history">Avalugg, come back!<br></div><div class="battle-history">Go! <strong>Lickilicky</strong>!<br></div><div class="spacer battle-history"><br></div><div class="battle-history">The opposing Smeargle used <strong>Explosion</strong>!<br></div><div class="battle-history"><small>(Lickilicky lost <abbr title="−142/424">33.5%</abbr> of its health!)</small><br></div><div class="spacer battle-history"><br></div><div class="battle-history">The opposing Smeargle fainted!<br></div><div class="battle-history">Lickilicky fainted!<br></div><div class="spacer battle-history"><br></div><div class="battle-history">factoryfactory sent out <strong>Jumpluff</strong>!<br></div><div class="spacer battle-history"><br></div><div class="battle-history">Go! <strong>Avalugg</strong>!<br></div><div class="battle-history"><small>Pointed stones dug into the opposing Jumpluff!</small><br></div><div class="spacer battle-history"><br></div><h2 class="battle-history">Turn 38</h2><div class="chat chatmessage-inspectorkido"><strong style="color:hsl(45,73%,36%)"><small>☆</small><span class="username" data-name="InspectorKido">InspectorKido</span>:</strong> <em>GG</em></div><div class="spacer battle-history"><br></div><div class="battle-history">The opposing Jumpluff used <strong>Acrobatics</strong>!<br></div><div class="battle-history"><small>(Avalugg lost <abbr title="−54/394">13.7%</abbr> of its health!)</small><br></div><div class="spacer battle-history"><br></div><div class="battle-history">Avalugg used <strong>Avalanche</strong>!<br></div><div class="battle-history"><small>It's super effective!</small><br></div><div class="battle-history"><small>(The opposing Jumpluff lost <abbr title="−21/291">7.2%</abbr> of its health!)</small><br></div><div class="spacer battle-history"><br></div><div class="battle-history">The opposing Jumpluff fainted!<br></div><div class="spacer battle-history"><br></div><div class="battle-history"><strong>InspectorKido</strong> won the battle!<br></div><div class="chat">InspectorKido's rating: 1500 → <strong>1518</strong><br>(+18 for winning)</div><div class="chat">factoryfactory's rating: 1466 → <strong>1448</strong><br>(-18 for losing)</div></div><div class="inner-preempt"></div></div></div>
</div>
<script>
let daily = Math.floor(Date.now()/1000/60/60/24);document.write('<script src="https://play.pokemonshowdown.com/js/replay-embed.js?version'+daily+'"></'+'script>');
</script>
