<!DOCTYPE html>
<meta charset="utf-8" />
<!-- version 1 -->
<title>PU replay: mydreamteamxD vs. 275p</title>
<style>
html,body {font-family:Verdana, sans-serif;font-size:10pt;margin:0;padding:0;}body{padding:12px 0;} .battle-log {font-family:Verdana, sans-serif;font-size:10pt;} .battle-log-inline {border:1px solid #AAAAAA;background:#EEF2F5;color:black;max-width:640px;margin:0 auto 80px;padding-bottom:5px;} .battle-log .inner {padding:4px 8px 0px 8px;} .battle-log .inner-preempt {padding:0 8px 4px 8px;} .battle-log .inner-after {margin-top:0.5em;} .battle-log h2 {margin:0.5em -8px;padding:4px 8px;border:1px solid #AAAAAA;background:#E0E7EA;border-left:0;border-right:0;font-family:Verdana, sans-serif;font-size:13pt;} .battle-log .chat {vertical-align:middle;padding:3px 0 3px 0;font-size:8pt;} .battle-log .chat strong {color:#40576A;} .battle-log .chat em {padding:1px 4px 1px 3px;color:#000000;font-style:normal;} .chat.mine {background:rgba(0,0,0,0.05);margin-left:-8px;margin-right:-8px;padding-left:8px;padding-right:8px;} .spoiler {color:#BBBBBB;background:#BBBBBB;padding:0px 3px;} .spoiler:hover, .spoiler:active, .spoiler-shown {color:#000000;background:#E2E2E2;padding:0px 3px;} .spoiler a {color:#BBBBBB;} .spoiler:hover a, .spoiler:active a, .spoiler-shown a {color:#2288CC;} .chat code, .chat .spoiler:hover code, .chat .spoiler:active code, .chat .spoiler-shown code {border:1px solid #C0C0C0;background:#EEEEEE;color:black;padding:0 2px;} .chat .spoiler code {border:1px solid #CCCCCC;background:#CCCCCC;color:#CCCCCC;} .battle-log .rated {padding:3px 4px;} .battle-log .rated strong {color:white;background:#89A;padding:1px 4px;border-radius:4px;} .spacer {margin-top:0.5em;} .message-announce {background:#6688AA;color:white;padding:1px 4px 2px;} .message-announce a, .broadcast-green a, .broadcast-blue a, .broadcast-red a {color:#DDEEFF;} .broadcast-green {background-color:#559955;color:white;padding:2px 4px;} .broadcast-blue {background-color:#6688AA;color:white;padding:2px 4px;} .infobox {border:1px solid #6688AA;padding:2px 4px;} .infobox-limited {max-height:200px;overflow:auto;overflow-x:hidden;} .broadcast-red {background-color:#AA5544;color:white;padding:2px 4px;} .message-learn-canlearn {font-weight:bold;color:#228822;text-decoration:underline;} .message-learn-cannotlearn {font-weight:bold;color:#CC2222;text-decoration:underline;} .message-effect-weak {font-weight:bold;color:#CC2222;} .message-effect-resist {font-weight:bold;color:#6688AA;} .message-effect-immune {font-weight:bold;color:#666666;} .message-learn-list {margin-top:0;margin-bottom:0;} .message-throttle-notice, .message-error {color:#992222;} .message-overflow, .chat small.message-overflow {font-size:0pt;} .message-overflow::before {font-size:9pt;content:'...';} .subtle {color:#3A4A66;}
</style>
<div class="wrapper replay-wrapper" style="max-width:1180px;margin:0 auto">
<input type="hidden" name="replayid" value="pu-582377948" />
<div class="battle"></div><div class="battle-log"></div><div class="replay-controls"></div><div class="replay-controls-2"></div>
<h1 style="font-weight:normal;text-align:center"><strong>PU</strong><br /><a href="http://pokemonshowdown.com/users/mydreamteamxd" class="subtle" target="_blank">mydreamteamxD</a> vs. <a href="http://pokemonshowdown.com/users/275p" class="subtle" target="_blank">275p</a></h1>
<script type="text/plain" class="battle-log-data">|j|mydreamteamxD
|j|275p
|player|p1|mydreamteamxD|163
|teamsize|p1|6
|player|p2|275p|69
|teamsize|p2|6
|gametype|singles
|gen|6
|tier|PU
|rated
|seed|64938,53761,47368,63372
|rule|Sleep Clause Mod: Limit one foe put to sleep
|rule|Species Clause: Limit one of each Pokémon
|rule|OHKO Clause: OHKO moves are banned
|rule|Moody Clause: Moody is banned
|rule|Evasion Moves Clause: Evasion moves are banned
|rule|Endless Battle Clause: Forcing endless battles is banned
|rule|HP Percentage Mod: HP is shown in percentages
|clearpoke
|poke|p1|Beedrill, F, shiny|item
|poke|p1|Ariados, F|item
|poke|p1|Delcatty, M|item
|poke|p1|Altaria, F|item
|poke|p1|Banette, M|item
|poke|p1|Furret, F, shiny|item
|poke|p2|Whiscash, F|item
|poke|p2|Spinda, F|item
|poke|p2|Leavanny, M|item
|poke|p2|Meowstic, M|item
|poke|p2|Armaldo, M|item
|poke|p2|Swalot, M, shiny|item
|rule|Swagger Clause: Swagger is banned
|rule|Baton Pass Clause: Limit one Baton Passer, can't pass Spe and other stats simultaneously
|teampreview
|choice|team 6, team 2, team 3, team 4, team 5, team 1|team 3, team 2, team 1, team 4, team 5, team 6
|
|start
|switch|p1a: Furret|Furret, F, shiny|374\/374
|switch|p2a: Leavanny|Leavanny, M|291\/291
|turn|1
|choice|move brickbreak|move stickyweb
|
|move|p2a: Leavanny|Sticky Web|p1a: Furret
|-sidestart|p1: mydreamteamxD|move: Sticky Web
|move|p1a: Furret|Brick Break|p2a: Leavanny
|-resisted|p2a: Leavanny
|-damage|p2a: Leavanny|252\/291
|
|upkeep
|turn|2
|choice|move honeclaws|move knockoff
|
|move|p2a: Leavanny|Knock Off|p1a: Furret
|-damage|p1a: Furret|222\/374
|-enditem|p1a: Furret|Focus Sash|[from] move: Knock Off|[of] p2a: Leavanny
|move|p1a: Furret|Hone Claws|p1a: Furret
|-boost|p1a: Furret|atk|1
|-boost|p1a: Furret|accuracy|1
|
|upkeep
|turn|3
|choice|move quickattack|move leafblade
|
|move|p1a: Furret|Quick Attack|p2a: Leavanny
|-damage|p2a: Leavanny|161\/291
|move|p2a: Leavanny|Leaf Blade|p1a: Furret
|-damage|p1a: Furret|24\/374
|
|upkeep
|turn|4
|choice|move brickbreak|move knockoff
|
|move|p2a: Leavanny|Knock Off|p1a: Furret
|-damage|p1a: Furret|0 fnt
|faint|p1a: Furret
|
|upkeep
|choice|switch 2|
|
|switch|p1a: Ariados|Ariados, F|343\/343
|-activate|p1a: Ariados|move: Sticky Web
|-unboost|p1a: Ariados|spe|1
|turn|5
|choice|move stickyweb|move knockoff
|
|move|p2a: Leavanny|Knock Off|p1a: Ariados
|-damage|p1a: Ariados|207\/343
|-enditem|p1a: Ariados|Focus Sash|[from] move: Knock Off|[of] p2a: Leavanny
|move|p1a: Ariados|Sticky Web|p2a: Leavanny
|-sidestart|p2: 275p|move: Sticky Web
|
|upkeep
|turn|6
|choice|move infestation|move knockoff
|
|move|p2a: Leavanny|Knock Off|p1a: Ariados
|-damage|p1a: Ariados|114\/343
|move|p1a: Ariados|Infestation|p2a: Leavanny
|-supereffective|p2a: Leavanny
|-damage|p2a: Leavanny|105\/291
|-activate|p2a: Leavanny|move: Infestation|[of] p1a: Ariados
|
|-damage|p2a: Leavanny|69\/291|[from] move: Infestation|[partiallytrapped]
|upkeep
|turn|7
|choice|move leechlife|move knockoff
|
|move|p2a: Leavanny|Knock Off|p1a: Ariados
|-damage|p1a: Ariados|23\/343
|move|p1a: Ariados|Leech Life|p2a: Leavanny
|-supereffective|p2a: Leavanny
|-crit|p2a: Leavanny
|-damage|p2a: Leavanny|0 fnt
|-heal|p1a: Ariados|58\/343|[from] drain|[of] p2a: Leavanny
|faint|p2a: Leavanny
|
|upkeep
|choice||switch 2
|
|switch|p2a: Spinda|Spinda, F|324\/324
|-activate|p2a: Spinda|move: Sticky Web
|-boost|p2a: Spinda|spe|1
|turn|8
|choice|move infestation|move superpower
|
|move|p2a: Spinda|Superpower|p1a: Ariados
|-resisted|p1a: Ariados
|-damage|p1a: Ariados|25\/343
|-boost|p2a: Spinda|atk|1
|-boost|p2a: Spinda|def|1
|move|p1a: Ariados|Infestation|p2a: Spinda
|-damage|p2a: Spinda|299\/324
|-activate|p2a: Spinda|move: Infestation|[of] p1a: Ariados
|
|-damage|p2a: Spinda|259\/324|[from] move: Infestation|[partiallytrapped]
|upkeep
|turn|9
|choice|move leechlife|move superpower
|
|move|p2a: Spinda|Superpower|p1a: Ariados
|-resisted|p1a: Ariados
|-damage|p1a: Ariados|0 fnt
|-boost|p2a: Spinda|atk|1
|-boost|p2a: Spinda|def|1
|faint|p1a: Ariados
|
|upkeep
|choice|switch 6|
|
|switch|p1a: Beedrill|Beedrill, F, shiny|271\/271
|-activate|p1a: Beedrill|move: Sticky Web
|-unboost|p1a: Beedrill|spe|1
|turn|10
|choice|move uturn|move superpower
|
|move|p2a: Spinda|Superpower|p1a: Beedrill
|-resisted|p1a: Beedrill
|-damage|p1a: Beedrill|178\/271
|-boost|p2a: Spinda|atk|1
|-boost|p2a: Spinda|def|1
|move|p1a: Beedrill|U-turn|p2a: Spinda
|-damage|p2a: Spinda|185\/324
|-damage|p1a: Beedrill|151\/271|[from] item: Life Orb
|choice|switch 3|
|
|switch|p1a: Delcatty|Delcatty, M|281\/281
|-activate|p1a: Delcatty|move: Sticky Web
|-unboost|p1a: Delcatty|spe|1
|
|upkeep
|turn|11
|choice|move fakeout|move drainpunch
|
|move|p1a: Delcatty|Fake Out|p2a: Spinda
|-damage|p2a: Spinda|157\/324
|cant|p2a: Spinda|flinch
|
|upkeep
|turn|12
|choice|move lastresort|move drainpunch
|
|move|p2a: Spinda|Drain Punch|p1a: Delcatty
|-supereffective|p1a: Delcatty
|-damage|p1a: Delcatty|0 fnt
|-heal|p2a: Spinda|298\/324|[from] drain|[of] p1a: Delcatty
|faint|p1a: Delcatty
|
|upkeep
|choice|switch 4|
|
|switch|p1a: Altaria|Altaria, F|354\/354
|turn|13
|choice|move fireblast|move return
|
|move|p2a: Spinda|Return|p1a: Altaria
|-damage|p1a: Altaria|0 fnt
|faint|p1a: Altaria
|
|upkeep
|-message|mydreamteamxD forfeited.
|
|win|275p
|l|mydreamteamxD
|raw|mydreamteamxD's rating: 1000 &rarr; <strong>1000<\/strong><br \/>(+0 for losing)
|raw|275p's rating: 1096 &rarr; <strong>1114<\/strong><br \/>(+18 for winning)</script>
</div>
<div class="battle-log battle-log-inline"><div class="inner"><div class="battle-options"></div><div class="inner"><div class="chat"><small>mydreamteamxD joined.</small></div><div class="chat"><small>275p joined.</small></div><div class=""><small>Format:</small> <br><strong>PU</strong></div><div class="rated"><strong>Rated battle</strong></div><div class=""><small><em>Sleep Clause Mod:</em> Limit one foe put to sleep</small></div><div class=""><small><em>Species Clause:</em> Limit one of each Pokémon</small></div><div class=""><small><em>OHKO Clause:</em> OHKO moves are banned</small></div><div class=""><small><em>Moody Clause:</em> Moody is banned</small></div><div class=""><small><em>Evasion Moves Clause:</em> Evasion moves are banned</small></div><div class=""><small><em>Endless Battle Clause:</em> Forcing endless battles is banned</small></div><div class=""><small><em>HP Percentage Mod:</em> HP is shown in percentages</small></div><div class=""><small><em>Swagger Clause:</em> Swagger is banned</small></div><div class=""><small><em>Baton Pass Clause:</em> Limit one Baton Passer, can't pass Spe and other stats simultaneously</small></div><div class="chat battle-history"><strong>mydreamteamxD's team:</strong> <em style="color:#445566;display:block;">Beedrill / Ariados / Delcatty / Altaria / Banette / Furret</em></div><div class="chat battle-history"><strong>275p's team:</strong> <em style="color:#445566;display:block;">Whiscash / Spinda / Leavanny / Meowstic / Armaldo / Swalot</em></div><div class="spacer battle-history"><br></div><div class="battle-history">Battle started between mydreamteamxD and 275p!<br></div><div class="spacer battle-history"><br></div><div class="battle-history">Go! <strong>Furret</strong>!<br></div><div class="spacer battle-history"><br></div><div class="battle-history">275p sent out <strong>Leavanny</strong>!<br></div><div class="spacer battle-history"><br></div><h2 class="battle-history">Turn 1</h2><div class="spacer battle-history"><br></div><div class="battle-history">The opposing Leavanny used <strong>Sticky Web</strong>!<br></div><div class="battle-history"><small>A sticky web spreads out on the ground around your team!</small><br></div><div class="spacer battle-history"><br></div><div class="battle-history">Furret used <strong>Brick Break</strong>!<br></div><div class="battle-history"><small>It's not very effective...</small><br></div><div class="battle-history"><small>(The opposing Leavanny lost <abbr title="−39/291">13.4%</abbr> of its health!)</small><br></div><div class="spacer battle-history"><br></div><h2 class="battle-history">Turn 2</h2><div class="spacer battle-history"><br></div><div class="battle-history">The opposing Leavanny used <strong>Knock Off</strong>!<br></div><div class="battle-history"><small>(Furret lost <abbr title="−152/374">40.6%</abbr> of its health!)</small><br></div><div class="battle-history"><small>The opposing Leavanny knocked off Furret's Focus Sash!</small><br></div><div class="spacer battle-history"><br></div><div class="battle-history">Furret used <strong>Hone Claws</strong>!<br></div><div class="battle-history"><small>Furret's Attack rose!</small><br></div><div class="battle-history"><small>Furret's accuracy rose!</small><br></div><div class="spacer battle-history"><br></div><h2 class="battle-history">Turn 3</h2><div class="spacer battle-history"><br></div><div class="battle-history">Furret used <strong>Quick Attack</strong>!<br></div><div class="battle-history"><small>(The opposing Leavanny lost <abbr title="−91/291">31.3%</abbr> of its health!)</small><br></div><div class="spacer battle-history"><br></div><div class="battle-history">The opposing Leavanny used <strong>Leaf Blade</strong>!<br></div><div class="battle-history"><small>(Furret lost <abbr title="−198/374">52.9%</abbr> of its health!)</small><br></div><div class="spacer battle-history"><br></div><h2 class="battle-history">Turn 4</h2><div class="spacer battle-history"><br></div><div class="battle-history">The opposing Leavanny used <strong>Knock Off</strong>!<br></div><div class="battle-history"><small>(Furret lost <abbr title="−24/374">6.4%</abbr> of its health!)</small><br></div><div class="spacer battle-history"><br></div><div class="battle-history">Furret fainted!<br></div><div class="spacer battle-history"><br></div><div class="battle-history">Go! <strong>Ariados</strong>!<br></div><div class="battle-history"><small>Ariados was caught in a sticky web!</small><br></div><div class="battle-history"><small>Ariados's Speed fell!</small><br></div><div class="spacer battle-history"><br></div><h2 class="battle-history">Turn 5</h2><div class="spacer battle-history"><br></div><div class="battle-history">The opposing Leavanny used <strong>Knock Off</strong>!<br></div><div class="battle-history"><small>(Ariados lost <abbr title="−136/343">39.7%</abbr> of its health!)</small><br></div><div class="battle-history"><small>The opposing Leavanny knocked off Ariados's Focus Sash!</small><br></div><div class="spacer battle-history"><br></div><div class="battle-history">Ariados used <strong>Sticky Web</strong>!<br></div><div class="battle-history"><small>A sticky web spreads out on the ground around the opposing team!</small><br></div><div class="spacer battle-history"><br></div><h2 class="battle-history">Turn 6</h2><div class="spacer battle-history"><br></div><div class="battle-history">The opposing Leavanny used <strong>Knock Off</strong>!<br></div><div class="battle-history"><small>(Ariados lost <abbr title="−93/343">27.1%</abbr> of its health!)</small><br></div><div class="spacer battle-history"><br></div><div class="battle-history">Ariados used <strong>Infestation</strong>!<br></div><div class="battle-history"><small>It's super effective!</small><br></div><div class="battle-history"><small>(The opposing Leavanny lost <abbr title="−56/291">19.2%</abbr> of its health!)</small><br></div><div class="battle-history"><small>The opposing Leavanny has been afflicted with an infestation by Ariados!</small><br></div><div class="spacer battle-history"><br></div><div class="battle-history"><small>The opposing Leavanny is hurt by Infestation!</small><br></div><div class="spacer battle-history"><br></div><h2 class="battle-history">Turn 7</h2><div class="spacer battle-history"><br></div><div class="battle-history">The opposing Leavanny used <strong>Knock Off</strong>!<br></div><div class="battle-history"><small>(Ariados lost <abbr title="−91/343">26.5%</abbr> of its health!)</small><br></div><div class="spacer battle-history"><br></div><div class="battle-history">Ariados used <strong>Leech Life</strong>!<br></div><div class="battle-history"><small>It's super effective!</small><br></div><div class="battle-history"><small>A critical hit!</small><br></div><div class="battle-history"><small>(The opposing Leavanny lost <abbr title="−69/291">23.7%</abbr> of its health!)</small><br></div><div class="battle-history"><small>The opposing Leavanny had its energy drained!</small><br></div><div class="spacer battle-history"><br></div><div class="battle-history">The opposing Leavanny fainted!<br></div><div class="spacer battle-history"><br></div><div class="battle-history">275p sent out <strong>Spinda</strong>!<br></div><div class="battle-history"><small>The opposing Spinda was caught in a sticky web!</small><br></div><div class="battle-history"><small>The opposing Spinda's Speed rose!</small><br></div><div class="spacer battle-history"><br></div><h2 class="battle-history">Turn 8</h2><div class="spacer battle-history"><br></div><div class="battle-history">The opposing Spinda used <strong>Superpower</strong>!<br></div><div class="battle-history"><small>It's not very effective...</small><br></div><div class="battle-history"><small>(Ariados lost <abbr title="−33/343">9.6%</abbr> of its health!)</small><br></div><div class="battle-history"><small>The opposing Spinda's Attack rose!</small><br></div><div class="battle-history"><small>The opposing Spinda's Defense rose!</small><br></div><div class="spacer battle-history"><br></div><div class="battle-history">Ariados used <strong>Infestation</strong>!<br></div><div class="battle-history"><small>(The opposing Spinda lost <abbr title="−25/324">7.7%</abbr> of its health!)</small><br></div><div class="battle-history"><small>The opposing Spinda has been afflicted with an infestation by Ariados!</small><br></div><div class="spacer battle-history"><br></div><div class="battle-history"><small>The opposing Spinda is hurt by Infestation!</small><br></div><div class="spacer battle-history"><br></div><h2 class="battle-history">Turn 9</h2><div class="spacer battle-history"><br></div><div class="battle-history">The opposing Spinda used <strong>Superpower</strong>!<br></div><div class="battle-history"><small>It's not very effective...</small><br></div><div class="battle-history"><small>(Ariados lost <abbr title="−25/343">7.3%</abbr> of its health!)</small><br></div><div class="battle-history"><small>The opposing Spinda's Attack rose!</small><br></div><div class="battle-history"><small>The opposing Spinda's Defense rose!</small><br></div><div class="spacer battle-history"><br></div><div class="battle-history">Ariados fainted!<br></div><div class="spacer battle-history"><br></div><div class="battle-history">Go! <strong>Beedrill</strong>!<br></div><div class="battle-history"><small>Beedrill was caught in a sticky web!</small><br></div><div class="battle-history"><small>Beedrill's Speed fell!</small><br></div><div class="spacer battle-history"><br></div><h2 class="battle-history">Turn 10</h2><div class="spacer battle-history"><br></div><div class="battle-history">The opposing Spinda used <strong>Superpower</strong>!<br></div><div class="battle-history"><small>It's not very effective...</small><br></div><div class="battle-history"><small>(Beedrill lost <abbr title="−93/271">34.3%</abbr> of its health!)</small><br></div><div class="battle-history"><small>The opposing Spinda's Attack rose!</small><br></div><div class="battle-history"><small>The opposing Spinda's Defense rose!</small><br></div><div class="spacer battle-history"><br></div><div class="battle-history">Beedrill used <strong>U-turn</strong>!<br></div><div class="battle-history"><small>(The opposing Spinda lost <abbr title="−74/324">22.8%</abbr> of its health!)</small><br></div><div class="battle-history"><small>Beedrill lost some of its HP!</small><br></div><div class="spacer battle-history"><br></div><div class="battle-history">Beedrill went back to mydreamteamxD!<br></div><div class="battle-history">Go! <strong>Delcatty</strong>!<br></div><div class="battle-history"><small>Delcatty was caught in a sticky web!</small><br></div><div class="battle-history"><small>Delcatty's Speed fell!</small><br></div><div class="spacer battle-history"><br></div><h2 class="battle-history">Turn 11</h2><div class="spacer battle-history"><br></div><div class="battle-history">Delcatty used <strong>Fake Out</strong>!<br></div><div class="battle-history"><small>(The opposing Spinda lost <abbr title="−28/324">8.6%</abbr> of its health!)</small><br></div><div class="spacer battle-history"><br></div><div class="battle-history">The opposing Spinda flinched and couldn't move!<br></div><div class="spacer battle-history"><br></div><h2 class="battle-history">Turn 12</h2><div class="spacer battle-history"><br></div><div class="battle-history">The opposing Spinda used <strong>Drain Punch</strong>!<br></div><div class="battle-history"><small>It's super effective!</small><br></div><div class="battle-history"><small>(Delcatty lost <abbr title="−281/281">100%</abbr> of its health!)</small><br></div><div class="battle-history"><small>Delcatty had its energy drained!</small><br></div><div class="spacer battle-history"><br></div><div class="battle-history">Delcatty fainted!<br></div><div class="spacer battle-history"><br></div><div class="battle-history">Go! <strong>Altaria</strong>!<br></div><div class="spacer battle-history"><br></div><h2 class="battle-history">Turn 13</h2><div class="spacer battle-history"><br></div><div class="battle-history">The opposing Spinda used <strong>Return</strong>!<br></div><div class="battle-history"><small>(Altaria lost <abbr title="−354/354">100%</abbr> of its health!)</small><br></div><div class="spacer battle-history"><br></div><div class="battle-history">Altaria fainted!<br></div><div class="spacer battle-history"><br></div><div class="battle-history"><small>mydreamteamxD forfeited.</small><br></div><div class="spacer battle-history"><br></div><div class="battle-history"><strong>275p</strong> won the battle!<br></div><div class="chat"><small>mydreamteamxD left.</small></div><div class="chat">mydreamteamxD's rating: 1000 → <strong>1000</strong><br>(+0 for losing)</div><div class="chat">275p's rating: 1096 → <strong>1114</strong><br>(+18 for winning)</div></div><div class="inner-preempt"></div></div></div>
</div>
<script>
let daily = Math.floor(Date.now()/1000/60/60/24);document.write('<script src="https://play.pokemonshowdown.com/js/replay-embed.js?version'+daily+'"></'+'script>');
</script>
