<!DOCTYPE html>
<meta charset="utf-8" />
<!-- version 1 -->
<title>PU replay: MagicTitis vs. Beksel ✘</title>
<style>
html,body {font-family:Verdana, sans-serif;font-size:10pt;margin:0;padding:0;}body{padding:12px 0;} .battle-log {font-family:Verdana, sans-serif;font-size:10pt;} .battle-log-inline {border:1px solid #AAAAAA;background:#EEF2F5;color:black;max-width:640px;margin:0 auto 80px;padding-bottom:5px;} .battle-log .inner {padding:4px 8px 0px 8px;} .battle-log .inner-preempt {padding:0 8px 4px 8px;} .battle-log .inner-after {margin-top:0.5em;} .battle-log h2 {margin:0.5em -8px;padding:4px 8px;border:1px solid #AAAAAA;background:#E0E7EA;border-left:0;border-right:0;font-family:Verdana, sans-serif;font-size:13pt;} .battle-log .chat {vertical-align:middle;padding:3px 0 3px 0;font-size:8pt;} .battle-log .chat strong {color:#40576A;} .battle-log .chat em {padding:1px 4px 1px 3px;color:#000000;font-style:normal;} .chat.mine {background:rgba(0,0,0,0.05);margin-left:-8px;margin-right:-8px;padding-left:8px;padding-right:8px;} .spoiler {color:#BBBBBB;background:#BBBBBB;padding:0px 3px;} .spoiler:hover, .spoiler:active, .spoiler-shown {color:#000000;background:#E2E2E2;padding:0px 3px;} .spoiler a {color:#BBBBBB;} .spoiler:hover a, .spoiler:active a, .spoiler-shown a {color:#2288CC;} .chat code, .chat .spoiler:hover code, .chat .spoiler:active code, .chat .spoiler-shown code {border:1px solid #C0C0C0;background:#EEEEEE;color:black;padding:0 2px;} .chat .spoiler code {border:1px solid #CCCCCC;background:#CCCCCC;color:#CCCCCC;} .battle-log .rated {padding:3px 4px;} .battle-log .rated strong {color:white;background:#89A;padding:1px 4px;border-radius:4px;} .spacer {margin-top:0.5em;} .message-announce {background:#6688AA;color:white;padding:1px 4px 2px;} .message-announce a, .broadcast-green a, .broadcast-blue a, .broadcast-red a {color:#DDEEFF;} .broadcast-green {background-color:#559955;color:white;padding:2px 4px;} .broadcast-blue {background-color:#6688AA;color:white;padding:2px 4px;} .infobox {border:1px solid #6688AA;padding:2px 4px;} .infobox-limited {max-height:200px;overflow:auto;overflow-x:hidden;} .broadcast-red {background-color:#AA5544;color:white;padding:2px 4px;} .message-learn-canlearn {font-weight:bold;color:#228822;text-decoration:underline;} .message-learn-cannotlearn {font-weight:bold;color:#CC2222;text-decoration:underline;} .message-effect-weak {font-weight:bold;color:#CC2222;} .message-effect-resist {font-weight:bold;color:#6688AA;} .message-effect-immune {font-weight:bold;color:#666666;} .message-learn-list {margin-top:0;margin-bottom:0;} .message-throttle-notice, .message-error {color:#992222;} .message-overflow, .chat small.message-overflow {font-size:0pt;} .message-overflow::before {font-size:9pt;content:'...';} .subtle {color:#3A4A66;}
</style>
<div class="wrapper replay-wrapper" style="max-width:1180px;margin:0 auto">
<input type="hidden" name="replayid" value="pokestrat-pu-5320" />
<div class="battle"></div><div class="battle-log"></div><div class="replay-controls"></div><div class="replay-controls-2"></div>
<h1 style="font-weight:normal;text-align:center"><strong>PU</strong><br /><a href="http://pokemonshowdown.com/users/magictitis" class="subtle" target="_blank">MagicTitis</a> vs. <a href="http://pokemonshowdown.com/users/beksel" class="subtle" target="_blank">Beksel ✘</a></h1>
<script type="text/plain" class="battle-log-data">|j|MagicTitis
|j|Beksel ✘
|player|p1|MagicTitis|49
|teamsize|p1|6
|player|p2|Beksel ✘|230
|teamsize|p2|6
|gametype|singles
|gen|6
|tier|PU
|seed|14855,38135,26138,41491
|rule|Sleep Clause Mod: Limit one foe put to sleep
|rule|Species Clause: Limit one of each Pokémon
|rule|OHKO Clause: OHKO moves are banned
|rule|Moody Clause: Moody is banned
|rule|Evasion Moves Clause: Evasion moves are banned
|rule|Endless Battle Clause: Forcing endless battles is banned
|rule|HP Percentage Mod: HP is shown in percentages
|clearpoke
|poke|p1|Golem, M|item
|poke|p1|Leavanny, M|item
|poke|p1|Floatzel, F|item
|poke|p1|Altaria, M|item
|poke|p1|Articuno|item
|poke|p1|Kingler, F|item
|poke|p2|Clefairy, F|item
|poke|p2|Mawile, F|item
|poke|p2|Dodrio, M|item
|poke|p2|Servine, M|item
|poke|p2|Swanna, F|item
|poke|p2|Zebstrika, M|item
|rule|Swagger Clause: Swagger is banned
|rule|Baton Pass Clause: Limit one Baton Passer, can't pass Spe and other stats simultaneously
|teampreview
|c|☆MagicTitis|Gl
|c|☆Beksel ✘|Have Fun!
|j|Tangent Phi^²
|choice|team 2, team 1, team 3, team 4, team 5, team 6|team 6, team 2, team 3, team 4, team 5, team 1
|
|start
|switch|p1a: Leavanny|Leavanny, M|354\/354
|switch|p2a: Zebstrika|Zebstrika, M|291\/291
|turn|1
|choice|move stickyweb|move voltswitch
|
|move|p2a: Zebstrika|Volt Switch|p1a: Leavanny
|-resisted|p1a: Leavanny
|-damage|p1a: Leavanny|289\/354
|-damage|p2a: Zebstrika|262\/291|[from] item: Life Orb
|choice||switch 3
|
|switch|p2a: Dodrio|Dodrio, M|261\/261
|move|p1a: Leavanny|Sticky Web|p2a: Dodrio
|-sidestart|p2: Beksel ✘|move: Sticky Web
|
|upkeep
|turn|2
|choice|move electroweb|move bravebird
|
|move|p2a: Dodrio|Brave Bird|p1a: Leavanny
|-supereffective|p1a: Leavanny
|-damage|p1a: Leavanny|0 fnt
|-damage|p2a: Dodrio|166\/261|[from] Recoil|[of] p1a: Leavanny
|faint|p1a: Leavanny
|
|upkeep
|choice|switch 3|
|
|switch|p1a: Floatzel|Floatzel, F|311\/311
|turn|3
|c|☆Beksel ✘|Tu adapte meme pas ta team a mes poké :(
|c|☆MagicTitis|J'ai pas vraiment eu le temps
|j|Erufun
|choice|move icebeam|move bravebird
|
|move|p2a: Dodrio|Brave Bird|p1a: Floatzel
|-damage|p1a: Floatzel|0 fnt
|-damage|p2a: Dodrio|63\/261|[from] Recoil|[of] p1a: Floatzel
|faint|p1a: Floatzel
|
|upkeep
|c|☆Beksel ✘|gros switch
|choice|switch 2|
|
|switch|p1a: Golem|Golem, M|302\/302
|turn|4
|c|☆MagicTitis|Il est scarf  ton dodrio
|c|☆Beksel ✘|bah y
|choice|move stoneedge|move bravebird
|
|move|p2a: Dodrio|Brave Bird|p1a: Golem
|-resisted|p1a: Golem
|-damage|p1a: Golem|215\/302
|-damage|p2a: Dodrio|34\/261|[from] Recoil|[of] p1a: Golem
|move|p1a: Golem|Stone Edge|p2a: Dodrio
|-supereffective|p2a: Dodrio
|-damage|p2a: Dodrio|0 fnt
|faint|p2a: Dodrio
|
|upkeep
|c|☆Beksel ✘|sinon il aurais pas dépasser leavanny
|choice||switch 4
|
|switch|p2a: Servine|Servine, M|323\/323
|-activate|p2a: Servine|move: Sticky Web
|-boost|p2a: Servine|spe|1
|turn|5
|c|☆MagicTitis|J'avais pas pense
|choice|move firepunch|move leafstorm
|
|move|p2a: Servine|Leaf Storm|p1a: Golem
|-supereffective|p1a: Golem
|-damage|p1a: Golem|0 fnt
|-boost|p2a: Servine|spa|2
|faint|p1a: Golem
|
|upkeep
|choice|switch 5|
|
|switch|p1a: Articuno|Articuno|383\/383
|-ability|p1a: Articuno|Pressure
|turn|6
|c|☆MagicTitis|Je me ferais une team adapté
|c|☆MagicTitis|Ce soir ou demain
|choice|move freezedry|move leafstorm
|
|move|p2a: Servine|Leaf Storm|p1a: Articuno
|-resisted|p1a: Articuno
|-damage|p1a: Articuno|320\/383
|-boost|p2a: Servine|spa|2
|move|p1a: Articuno|Freeze-Dry|p2a: Servine
|-supereffective|p2a: Servine
|-crit|p2a: Servine
|-damage|p2a: Servine|101\/323
|-status|p2a: Servine|frz
|
|-heal|p1a: Articuno|343\/383|[from] item: Leftovers
|upkeep
|turn|7
|c|☆Beksel ✘|gg
|c|☆Beksel ✘|rofl
|c|☆Beksel ✘|rip
|c|☆MagicTitis|Aujourd'hui pas le temps
|c|☆MagicTitis|Gg
|c|☆Beksel ✘|j'avais win
|c|☆MagicTitis|Oui
|c|☆Beksel ✘|j'ai hp rock
|c|☆MagicTitis|Ha OK
|choice|move freezedry|move hiddenpower
|
|-curestatus|p2a: Servine|frz|[msg]
|move|p2a: Servine|Hidden Power|p1a: Articuno
|-supereffective|p1a: Articuno
|-damage|p1a: Articuno|119\/383
|move|p1a: Articuno|Freeze-Dry|p2a: Servine
|-supereffective|p2a: Servine
|-damage|p2a: Servine|0 fnt
|faint|p2a: Servine
|
|-heal|p1a: Articuno|142\/383|[from] item: Leftovers
|upkeep
|c|☆Beksel ✘|ouf
|c|☆Beksel ✘|whut
|c|☆Beksel ✘|defensif
|c|☆MagicTitis|Ha bah rip
|c|☆MagicTitis|J'ai rien dit
|c|☆Beksel ✘|Pk tu joue defensif cuno?
|c|☆MagicTitis|Parce que
|c|☆Beksel ✘|avec defog
|c|☆MagicTitis|Oui
|c|☆Beksel ✘|dans une team web
|c|☆MagicTitis|J'ai pas de rapide spin
|choice||switch 6
|
|switch|p2a: Clefairy|Clefairy, F|343\/343
|-activate|p2a: Clefairy|move: Sticky Web
|-unboost|p2a: Clefairy|spe|1
|turn|8
|c|☆Beksel ✘|Bah tu joue sans
|c|☆MagicTitis|Dans ma draft
|choice|move roost|move thunderwave
|
|move|p1a: Articuno|Roost|p1a: Articuno
|-heal|p1a: Articuno|334\/383
|move|p2a: Clefairy|Thunder Wave|p1a: Articuno
|-status|p1a: Articuno|par
|
|-heal|p1a: Articuno|357\/383 par|[from] item: Leftovers
|upkeep
|turn|9
|choice|move freezedry|move encore
|
|move|p2a: Clefairy|Encore|p1a: Articuno
|-start|p1a: Articuno|Encore
|move|p1a: Articuno|Roost|p1a: Articuno
|-heal|p1a: Articuno|383\/383 par
|
|upkeep
|turn|10
|choice|move roost|move thunderwave
|
|move|p2a: Clefairy|Thunder Wave|p1a: Articuno
|-fail|p1a: Articuno|par
|move|p1a: Articuno|Roost|p1a: Articuno
|-fail|p1a: Articuno
|
|upkeep
|turn|11
|choice|move roost|switch 3
|
|switch|p2a: Zebstrika|Zebstrika, M|262\/291
|-activate|p2a: Zebstrika|move: Sticky Web
|-unboost|p2a: Zebstrika|spe|1
|move|p1a: Articuno|Roost|p1a: Articuno
|-fail|p1a: Articuno
|
|-end|p1a: Articuno|Encore
|upkeep
|turn|12
|choice|switch 4|move voltswitch
|
|switch|p1a: Altaria|Altaria, M|354\/354
|move|p2a: Zebstrika|Volt Switch|p1a: Altaria
|-damage|p1a: Altaria|279\/354
|-damage|p2a: Zebstrika|233\/291|[from] item: Life Orb
|choice||switch 5
|
|switch|p2a: Swanna|Swanna, F|353\/353
|
|-heal|p1a: Altaria|301\/354|[from] item: Leftovers
|upkeep
|turn|13
|choice|move cottonguard|move defog
|
|move|p2a: Swanna|Defog|p1a: Altaria
|-unboost|p1a: Altaria|evasion|1
|-sideend|p2: Beksel ✘|Sticky Web|[from] move: Defog|[of] p2a: Swanna
|move|p1a: Altaria|Cotton Guard|p1a: Altaria
|-boost|p1a: Altaria|def|3
|
|-heal|p1a: Altaria|323\/354|[from] item: Leftovers
|upkeep
|turn|14
|choice|move dragonbreath|switch 2
|
|switch|p2a: Mawile|Mawile, F|304\/304
|-ability|p2a: Mawile|Intimidate|boost
|-unboost|p1a: Altaria|atk|1
|move|p1a: Altaria|Dragon Breath|p2a: Mawile
|-immune|p2a: Mawile|[msg]
|
|-heal|p1a: Altaria|345\/354|[from] item: Leftovers
|upkeep
|turn|15
|choice|switch 6|move stealthrock
|
|switch|p1a: Kingler|Kingler, F|251\/251
|move|p2a: Mawile|Stealth Rock|p1a: Kingler
|-sidestart|p1: MagicTitis|move: Stealth Rock
|
|upkeep
|turn|16
|choice|move crabhammer|move toxic
|
|move|p1a: Kingler|Crabhammer|p2a: Mawile
|-crit|p2a: Mawile
|-damage|p2a: Mawile|0 fnt
|-damage|p1a: Kingler|210\/251|[from] item: Rocky Helmet|[of] p2a: Mawile
|faint|p2a: Mawile
|
|upkeep
|c|☆Beksel ✘|rofl
|choice||switch 5
|
|switch|p2a: Zebstrika|Zebstrika, M|233\/291
|turn|17
|choice|move crabhammer|move thunderbolt
|
|move|p2a: Zebstrika|Thunderbolt|p1a: Kingler
|-supereffective|p1a: Kingler
|-damage|p1a: Kingler|0 fnt
|-damage|p2a: Zebstrika|204\/291|[from] item: Life Orb
|faint|p1a: Kingler
|
|upkeep
|c|☆Beksel ✘|gg
|choice|switch 4|
|
|switch|p1a: Articuno|Articuno|383\/383 par
|-damage|p1a: Articuno|192\/383 par|[from] Stealth Rock
|-ability|p1a: Articuno|Pressure
|turn|18
|c|☆MagicTitis| Gg
|choice|move freezedry|move thunderbolt
|
|move|p2a: Zebstrika|Thunderbolt|p1a: Articuno
|-supereffective|p1a: Articuno
|-damage|p1a: Articuno|18\/383 par
|-damage|p2a: Zebstrika|175\/291|[from] item: Life Orb
|move|p1a: Articuno|Freeze-Dry|p2a: Zebstrika
|-damage|p2a: Zebstrika|64\/291
|
|-heal|p1a: Articuno|41\/383 par|[from] item: Leftovers
|upkeep
|turn|19
|choice|move roost|move thunderbolt
|
|move|p2a: Zebstrika|Thunderbolt|p1a: Articuno
|-supereffective|p1a: Articuno
|-damage|p1a: Articuno|0 fnt
|-damage|p2a: Zebstrika|35\/291|[from] item: Life Orb
|faint|p1a: Articuno
|
|upkeep
|c|☆Beksel ✘|Tu peux très bien te passer de defog vu ta team hein
|c|☆MagicTitis|Ouais
|c|☆Beksel ✘|surtout que ca va a contre sens de leavanny
|c|☆MagicTitis|Je sais
|c|☆MagicTitis|J'ai hésite au début
|c|☆MagicTitis|Je vais m'adapter
|choice|switch 6|
|
|switch|p1a: Altaria|Altaria, M|345\/354
|-damage|p1a: Altaria|257\/354|[from] Stealth Rock
|turn|20
|choice|move dragonbreath|move hiddenpower
|
|move|p2a: Zebstrika|Hidden Power|p1a: Altaria
|-supereffective|p1a: Altaria
|-damage|p1a: Altaria|70\/354
|-damage|p2a: Zebstrika|6\/291|[from] item: Life Orb
|move|p1a: Altaria|Dragon Breath|p2a: Zebstrika
|-crit|p2a: Zebstrika
|-damage|p2a: Zebstrika|0 fnt
|faint|p2a: Zebstrika
|
|-heal|p1a: Altaria|92\/354|[from] item: Leftovers
|upkeep
|choice||switch 3
|
|switch|p2a: Clefairy|Clefairy, F|343\/343
|turn|21
|choice|move dragonbreath|move moonblast
|
|move|p1a: Altaria|Dragon Breath|p2a: Clefairy
|-immune|p2a: Clefairy|[msg]
|move|p2a: Clefairy|Moonblast|p1a: Altaria
|-supereffective|p1a: Altaria
|-damage|p1a: Altaria|0 fnt
|faint|p1a: Altaria
|
|win|Beksel ✘
|c|☆MagicTitis|Seule attaque
|l|Tangent Phi^²
|c|☆Beksel ✘|je sais
|l|MagicTitis
|l|Erufun</script>
</div>
<div class="battle-log battle-log-inline"><div class="inner"><div class="battle-options"></div><div class="inner"><div class="chat"><small>MagicTitis joined.</small></div><div class="chat"><small>Beksel ✘ joined.</small></div><div class=""><small>Format:</small> <br><strong>PU</strong></div><div class=""><small><em>Sleep Clause Mod:</em> Limit one foe put to sleep</small></div><div class=""><small><em>Species Clause:</em> Limit one of each Pokémon</small></div><div class=""><small><em>OHKO Clause:</em> OHKO moves are banned</small></div><div class=""><small><em>Moody Clause:</em> Moody is banned</small></div><div class=""><small><em>Evasion Moves Clause:</em> Evasion moves are banned</small></div><div class=""><small><em>Endless Battle Clause:</em> Forcing endless battles is banned</small></div><div class=""><small><em>HP Percentage Mod:</em> HP is shown in percentages</small></div><div class=""><small><em>Swagger Clause:</em> Swagger is banned</small></div><div class=""><small><em>Baton Pass Clause:</em> Limit one Baton Passer, can't pass Spe and other stats simultaneously</small></div><div class="chat battle-history"><strong>MagicTitis's team:</strong> <em style="color:#445566;display:block;">Golem / Leavanny / Floatzel / Altaria / Articuno / Kingler</em></div><div class="chat battle-history"><strong>Beksel ✘'s team:</strong> <em style="color:#445566;display:block;">Clefairy / Mawile / Dodrio / Servine / Swanna / Zebstrika</em></div><div class="chat chatmessage-magictitis"><strong style="color:hsl(161,41%,36.88683032510188%)"><small>☆</small><span class="username" data-name="MagicTitis">MagicTitis</span>:</strong> <em>Gl</em></div><div class="chat chatmessage-beksel"><strong style="color:hsl(31,69%,45%)"><small>☆</small><span class="username" data-name="Beksel ✘">Beksel ✘</span>:</strong> <em>Have Fun!</em></div><div class="chat"><small>Tangent Phi^² joined.</small></div><div class="spacer battle-history"><br></div><div class="battle-history">Battle started between MagicTitis and Beksel ✘!<br></div><div class="spacer battle-history"><br></div><div class="battle-history">Go! <strong>Leavanny</strong>!<br></div><div class="spacer battle-history"><br></div><div class="battle-history">Beksel ✘ sent out <strong>Zebstrika</strong>!<br></div><div class="spacer battle-history"><br></div><h2 class="battle-history">Turn 1</h2><div class="spacer battle-history"><br></div><div class="battle-history">The opposing Zebstrika used <strong>Volt Switch</strong>!<br></div><div class="battle-history"><small>It's not very effective...</small><br></div><div class="battle-history"><small>(Leavanny lost <abbr title="−65/354">18.4%</abbr> of its health!)</small><br></div><div class="battle-history"><small>The opposing Zebstrika lost some of its HP!</small><br></div><div class="spacer battle-history"><br></div><div class="battle-history">The opposing Zebstrika went back to Beksel ✘!<br></div><div class="battle-history">Beksel ✘ sent out <strong>Dodrio</strong>!<br></div><div class="spacer battle-history"><br></div><div class="battle-history">Leavanny used <strong>Sticky Web</strong>!<br></div><div class="battle-history"><small>A sticky web spreads out on the ground around the opposing team!</small><br></div><div class="spacer battle-history"><br></div><h2 class="battle-history">Turn 2</h2><div class="spacer battle-history"><br></div><div class="battle-history">The opposing Dodrio used <strong>Brave Bird</strong>!<br></div><div class="battle-history"><small>It's super effective!</small><br></div><div class="battle-history"><small>(Leavanny lost <abbr title="−289/354">81.6%</abbr> of its health!)</small><br></div><div class="battle-history"><small>The opposing Dodrio is damaged by the recoil!</small><br></div><div class="spacer battle-history"><br></div><div class="battle-history">Leavanny fainted!<br></div><div class="spacer battle-history"><br></div><div class="battle-history">Go! <strong>Floatzel</strong>!<br></div><div class="spacer battle-history"><br></div><h2 class="battle-history">Turn 3</h2><div class="chat chatmessage-beksel"><strong style="color:hsl(31,69%,45%)"><small>☆</small><span class="username" data-name="Beksel ✘">Beksel ✘</span>:</strong> <em>Tu adapte meme pas ta team a mes poké :(</em></div><div class="chat chatmessage-magictitis"><strong style="color:hsl(161,41%,36.88683032510188%)"><small>☆</small><span class="username" data-name="MagicTitis">MagicTitis</span>:</strong> <em>J'ai pas vraiment eu le temps</em></div><div class="chat"><small>Erufun joined.</small></div><div class="spacer battle-history"><br></div><div class="battle-history">The opposing Dodrio used <strong>Brave Bird</strong>!<br></div><div class="battle-history"><small>(Floatzel lost <abbr title="−311/311">100%</abbr> of its health!)</small><br></div><div class="battle-history"><small>The opposing Dodrio is damaged by the recoil!</small><br></div><div class="spacer battle-history"><br></div><div class="battle-history">Floatzel fainted!<br></div><div class="chat chatmessage-beksel"><strong style="color:hsl(31,69%,45%)"><small>☆</small><span class="username" data-name="Beksel ✘">Beksel ✘</span>:</strong> <em>gros switch</em></div><div class="spacer battle-history"><br></div><div class="battle-history">Go! <strong>Golem</strong>!<br></div><div class="spacer battle-history"><br></div><h2 class="battle-history">Turn 4</h2><div class="chat chatmessage-magictitis"><strong style="color:hsl(161,41%,36.88683032510188%)"><small>☆</small><span class="username" data-name="MagicTitis">MagicTitis</span>:</strong> <em>Il est scarf  ton dodrio</em></div><div class="chat chatmessage-beksel"><strong style="color:hsl(31,69%,45%)"><small>☆</small><span class="username" data-name="Beksel ✘">Beksel ✘</span>:</strong> <em>bah y</em></div><div class="spacer battle-history"><br></div><div class="battle-history">The opposing Dodrio used <strong>Brave Bird</strong>!<br></div><div class="battle-history"><small>It's not very effective...</small><br></div><div class="battle-history"><small>(Golem lost <abbr title="−87/302">28.8%</abbr> of its health!)</small><br></div><div class="battle-history"><small>The opposing Dodrio is damaged by the recoil!</small><br></div><div class="spacer battle-history"><br></div><div class="battle-history">Golem used <strong>Stone Edge</strong>!<br></div><div class="battle-history"><small>It's super effective!</small><br></div><div class="battle-history"><small>(The opposing Dodrio lost <abbr title="−34/261">13.0%</abbr> of its health!)</small><br></div><div class="spacer battle-history"><br></div><div class="battle-history">The opposing Dodrio fainted!<br></div><div class="chat chatmessage-beksel"><strong style="color:hsl(31,69%,45%)"><small>☆</small><span class="username" data-name="Beksel ✘">Beksel ✘</span>:</strong> <em>sinon il aurais pas dépasser leavanny</em></div><div class="spacer battle-history"><br></div><div class="battle-history">Beksel ✘ sent out <strong>Servine</strong>!<br></div><div class="battle-history"><small>The opposing Servine was caught in a sticky web!</small><br></div><div class="battle-history"><small>The opposing Servine's Speed rose!</small><br></div><div class="spacer battle-history"><br></div><h2 class="battle-history">Turn 5</h2><div class="chat chatmessage-magictitis"><strong style="color:hsl(161,41%,36.88683032510188%)"><small>☆</small><span class="username" data-name="MagicTitis">MagicTitis</span>:</strong> <em>J'avais pas pense</em></div><div class="spacer battle-history"><br></div><div class="battle-history">The opposing Servine used <strong>Leaf Storm</strong>!<br></div><div class="battle-history"><small>It's super effective!</small><br></div><div class="battle-history"><small>(Golem lost <abbr title="−215/302">71.2%</abbr> of its health!)</small><br></div><div class="battle-history"><small>The opposing Servine's Special Attack rose sharply!</small><br></div><div class="spacer battle-history"><br></div><div class="battle-history">Golem fainted!<br></div><div class="spacer battle-history"><br></div><div class="battle-history">Go! <strong>Articuno</strong>!<br></div><div class="battle-history"><small>[Articuno's Pressure]</small><br><small>Articuno is exerting its pressure!</small><br></div><div class="spacer battle-history"><br></div><h2 class="battle-history">Turn 6</h2><div class="chat chatmessage-magictitis"><strong style="color:hsl(161,41%,36.88683032510188%)"><small>☆</small><span class="username" data-name="MagicTitis">MagicTitis</span>:</strong> <em>Je me ferais une team adapté</em></div><div class="chat chatmessage-magictitis"><strong style="color:hsl(161,41%,36.88683032510188%)"><small>☆</small><span class="username" data-name="MagicTitis">MagicTitis</span>:</strong> <em>Ce soir ou demain</em></div><div class="spacer battle-history"><br></div><div class="battle-history">The opposing Servine used <strong>Leaf Storm</strong>!<br></div><div class="battle-history"><small>It's not very effective...</small><br></div><div class="battle-history"><small>(Articuno lost <abbr title="−63/383">16.4%</abbr> of its health!)</small><br></div><div class="battle-history"><small>The opposing Servine's Special Attack rose sharply!</small><br></div><div class="spacer battle-history"><br></div><div class="battle-history">Articuno used <strong>Freeze-Dry</strong>!<br></div><div class="battle-history"><small>It's super effective!</small><br></div><div class="battle-history"><small>A critical hit!</small><br></div><div class="battle-history"><small>(The opposing Servine lost <abbr title="−222/323">68.7%</abbr> of its health!)</small><br></div><div class="battle-history"><small>The opposing Servine was frozen solid!</small><br></div><div class="spacer battle-history"><br></div><div class="battle-history"><small>Articuno restored a little HP using its Leftovers!</small><br></div><div class="spacer battle-history"><br></div><h2 class="battle-history">Turn 7</h2><div class="chat chatmessage-beksel"><strong style="color:hsl(31,69%,45%)"><small>☆</small><span class="username" data-name="Beksel ✘">Beksel ✘</span>:</strong> <em>gg</em></div><div class="chat chatmessage-beksel"><strong style="color:hsl(31,69%,45%)"><small>☆</small><span class="username" data-name="Beksel ✘">Beksel ✘</span>:</strong> <em>rofl</em></div><div class="chat chatmessage-beksel"><strong style="color:hsl(31,69%,45%)"><small>☆</small><span class="username" data-name="Beksel ✘">Beksel ✘</span>:</strong> <em>rip</em></div><div class="chat chatmessage-magictitis"><strong style="color:hsl(161,41%,36.88683032510188%)"><small>☆</small><span class="username" data-name="MagicTitis">MagicTitis</span>:</strong> <em>Aujourd'hui pas le temps</em></div><div class="chat chatmessage-magictitis"><strong style="color:hsl(161,41%,36.88683032510188%)"><small>☆</small><span class="username" data-name="MagicTitis">MagicTitis</span>:</strong> <em>Gg</em></div><div class="chat chatmessage-beksel"><strong style="color:hsl(31,69%,45%)"><small>☆</small><span class="username" data-name="Beksel ✘">Beksel ✘</span>:</strong> <em>j'avais win</em></div><div class="chat chatmessage-magictitis"><strong style="color:hsl(161,41%,36.88683032510188%)"><small>☆</small><span class="username" data-name="MagicTitis">MagicTitis</span>:</strong> <em>Oui</em></div><div class="chat chatmessage-beksel"><strong style="color:hsl(31,69%,45%)"><small>☆</small><span class="username" data-name="Beksel ✘">Beksel ✘</span>:</strong> <em>j'ai hp rock</em></div><div class="chat chatmessage-magictitis"><strong style="color:hsl(161,41%,36.88683032510188%)"><small>☆</small><span class="username" data-name="MagicTitis">MagicTitis</span>:</strong> <em>Ha OK</em></div><div class="spacer battle-history"><br></div><div class="battle-history"><small>The opposing Servine thawed out!</small><br></div><div class="spacer battle-history"><br></div><div class="battle-history">The opposing Servine used <strong>Hidden Power</strong>!<br></div><div class="battle-history"><small>It's super effective!</small><br></div><div class="battle-history"><small>(Articuno lost <abbr title="−224/383">58.5%</abbr> of its health!)</small><br></div><div class="spacer battle-history"><br></div><div class="battle-history">Articuno used <strong>Freeze-Dry</strong>!<br></div><div class="battle-history"><small>It's super effective!</small><br></div><div class="battle-history"><small>(The opposing Servine lost <abbr title="−101/323">31.3%</abbr> of its health!)</small><br></div><div class="spacer battle-history"><br></div><div class="battle-history">The opposing Servine fainted!<br></div><div class="spacer battle-history"><br></div><div class="battle-history"><small>Articuno restored a little HP using its Leftovers!</small><br></div><div class="chat chatmessage-beksel"><strong style="color:hsl(31,69%,45%)"><small>☆</small><span class="username" data-name="Beksel ✘">Beksel ✘</span>:</strong> <em>ouf</em></div><div class="chat chatmessage-beksel"><strong style="color:hsl(31,69%,45%)"><small>☆</small><span class="username" data-name="Beksel ✘">Beksel ✘</span>:</strong> <em>whut</em></div><div class="chat chatmessage-beksel"><strong style="color:hsl(31,69%,45%)"><small>☆</small><span class="username" data-name="Beksel ✘">Beksel ✘</span>:</strong> <em>defensif</em></div><div class="chat chatmessage-magictitis"><strong style="color:hsl(161,41%,36.88683032510188%)"><small>☆</small><span class="username" data-name="MagicTitis">MagicTitis</span>:</strong> <em>Ha bah rip</em></div><div class="chat chatmessage-magictitis"><strong style="color:hsl(161,41%,36.88683032510188%)"><small>☆</small><span class="username" data-name="MagicTitis">MagicTitis</span>:</strong> <em>J'ai rien dit</em></div><div class="chat chatmessage-beksel"><strong style="color:hsl(31,69%,45%)"><small>☆</small><span class="username" data-name="Beksel ✘">Beksel ✘</span>:</strong> <em>Pk tu joue defensif cuno?</em></div><div class="chat chatmessage-magictitis"><strong style="color:hsl(161,41%,36.88683032510188%)"><small>☆</small><span class="username" data-name="MagicTitis">MagicTitis</span>:</strong> <em>Parce que</em></div><div class="chat chatmessage-beksel"><strong style="color:hsl(31,69%,45%)"><small>☆</small><span class="username" data-name="Beksel ✘">Beksel ✘</span>:</strong> <em>avec defog</em></div><div class="chat chatmessage-magictitis"><strong style="color:hsl(161,41%,36.88683032510188%)"><small>☆</small><span class="username" data-name="MagicTitis">MagicTitis</span>:</strong> <em>Oui</em></div><div class="chat chatmessage-beksel"><strong style="color:hsl(31,69%,45%)"><small>☆</small><span class="username" data-name="Beksel ✘">Beksel ✘</span>:</strong> <em>dans une team web</em></div><div class="chat chatmessage-magictitis"><strong style="color:hsl(161,41%,36.88683032510188%)"><small>☆</small><span class="username" data-name="MagicTitis">MagicTitis</span>:</strong> <em>J'ai pas de rapide spin</em></div><div class="spacer battle-history"><br></div><div class="battle-history">Beksel ✘ sent out <strong>Clefairy</strong>!<br></div><div class="battle-history"><small>The opposing Clefairy was caught in a sticky web!</small><br></div><div class="battle-history"><small>The opposing Clefairy's Speed fell!</small><br></div><div class="spacer battle-history"><br></div><h2 class="battle-history">Turn 8</h2><div class="chat chatmessage-beksel"><strong style="color:hsl(31,69%,45%)"><small>☆</small><span class="username" data-name="Beksel ✘">Beksel ✘</span>:</strong> <em>Bah tu joue sans</em></div><div class="chat chatmessage-magictitis"><strong style="color:hsl(161,41%,36.88683032510188%)"><small>☆</small><span class="username" data-name="MagicTitis">MagicTitis</span>:</strong> <em>Dans ma draft</em></div><div class="spacer battle-history"><br></div><div class="battle-history">Articuno used <strong>Roost</strong>!<br></div><div class="battle-history"><small>Articuno restored its HP.</small><br></div><div class="spacer battle-history"><br></div><div class="battle-history">The opposing Clefairy used <strong>Thunder Wave</strong>!<br></div><div class="battle-history"><small>Articuno is paralyzed! It may be unable to move!</small><br></div><div class="spacer battle-history"><br></div><div class="battle-history"><small>Articuno restored a little HP using its Leftovers!</small><br></div><div class="spacer battle-history"><br></div><h2 class="battle-history">Turn 9</h2><div class="spacer battle-history"><br></div><div class="battle-history">The opposing Clefairy used <strong>Encore</strong>!<br></div><div class="battle-history"><small>Articuno received an encore!</small><br></div><div class="spacer battle-history"><br></div><div class="battle-history">Articuno used <strong>Roost</strong>!<br></div><div class="battle-history"><small>Articuno restored its HP.</small><br></div><div class="spacer battle-history"><br></div><h2 class="battle-history">Turn 10</h2><div class="spacer battle-history"><br></div><div class="battle-history">The opposing Clefairy used <strong>Thunder Wave</strong>!<br></div><div class="battle-history"><small>Articuno is already paralyzed.</small><br></div><div class="spacer battle-history"><br></div><div class="battle-history">Articuno used <strong>Roost</strong>!<br></div><div class="battle-history"><small>But it failed!</small><br></div><div class="spacer battle-history"><br></div><h2 class="battle-history">Turn 11</h2><div class="spacer battle-history"><br></div><div class="battle-history">Beksel ✘ withdrew Clefairy!<br></div><div class="battle-history">Beksel ✘ sent out <strong>Zebstrika</strong>!<br></div><div class="battle-history"><small>The opposing Zebstrika was caught in a sticky web!</small><br></div><div class="battle-history"><small>The opposing Zebstrika's Speed fell!</small><br></div><div class="spacer battle-history"><br></div><div class="battle-history">Articuno used <strong>Roost</strong>!<br></div><div class="battle-history"><small>But it failed!</small><br></div><div class="spacer battle-history"><br></div><div class="battle-history"><small>Articuno's encore ended!</small><br></div><div class="spacer battle-history"><br></div><h2 class="battle-history">Turn 12</h2><div class="spacer battle-history"><br></div><div class="battle-history">Articuno, come back!<br></div><div class="battle-history">Go! <strong>Altaria</strong>!<br></div><div class="spacer battle-history"><br></div><div class="battle-history">The opposing Zebstrika used <strong>Volt Switch</strong>!<br></div><div class="battle-history"><small>(Altaria lost <abbr title="−75/354">21.2%</abbr> of its health!)</small><br></div><div class="battle-history"><small>The opposing Zebstrika lost some of its HP!</small><br></div><div class="spacer battle-history"><br></div><div class="battle-history">The opposing Zebstrika went back to Beksel ✘!<br></div><div class="battle-history">Beksel ✘ sent out <strong>Swanna</strong>!<br></div><div class="spacer battle-history"><br></div><div class="battle-history"><small>Altaria restored a little HP using its Leftovers!</small><br></div><div class="spacer battle-history"><br></div><h2 class="battle-history">Turn 13</h2><div class="spacer battle-history"><br></div><div class="battle-history">The opposing Swanna used <strong>Defog</strong>!<br></div><div class="battle-history"><small>Altaria's evasiveness fell!</small><br></div><div class="battle-history"><small>The sticky web has disappeared from the ground around the opposing team!</small><br></div><div class="spacer battle-history"><br></div><div class="battle-history">Altaria used <strong>Cotton Guard</strong>!<br></div><div class="battle-history"><small>Altaria's Defense rose drastically!</small><br></div><div class="spacer battle-history"><br></div><div class="battle-history"><small>Altaria restored a little HP using its Leftovers!</small><br></div><div class="spacer battle-history"><br></div><h2 class="battle-history">Turn 14</h2><div class="spacer battle-history"><br></div><div class="battle-history">Beksel ✘ withdrew Swanna!<br></div><div class="battle-history">Beksel ✘ sent out <strong>Mawile</strong>!<br></div><div class="battle-history"><small>[The opposing Mawile's Intimidate]</small><br></div><div class="battle-history"><small>Altaria's Attack fell!</small><br></div><div class="spacer battle-history"><br></div><div class="battle-history">Altaria used <strong>Dragon Breath</strong>!<br></div><div class="battle-history"><small>It doesn't affect the opposing Mawile...</small><br></div><div class="spacer battle-history"><br></div><div class="battle-history"><small>Altaria restored a little HP using its Leftovers!</small><br></div><div class="spacer battle-history"><br></div><h2 class="battle-history">Turn 15</h2><div class="spacer battle-history"><br></div><div class="battle-history">Altaria, come back!<br></div><div class="battle-history">Go! <strong>Kingler</strong>!<br></div><div class="spacer battle-history"><br></div><div class="battle-history">The opposing Mawile used <strong>Stealth Rock</strong>!<br></div><div class="battle-history"><small>Pointed stones float in the air around your team!</small><br></div><div class="spacer battle-history"><br></div><h2 class="battle-history">Turn 16</h2><div class="spacer battle-history"><br></div><div class="battle-history">Kingler used <strong>Crabhammer</strong>!<br></div><div class="battle-history"><small>A critical hit!</small><br></div><div class="battle-history"><small>(The opposing Mawile lost <abbr title="−304/304">100%</abbr> of its health!)</small><br></div><div class="battle-history"><small>Kingler was hurt by the Rocky Helmet!</small><br></div><div class="spacer battle-history"><br></div><div class="battle-history">The opposing Mawile fainted!<br></div><div class="chat chatmessage-beksel"><strong style="color:hsl(31,69%,45%)"><small>☆</small><span class="username" data-name="Beksel ✘">Beksel ✘</span>:</strong> <em>rofl</em></div><div class="spacer battle-history"><br></div><div class="battle-history">Beksel ✘ sent out <strong>Zebstrika</strong>!<br></div><div class="spacer battle-history"><br></div><h2 class="battle-history">Turn 17</h2><div class="spacer battle-history"><br></div><div class="battle-history">The opposing Zebstrika used <strong>Thunderbolt</strong>!<br></div><div class="battle-history"><small>It's super effective!</small><br></div><div class="battle-history"><small>(Kingler lost <abbr title="−210/251">83.7%</abbr> of its health!)</small><br></div><div class="battle-history"><small>The opposing Zebstrika lost some of its HP!</small><br></div><div class="spacer battle-history"><br></div><div class="battle-history">Kingler fainted!<br></div><div class="chat chatmessage-beksel"><strong style="color:hsl(31,69%,45%)"><small>☆</small><span class="username" data-name="Beksel ✘">Beksel ✘</span>:</strong> <em>gg</em></div><div class="spacer battle-history"><br></div><div class="battle-history">Go! <strong>Articuno</strong>!<br></div><div class="battle-history"><small>Pointed stones dug into Articuno!</small><br></div><div class="battle-history"><small>[Articuno's Pressure]</small><br><small>Articuno is exerting its pressure!</small><br></div><div class="spacer battle-history"><br></div><h2 class="battle-history">Turn 18</h2><div class="chat chatmessage-magictitis"><strong style="color:hsl(161,41%,36.88683032510188%)"><small>☆</small><span class="username" data-name="MagicTitis">MagicTitis</span>:</strong> <em> Gg</em></div><div class="spacer battle-history"><br></div><div class="battle-history">The opposing Zebstrika used <strong>Thunderbolt</strong>!<br></div><div class="battle-history"><small>It's super effective!</small><br></div><div class="battle-history"><small>(Articuno lost <abbr title="−174/383">45.4%</abbr> of its health!)</small><br></div><div class="battle-history"><small>The opposing Zebstrika lost some of its HP!</small><br></div><div class="spacer battle-history"><br></div><div class="battle-history">Articuno used <strong>Freeze-Dry</strong>!<br></div><div class="battle-history"><small>(The opposing Zebstrika lost <abbr title="−111/291">38.1%</abbr> of its health!)</small><br></div><div class="spacer battle-history"><br></div><div class="battle-history"><small>Articuno restored a little HP using its Leftovers!</small><br></div><div class="spacer battle-history"><br></div><h2 class="battle-history">Turn 19</h2><div class="spacer battle-history"><br></div><div class="battle-history">The opposing Zebstrika used <strong>Thunderbolt</strong>!<br></div><div class="battle-history"><small>It's super effective!</small><br></div><div class="battle-history"><small>(Articuno lost <abbr title="−41/383">10.7%</abbr> of its health!)</small><br></div><div class="battle-history"><small>The opposing Zebstrika lost some of its HP!</small><br></div><div class="spacer battle-history"><br></div><div class="battle-history">Articuno fainted!<br></div><div class="chat chatmessage-beksel"><strong style="color:hsl(31,69%,45%)"><small>☆</small><span class="username" data-name="Beksel ✘">Beksel ✘</span>:</strong> <em>Tu peux très bien te passer de defog vu ta team hein</em></div><div class="chat chatmessage-magictitis"><strong style="color:hsl(161,41%,36.88683032510188%)"><small>☆</small><span class="username" data-name="MagicTitis">MagicTitis</span>:</strong> <em>Ouais</em></div><div class="chat chatmessage-beksel"><strong style="color:hsl(31,69%,45%)"><small>☆</small><span class="username" data-name="Beksel ✘">Beksel ✘</span>:</strong> <em>surtout que ca va a contre sens de leavanny</em></div><div class="chat chatmessage-magictitis"><strong style="color:hsl(161,41%,36.88683032510188%)"><small>☆</small><span class="username" data-name="MagicTitis">MagicTitis</span>:</strong> <em>Je sais</em></div><div class="chat chatmessage-magictitis"><strong style="color:hsl(161,41%,36.88683032510188%)"><small>☆</small><span class="username" data-name="MagicTitis">MagicTitis</span>:</strong> <em>J'ai hésite au début</em></div><div class="chat chatmessage-magictitis"><strong style="color:hsl(161,41%,36.88683032510188%)"><small>☆</small><span class="username" data-name="MagicTitis">MagicTitis</span>:</strong> <em>Je vais m'adapter</em></div><div class="spacer battle-history"><br></div><div class="battle-history">Go! <strong>Altaria</strong>!<br></div><div class="battle-history"><small>Pointed stones dug into Altaria!</small><br></div><div class="spacer battle-history"><br></div><h2 class="battle-history">Turn 20</h2><div class="spacer battle-history"><br></div><div class="battle-history">The opposing Zebstrika used <strong>Hidden Power</strong>!<br></div><div class="battle-history"><small>It's super effective!</small><br></div><div class="battle-history"><small>(Altaria lost <abbr title="−187/354">52.8%</abbr> of its health!)</small><br></div><div class="battle-history"><small>The opposing Zebstrika lost some of its HP!</small><br></div><div class="spacer battle-history"><br></div><div class="battle-history">Altaria used <strong>Dragon Breath</strong>!<br></div><div class="battle-history"><small>A critical hit!</small><br></div><div class="battle-history"><small>(The opposing Zebstrika lost <abbr title="−6/291">2.1%</abbr> of its health!)</small><br></div><div class="spacer battle-history"><br></div><div class="battle-history">The opposing Zebstrika fainted!<br></div><div class="spacer battle-history"><br></div><div class="battle-history"><small>Altaria restored a little HP using its Leftovers!</small><br></div><div class="spacer battle-history"><br></div><div class="battle-history">Beksel ✘ sent out <strong>Clefairy</strong>!<br></div><div class="spacer battle-history"><br></div><h2 class="battle-history">Turn 21</h2><div class="spacer battle-history"><br></div><div class="battle-history">Altaria used <strong>Dragon Breath</strong>!<br></div><div class="battle-history"><small>It doesn't affect the opposing Clefairy...</small><br></div><div class="spacer battle-history"><br></div><div class="battle-history">The opposing Clefairy used <strong>Moonblast</strong>!<br></div><div class="battle-history"><small>It's super effective!</small><br></div><div class="battle-history"><small>(Altaria lost <abbr title="−92/354">26.0%</abbr> of its health!)</small><br></div><div class="spacer battle-history"><br></div><div class="battle-history">Altaria fainted!<br></div><div class="spacer battle-history"><br></div><div class="battle-history"><strong>Beksel ✘</strong> won the battle!<br></div><div class="chat chatmessage-magictitis"><strong style="color:hsl(161,41%,36.88683032510188%)"><small>☆</small><span class="username" data-name="MagicTitis">MagicTitis</span>:</strong> <em>Seule attaque</em></div><div class="chat"><small>Tangent Phi^² left.</small></div><div class="chat chatmessage-beksel"><strong style="color:hsl(31,69%,45%)"><small>☆</small><span class="username" data-name="Beksel ✘">Beksel ✘</span>:</strong> <em>je sais</em></div><div class="chat"><small>MagicTitis left.</small></div><div class="chat"><small>Erufun left.</small></div></div><div class="inner-preempt"></div></div></div>
</div>
<script>
let daily = Math.floor(Date.now()/1000/60/60/24);document.write('<script src="https://play.pokemonshowdown.com/js/replay-embed.js?version'+daily+'"></'+'script>');
</script>
