<!DOCTYPE html>
<meta charset="utf-8" />
<!-- version 1 -->
<title>PU replay: rksat LA vs. Fireflyfxx</title>
<style>
html,body {font-family:Verdana, sans-serif;font-size:10pt;margin:0;padding:0;}body{padding:12px 0;} .battle-log {font-family:Verdana, sans-serif;font-size:10pt;} .battle-log-inline {border:1px solid #AAAAAA;background:#EEF2F5;color:black;max-width:640px;margin:0 auto 80px;padding-bottom:5px;} .battle-log .inner {padding:4px 8px 0px 8px;} .battle-log .inner-preempt {padding:0 8px 4px 8px;} .battle-log .inner-after {margin-top:0.5em;} .battle-log h2 {margin:0.5em -8px;padding:4px 8px;border:1px solid #AAAAAA;background:#E0E7EA;border-left:0;border-right:0;font-family:Verdana, sans-serif;font-size:13pt;} .battle-log .chat {vertical-align:middle;padding:3px 0 3px 0;font-size:8pt;} .battle-log .chat strong {color:#40576A;} .battle-log .chat em {padding:1px 4px 1px 3px;color:#000000;font-style:normal;} .chat.mine {background:rgba(0,0,0,0.05);margin-left:-8px;margin-right:-8px;padding-left:8px;padding-right:8px;} .spoiler {color:#BBBBBB;background:#BBBBBB;padding:0px 3px;} .spoiler:hover, .spoiler:active, .spoiler-shown {color:#000000;background:#E2E2E2;padding:0px 3px;} .spoiler a {color:#BBBBBB;} .spoiler:hover a, .spoiler:active a, .spoiler-shown a {color:#2288CC;} .chat code, .chat .spoiler:hover code, .chat .spoiler:active code, .chat .spoiler-shown code {border:1px solid #C0C0C0;background:#EEEEEE;color:black;padding:0 2px;} .chat .spoiler code {border:1px solid #CCCCCC;background:#CCCCCC;color:#CCCCCC;} .battle-log .rated {padding:3px 4px;} .battle-log .rated strong {color:white;background:#89A;padding:1px 4px;border-radius:4px;} .spacer {margin-top:0.5em;} .message-announce {background:#6688AA;color:white;padding:1px 4px 2px;} .message-announce a, .broadcast-green a, .broadcast-blue a, .broadcast-red a {color:#DDEEFF;} .broadcast-green {background-color:#559955;color:white;padding:2px 4px;} .broadcast-blue {background-color:#6688AA;color:white;padding:2px 4px;} .infobox {border:1px solid #6688AA;padding:2px 4px;} .infobox-limited {max-height:200px;overflow:auto;overflow-x:hidden;} .broadcast-red {background-color:#AA5544;color:white;padding:2px 4px;} .message-learn-canlearn {font-weight:bold;color:#228822;text-decoration:underline;} .message-learn-cannotlearn {font-weight:bold;color:#CC2222;text-decoration:underline;} .message-effect-weak {font-weight:bold;color:#CC2222;} .message-effect-resist {font-weight:bold;color:#6688AA;} .message-effect-immune {font-weight:bold;color:#666666;} .message-learn-list {margin-top:0;margin-bottom:0;} .message-throttle-notice, .message-error {color:#992222;} .message-overflow, .chat small.message-overflow {font-size:0pt;} .message-overflow::before {font-size:9pt;content:'...';} .subtle {color:#3A4A66;}
</style>
<div class="wrapper replay-wrapper" style="max-width:1180px;margin:0 auto">
<input type="hidden" name="replayid" value="pu-544851823" />
<div class="battle"></div><div class="battle-log"></div><div class="replay-controls"></div><div class="replay-controls-2"></div>
<h1 style="font-weight:normal;text-align:center"><strong>PU</strong><br /><a href="http://pokemonshowdown.com/users/rksatla" class="subtle" target="_blank">rksat LA</a> vs. <a href="http://pokemonshowdown.com/users/fireflyfxx" class="subtle" target="_blank">Fireflyfxx</a></h1>
<script type="text/plain" class="battle-log-data">|j|rksat LA
|j|Fireflyfxx
|player|p1|rksat LA|77
|player|p2|Fireflyfxx|146
|gametype|singles
|gen|6
|tier|PU
|rated
|seed|57304,54208,52756,50696
|rule|Sleep Clause Mod: Limit one foe put to sleep
|rule|Species Clause: Limit one of each Pokémon
|rule|OHKO Clause: OHKO moves are banned
|rule|Moody Clause: Moody is banned
|rule|Evasion Moves Clause: Evasion moves are banned
|rule|Endless Battle Clause: Forcing endless battles is banned
|rule|HP Percentage Mod: HP is shown in percentages
|clearpoke
|poke|p1|Smeargle, M|item
|poke|p1|Clefairy, F|item
|poke|p1|Rampardos, M|item
|poke|p1|Avalugg, M|item
|poke|p1|Politoed, M|item
|poke|p1|Chatot, M|item
|poke|p2|Monferno, M|item
|poke|p2|Grumpig, F|item
|poke|p2|Rotom-Frost|item
|poke|p2|Bouffalant, F|item
|poke|p2|Golem, F|item
|poke|p2|Floatzel, M|item
|rule|Swagger Clause: Swagger is banned
|rule|Baton Pass Clause: Limit one Baton Passer, can't pass Spe and other stats simultaneously
|teampreview
|choice|team 1, team 2, team 3, team 4, team 5, team 6|team 5, team 2, team 3, team 4, team 1, team 6
|
|start
|switch|p1a: Smeargle|Smeargle, M|314\/314
|switch|p2a: Golem|Golem, F|301\/301
|turn|1
|choice|move meanlook|move stealthrock
|
|move|p1a: Smeargle|Mean Look|p2a: Golem
|-activate|p2a: Golem|trapped
|move|p2a: Golem|Stealth Rock|p1a: Smeargle
|-sidestart|p1: rksat LA|move: Stealth Rock
|
|upkeep
|turn|2
|choice|move encore|move rockblast
|
|move|p1a: Smeargle|Encore|p2a: Golem
|-start|p2a: Golem|Encore
|move|p2a: Golem|Stealth Rock|p1a: Smeargle
|-fail|p1a: Smeargle
|
|upkeep
|turn|3
|choice|move flatter|move stealthrock
|
|move|p1a: Smeargle|Flatter|p2a: Golem
|-boost|p2a: Golem|spa|1
|-start|p2a: Golem|confusion
|-activate|p2a: Golem|confusion
|move|p2a: Golem|Stealth Rock|p1a: Smeargle
|-fail|p1a: Smeargle
|
|upkeep
|turn|4
|choice|move flatter|move stealthrock
|
|move|p1a: Smeargle|Flatter|p2a: Golem
|-boost|p2a: Golem|spa|1
|-activate|p2a: Golem|confusion
|-damage|p2a: Golem|259\/301|[from] confusion
|
|-end|p2a: Golem|Encore
|upkeep
|turn|5
|choice|move flatter|move stealthrock
|
|move|p1a: Smeargle|Flatter|p2a: Golem
|-boost|p2a: Golem|spa|1
|-end|p2a: Golem|confusion
|move|p2a: Golem|Stealth Rock|p1a: Smeargle
|-fail|p1a: Smeargle
|
|upkeep
|turn|6
|choice|move encore|move stealthrock
|
|move|p1a: Smeargle|Encore|p2a: Golem
|-start|p2a: Golem|Encore
|move|p2a: Golem|Stealth Rock|p1a: Smeargle
|-fail|p1a: Smeargle
|
|upkeep
|turn|7
|choice|move flatter|move stealthrock
|
|move|p1a: Smeargle|Flatter|p2a: Golem
|-boost|p2a: Golem|spa|1
|-start|p2a: Golem|confusion
|-activate|p2a: Golem|confusion
|move|p2a: Golem|Stealth Rock|p1a: Smeargle
|-fail|p1a: Smeargle
|
|upkeep
|turn|8
|choice|move flatter|move stealthrock
|
|move|p1a: Smeargle|Flatter|p2a: Golem
|-boost|p2a: Golem|spa|1
|-end|p2a: Golem|confusion
|move|p2a: Golem|Stealth Rock|p1a: Smeargle
|-fail|p1a: Smeargle
|
|-end|p2a: Golem|Encore
|upkeep
|turn|9
|choice|move encore|move rockblast
|
|move|p1a: Smeargle|Encore|p2a: Golem
|-start|p2a: Golem|Encore
|move|p2a: Golem|Stealth Rock|p1a: Smeargle
|-fail|p1a: Smeargle
|
|upkeep
|turn|10
|choice|move flatter|move stealthrock
|
|move|p1a: Smeargle|Flatter|p2a: Golem
|-boost|p2a: Golem|spa|1
|-start|p2a: Golem|confusion
|-activate|p2a: Golem|confusion
|-damage|p2a: Golem|217\/301|[from] confusion
|
|upkeep
|turn|11
|choice|move healpulse|move stealthrock
|
|move|p1a: Smeargle|Heal Pulse|p2a: Golem
|-heal|p2a: Golem|301\/301
|-activate|p2a: Golem|confusion
|-damage|p2a: Golem|263\/301|[from] confusion
|
|-end|p2a: Golem|Encore
|upkeep
|turn|12
|choice|move healpulse|move earthquake
|
|move|p1a: Smeargle|Heal Pulse|p2a: Golem
|-heal|p2a: Golem|301\/301
|-activate|p2a: Golem|confusion
|-damage|p2a: Golem|259\/301|[from] confusion
|
|upkeep
|turn|13
|choice|move healpulse|move earthquake
|
|move|p1a: Smeargle|Heal Pulse|p2a: Golem
|-heal|p2a: Golem|301\/301
|-activate|p2a: Golem|confusion
|-damage|p2a: Golem|259\/301|[from] confusion
|
|upkeep
|turn|14
|choice|move healpulse|move earthquake
|
|move|p1a: Smeargle|Heal Pulse|p2a: Golem
|-heal|p2a: Golem|301\/301
|-end|p2a: Golem|confusion
|move|p2a: Golem|Earthquake|p1a: Smeargle
|-enditem|p1a: Smeargle|Focus Sash
|-damage|p1a: Smeargle|1\/314
|
|upkeep
|turn|15
|choice|move encore|move earthquake
|
|move|p1a: Smeargle|Encore|p2a: Golem
|-start|p2a: Golem|Encore
|move|p2a: Golem|Earthquake|p1a: Smeargle
|-damage|p1a: Smeargle|0 fnt
|faint|p1a: Smeargle
|
|upkeep
|choice|switch 3|
|
|switch|p1a: Rampardos|Rampardos, M|335\/335
|-damage|p1a: Rampardos|294\/335|[from] Stealth Rock
|-ability|p1a: Rampardos|Mold Breaker
|turn|16
|choice|move surf|move earthquake
|
|move|p1a: Rampardos|Surf|p2a: Golem
|-supereffective|p2a: Golem
|-damage|p2a: Golem|0 fnt
|faint|p2a: Golem
|
|upkeep
|choice||switch 6
|
|switch|p2a: Floatzel|Floatzel, M|311\/311
|turn|17
|choice|switch 5|move hydropump
|
|switch|p1a: Politoed|Politoed, M|371\/371
|-damage|p1a: Politoed|325\/371|[from] Stealth Rock
|move|p2a: Floatzel|Hydro Pump|p1a: Politoed
|-heal|p1a: Politoed|371\/371|[from] ability: Water Absorb|[of] p2a: Floatzel
|
|upkeep
|turn|18
|choice|move scald|switch 3
|
|switch|p2a: Rotom|Rotom-Frost|241\/241
|move|p1a: Politoed|Scald|p2a: Rotom
|-damage|p2a: Rotom|124\/241
|
|-heal|p2a: Rotom|139\/241|[from] item: Leftovers
|upkeep
|turn|19
|choice|move scald|move substitute
|
|move|p2a: Rotom|Substitute|p2a: Rotom
|-start|p2a: Rotom|Substitute
|-damage|p2a: Rotom|79\/241
|move|p1a: Politoed|Scald|p2a: Rotom
|-end|p2a: Rotom|Substitute
|
|-heal|p2a: Rotom|94\/241|[from] item: Leftovers
|upkeep
|turn|20
|choice|move encore|move substitute
|
|move|p2a: Rotom|Substitute|p2a: Rotom
|-start|p2a: Rotom|Substitute
|-damage|p2a: Rotom|34\/241
|move|p1a: Politoed|Encore|p2a: Rotom
|-start|p2a: Rotom|Encore
|
|-heal|p2a: Rotom|49\/241|[from] item: Leftovers
|upkeep
|turn|21
|choice|move scald|move substitute
|
|move|p2a: Rotom|Substitute|p2a: Rotom
|-fail|p2a: Rotom|move: Substitute
|move|p1a: Politoed|Scald|p2a: Rotom
|-end|p2a: Rotom|Substitute
|
|-heal|p2a: Rotom|64\/241|[from] item: Leftovers
|upkeep
|turn|22
|choice|move scald|switch 3
|
|switch|p2a: Floatzel|Floatzel, M|311\/311
|move|p1a: Politoed|Scald|p2a: Floatzel
|-resisted|p2a: Floatzel
|-damage|p2a: Floatzel|204\/311
|
|upkeep
|turn|23
|choice|move hiddenpower|move hiddenpower
|
|move|p2a: Floatzel|Hidden Power|p1a: Politoed
|-supereffective|p1a: Politoed
|-damage|p1a: Politoed|257\/371
|move|p1a: Politoed|Hidden Power|p2a: Floatzel
|-supereffective|p2a: Floatzel
|-damage|p2a: Floatzel|0 fnt
|faint|p2a: Floatzel
|
|-heal|p1a: Politoed|280\/371|[from] item: Leftovers
|upkeep
|choice||switch 3
|
|switch|p2a: Rotom|Rotom-Frost|64\/241
|turn|24
|choice|move scald|move thunderbolt
|
|move|p2a: Rotom|Thunderbolt|p1a: Politoed
|-supereffective|p1a: Politoed
|-damage|p1a: Politoed|0 fnt
|faint|p1a: Politoed
|
|-heal|p2a: Rotom|79\/241|[from] item: Leftovers
|upkeep
|choice|switch 6|
|
|switch|p1a: Chatot|Chatot, M|293\/293
|-damage|p1a: Chatot|220\/293|[from] Stealth Rock
|turn|25
|choice|move boomburst|move thunderbolt
|
|move|p1a: Chatot|Boomburst|p2a: Rotom
|-damage|p2a: Rotom|0 fnt
|faint|p2a: Rotom
|
|upkeep
|choice||switch 4
|
|switch|p2a: Bouffalant|Bouffalant, F|393\/393
|turn|26
|choice|switch 4|move frustration
|
|switch|p1a: Avalugg|Avalugg, M|393\/393
|-damage|p1a: Avalugg|295\/393|[from] Stealth Rock
|move|p2a: Bouffalant|Frustration|p1a: Avalugg
|-damage|p1a: Avalugg|217\/393
|
|-heal|p1a: Avalugg|241\/393|[from] item: Leftovers
|upkeep
|turn|27
|choice|move rapidspin|move frustration
|
|move|p2a: Bouffalant|Frustration|p1a: Avalugg
|-damage|p1a: Avalugg|159\/393
|move|p1a: Avalugg|Rapid Spin|p2a: Bouffalant
|-damage|p2a: Bouffalant|373\/393
|-sideend|p1: rksat LA|Stealth Rock|[from] move: Rapid Spin|[of] p1a: Avalugg
|
|-heal|p1a: Avalugg|183\/393|[from] item: Leftovers
|upkeep
|turn|28
|choice|move recover|switch 5
|
|switch|p2a: Monferno|Monferno, M|269\/269
|move|p1a: Avalugg|Recover|p1a: Avalugg
|-heal|p1a: Avalugg|380\/393
|
|-heal|p1a: Avalugg|393\/393|[from] item: Leftovers
|upkeep
|turn|29
|choice|switch 2|move swordsdance
|
|switch|p1a: Clefairy|Clefairy, F|344\/344
|move|p2a: Monferno|Swords Dance|p2a: Monferno
|-boost|p2a: Monferno|atk|2
|
|upkeep
|turn|30
|choice|move moonblast|move firepunch
|
|move|p2a: Monferno|Fire Punch|p1a: Clefairy
|-crit|p1a: Clefairy
|-damage|p1a: Clefairy|79\/344
|move|p1a: Clefairy|Moonblast|p2a: Monferno
|-damage|p2a: Monferno|193\/269
|
|upkeep
|turn|31
|choice|move moonblast|move closecombat
|
|move|p2a: Monferno|Close Combat|p1a: Clefairy
|-resisted|p1a: Clefairy
|-damage|p1a: Clefairy|0 fnt
|-unboost|p2a: Monferno|def|1
|-unboost|p2a: Monferno|spd|1
|faint|p1a: Clefairy
|
|upkeep
|choice|switch 4|
|
|switch|p1a: Chatot|Chatot, M|220\/293
|turn|32
|choice|move boomburst|move firepunch
|
|move|p1a: Chatot|Boomburst|p2a: Monferno
|-damage|p2a: Monferno|0 fnt
|faint|p2a: Monferno
|
|upkeep
|choice||switch 2
|
|switch|p2a: Grumpig|Grumpig, F|321\/321
|turn|33
|choice|move boomburst|move focusblast
|
|move|p1a: Chatot|Boomburst|p2a: Grumpig
|-crit|p2a: Grumpig
|-damage|p2a: Grumpig|48\/321
|move|p2a: Grumpig|Focus Blast|p1a: Chatot|[miss]
|-miss|p2a: Grumpig|p1a: Chatot
|
|upkeep
|turn|34
|choice|move boomburst|move psychic
|
|move|p1a: Chatot|Boomburst|p2a: Grumpig
|-damage|p2a: Grumpig|0 fnt
|faint|p2a: Grumpig
|
|upkeep
|choice||switch 5
|
|switch|p2a: Bouffalant|Bouffalant, F|373\/393
|turn|35
|choice|move boomburst|move frustration
|
|move|p1a: Chatot|Boomburst|p2a: Bouffalant
|-damage|p2a: Bouffalant|246\/393
|move|p2a: Bouffalant|Frustration|p1a: Chatot
|-damage|p1a: Chatot|0 fnt
|faint|p1a: Chatot
|
|upkeep
|choice|switch 5|
|
|switch|p1a: Rampardos|Rampardos, M|294\/335
|-ability|p1a: Rampardos|Mold Breaker
|turn|36
|choice|move superpower|move earthquake
|
|move|p1a: Rampardos|Superpower|p2a: Bouffalant
|-supereffective|p2a: Bouffalant
|-damage|p2a: Bouffalant|0 fnt
|-unboost|p1a: Rampardos|atk|1
|-unboost|p1a: Rampardos|def|1
|faint|p2a: Bouffalant
|
|win|rksat LA
|player|p1
|player|p2
|c|☆rksat LA|gg
|l|Fireflyfxx
|raw|rksat LA's rating: 1069 &rarr; <strong>1100<\/strong><br \/>(+31 for winning)
|raw|Fireflyfxx's rating: 1086 &rarr; <strong>1062<\/strong><br \/>(-24 for losing)</script>
</div>
<div class="battle-log battle-log-inline"><div class="inner"><div class="battle-options"></div><div class="inner"><div class="chat"><small>rksat LA joined.</small></div><div class="chat"><small>Fireflyfxx joined.</small></div><div class=""><small>Format:</small> <br><strong>PU</strong></div><div class="rated"><strong>Rated battle</strong></div><div class=""><small><em>Sleep Clause Mod:</em> Limit one foe put to sleep</small></div><div class=""><small><em>Species Clause:</em> Limit one of each Pokémon</small></div><div class=""><small><em>OHKO Clause:</em> OHKO moves are banned</small></div><div class=""><small><em>Moody Clause:</em> Moody is banned</small></div><div class=""><small><em>Evasion Moves Clause:</em> Evasion moves are banned</small></div><div class=""><small><em>Endless Battle Clause:</em> Forcing endless battles is banned</small></div><div class=""><small><em>HP Percentage Mod:</em> HP is shown in percentages</small></div><div class=""><small><em>Swagger Clause:</em> Swagger is banned</small></div><div class=""><small><em>Baton Pass Clause:</em> Limit one Baton Passer, can't pass Spe and other stats simultaneously</small></div><div class="chat battle-history"><strong>rksat LA's team:</strong> <em style="color:#445566;display:block;">Smeargle / Clefairy / Rampardos / Avalugg / Politoed / Chatot</em></div><div class="chat battle-history"><strong>Fireflyfxx's team:</strong> <em style="color:#445566;display:block;">Monferno / Grumpig / Rotom-Frost / Bouffalant / Golem / Floatzel</em></div><div class="spacer battle-history"><br></div><div class="battle-history">Battle started between rksat LA and Fireflyfxx!<br></div><div class="spacer battle-history"><br></div><div class="battle-history">Go! <strong>Smeargle</strong>!<br></div><div class="spacer battle-history"><br></div><div class="battle-history">Fireflyfxx sent out <strong>Golem</strong>!<br></div><div class="spacer battle-history"><br></div><h2 class="battle-history">Turn 1</h2><div class="spacer battle-history"><br></div><div class="battle-history">Smeargle used <strong>Mean Look</strong>!<br></div><div class="battle-history"><small>The opposing Golem can no longer escape!</small><br></div><div class="spacer battle-history"><br></div><div class="battle-history">The opposing Golem used <strong>Stealth Rock</strong>!<br></div><div class="battle-history"><small>Pointed stones float in the air around your team!</small><br></div><div class="spacer battle-history"><br></div><h2 class="battle-history">Turn 2</h2><div class="spacer battle-history"><br></div><div class="battle-history">Smeargle used <strong>Encore</strong>!<br></div><div class="battle-history"><small>The opposing Golem received an encore!</small><br></div><div class="spacer battle-history"><br></div><div class="battle-history">The opposing Golem used <strong>Stealth Rock</strong>!<br></div><div class="battle-history"><small>But it failed!</small><br></div><div class="spacer battle-history"><br></div><h2 class="battle-history">Turn 3</h2><div class="spacer battle-history"><br></div><div class="battle-history">Smeargle used <strong>Flatter</strong>!<br></div><div class="battle-history"><small>The opposing Golem's Special Attack rose!</small><br></div><div class="battle-history"><small>The opposing Golem became confused!</small><br></div><div class="spacer battle-history"><br></div><div class="battle-history"><small>The opposing Golem is confused!</small><br></div><div class="battle-history">The opposing Golem used <strong>Stealth Rock</strong>!<br></div><div class="battle-history"><small>But it failed!</small><br></div><div class="spacer battle-history"><br></div><h2 class="battle-history">Turn 4</h2><div class="spacer battle-history"><br></div><div class="battle-history">Smeargle used <strong>Flatter</strong>!<br></div><div class="battle-history"><small>The opposing Golem's Special Attack rose!</small><br></div><div class="spacer battle-history"><br></div><div class="battle-history"><small>The opposing Golem is confused!</small><br></div><div class="battle-history">It hurt itself in its confusion!<br></div><div class="spacer battle-history"><br></div><div class="battle-history"><small>The opposing Golem's encore ended!</small><br></div><div class="spacer battle-history"><br></div><h2 class="battle-history">Turn 5</h2><div class="spacer battle-history"><br></div><div class="battle-history">Smeargle used <strong>Flatter</strong>!<br></div><div class="battle-history"><small>The opposing Golem's Special Attack rose!</small><br></div><div class="battle-history"><small>The opposing Golem snapped out of its confusion!</small><br></div><div class="spacer battle-history"><br></div><div class="battle-history">The opposing Golem used <strong>Stealth Rock</strong>!<br></div><div class="battle-history"><small>But it failed!</small><br></div><div class="spacer battle-history"><br></div><h2 class="battle-history">Turn 6</h2><div class="spacer battle-history"><br></div><div class="battle-history">Smeargle used <strong>Encore</strong>!<br></div><div class="battle-history"><small>The opposing Golem received an encore!</small><br></div><div class="spacer battle-history"><br></div><div class="battle-history">The opposing Golem used <strong>Stealth Rock</strong>!<br></div><div class="battle-history"><small>But it failed!</small><br></div><div class="spacer battle-history"><br></div><h2 class="battle-history">Turn 7</h2><div class="spacer battle-history"><br></div><div class="battle-history">Smeargle used <strong>Flatter</strong>!<br></div><div class="battle-history"><small>The opposing Golem's Special Attack rose!</small><br></div><div class="battle-history"><small>The opposing Golem became confused!</small><br></div><div class="spacer battle-history"><br></div><div class="battle-history"><small>The opposing Golem is confused!</small><br></div><div class="battle-history">The opposing Golem used <strong>Stealth Rock</strong>!<br></div><div class="battle-history"><small>But it failed!</small><br></div><div class="spacer battle-history"><br></div><h2 class="battle-history">Turn 8</h2><div class="spacer battle-history"><br></div><div class="battle-history">Smeargle used <strong>Flatter</strong>!<br></div><div class="battle-history"><small>The opposing Golem's Special Attack rose!</small><br></div><div class="battle-history"><small>The opposing Golem snapped out of its confusion!</small><br></div><div class="spacer battle-history"><br></div><div class="battle-history">The opposing Golem used <strong>Stealth Rock</strong>!<br></div><div class="battle-history"><small>But it failed!</small><br></div><div class="spacer battle-history"><br></div><div class="battle-history"><small>The opposing Golem's encore ended!</small><br></div><div class="spacer battle-history"><br></div><h2 class="battle-history">Turn 9</h2><div class="spacer battle-history"><br></div><div class="battle-history">Smeargle used <strong>Encore</strong>!<br></div><div class="battle-history"><small>The opposing Golem received an encore!</small><br></div><div class="spacer battle-history"><br></div><div class="battle-history">The opposing Golem used <strong>Stealth Rock</strong>!<br></div><div class="battle-history"><small>But it failed!</small><br></div><div class="spacer battle-history"><br></div><h2 class="battle-history">Turn 10</h2><div class="spacer battle-history"><br></div><div class="battle-history">Smeargle used <strong>Flatter</strong>!<br></div><div class="battle-history"><small>The opposing Golem's Special Attack rose!</small><br></div><div class="battle-history"><small>The opposing Golem became confused!</small><br></div><div class="spacer battle-history"><br></div><div class="battle-history"><small>The opposing Golem is confused!</small><br></div><div class="battle-history">It hurt itself in its confusion!<br></div><div class="spacer battle-history"><br></div><h2 class="battle-history">Turn 11</h2><div class="spacer battle-history"><br></div><div class="battle-history">Smeargle used <strong>Heal Pulse</strong>!<br></div><div class="battle-history"><small>The opposing Golem restored its HP.</small><br></div><div class="spacer battle-history"><br></div><div class="battle-history"><small>The opposing Golem is confused!</small><br></div><div class="battle-history">It hurt itself in its confusion!<br></div><div class="spacer battle-history"><br></div><div class="battle-history"><small>The opposing Golem's encore ended!</small><br></div><div class="spacer battle-history"><br></div><h2 class="battle-history">Turn 12</h2><div class="spacer battle-history"><br></div><div class="battle-history">Smeargle used <strong>Heal Pulse</strong>!<br></div><div class="battle-history"><small>The opposing Golem restored its HP.</small><br></div><div class="spacer battle-history"><br></div><div class="battle-history"><small>The opposing Golem is confused!</small><br></div><div class="battle-history">It hurt itself in its confusion!<br></div><div class="spacer battle-history"><br></div><h2 class="battle-history">Turn 13</h2><div class="spacer battle-history"><br></div><div class="battle-history">Smeargle used <strong>Heal Pulse</strong>!<br></div><div class="battle-history"><small>The opposing Golem restored its HP.</small><br></div><div class="spacer battle-history"><br></div><div class="battle-history"><small>The opposing Golem is confused!</small><br></div><div class="battle-history">It hurt itself in its confusion!<br></div><div class="spacer battle-history"><br></div><h2 class="battle-history">Turn 14</h2><div class="spacer battle-history"><br></div><div class="battle-history">Smeargle used <strong>Heal Pulse</strong>!<br></div><div class="battle-history"><small>The opposing Golem restored its HP.</small><br></div><div class="battle-history"><small>The opposing Golem snapped out of its confusion!</small><br></div><div class="spacer battle-history"><br></div><div class="battle-history">The opposing Golem used <strong>Earthquake</strong>!<br></div><div class="battle-history"><small>Smeargle hung on using its Focus Sash!</small><br></div><div class="battle-history"><small>(Smeargle lost <abbr title="−313/314">99.7%</abbr> of its health!)</small><br></div><div class="spacer battle-history"><br></div><h2 class="battle-history">Turn 15</h2><div class="spacer battle-history"><br></div><div class="battle-history">Smeargle used <strong>Encore</strong>!<br></div><div class="battle-history"><small>The opposing Golem received an encore!</small><br></div><div class="spacer battle-history"><br></div><div class="battle-history">The opposing Golem used <strong>Earthquake</strong>!<br></div><div class="battle-history"><small>(Smeargle lost <abbr title="−1/314">0.3%</abbr> of its health!)</small><br></div><div class="spacer battle-history"><br></div><div class="battle-history">Smeargle fainted!<br></div><div class="spacer battle-history"><br></div><div class="battle-history">Go! <strong>Rampardos</strong>!<br></div><div class="battle-history"><small>Pointed stones dug into Rampardos!</small><br></div><div class="battle-history"><small>[Rampardos's Mold Breaker]</small><br><small>Rampardos breaks the mold!</small><br></div><div class="spacer battle-history"><br></div><h2 class="battle-history">Turn 16</h2><div class="spacer battle-history"><br></div><div class="battle-history">Rampardos used <strong>Surf</strong>!<br></div><div class="battle-history"><small>It's super effective!</small><br></div><div class="battle-history"><small>(The opposing Golem lost <abbr title="−301/301">100%</abbr> of its health!)</small><br></div><div class="spacer battle-history"><br></div><div class="battle-history">The opposing Golem fainted!<br></div><div class="spacer battle-history"><br></div><div class="battle-history">Fireflyfxx sent out <strong>Floatzel</strong>!<br></div><div class="spacer battle-history"><br></div><h2 class="battle-history">Turn 17</h2><div class="spacer battle-history"><br></div><div class="battle-history">Rampardos, come back!<br></div><div class="battle-history">Go! <strong>Politoed</strong>!<br></div><div class="battle-history"><small>Pointed stones dug into Politoed!</small><br></div><div class="spacer battle-history"><br></div><div class="battle-history">The opposing Floatzel used <strong>Hydro Pump</strong>!<br></div><div class="battle-history"><small>[Politoed's Water Absorb]</small><br><small>Politoed restored its HP.</small><br></div><div class="spacer battle-history"><br></div><h2 class="battle-history">Turn 18</h2><div class="spacer battle-history"><br></div><div class="battle-history">Fireflyfxx withdrew Floatzel!<br></div><div class="battle-history">Fireflyfxx sent out Rotom (<strong>Rotom-Frost</strong>)!<br></div><div class="spacer battle-history"><br></div><div class="battle-history">Politoed used <strong>Scald</strong>!<br></div><div class="battle-history"><small>(The opposing Rotom lost <abbr title="−117/241">48.5%</abbr> of its health!)</small><br></div><div class="spacer battle-history"><br></div><div class="battle-history"><small>The opposing Rotom restored a little HP using its Leftovers!</small><br></div><div class="spacer battle-history"><br></div><h2 class="battle-history">Turn 19</h2><div class="spacer battle-history"><br></div><div class="battle-history">The opposing Rotom used <strong>Substitute</strong>!<br></div><div class="battle-history"><small>The opposing Rotom put in a substitute!</small><br></div><div class="battle-history"><small>(The opposing Rotom lost <abbr title="−60/241">24.9%</abbr> of its health!)</small><br></div><div class="spacer battle-history"><br></div><div class="battle-history">Politoed used <strong>Scald</strong>!<br></div><div class="battle-history"><small>The opposing Rotom's substitute faded!</small><br></div><div class="spacer battle-history"><br></div><div class="battle-history"><small>The opposing Rotom restored a little HP using its Leftovers!</small><br></div><div class="spacer battle-history"><br></div><h2 class="battle-history">Turn 20</h2><div class="spacer battle-history"><br></div><div class="battle-history">The opposing Rotom used <strong>Substitute</strong>!<br></div><div class="battle-history"><small>The opposing Rotom put in a substitute!</small><br></div><div class="battle-history"><small>(The opposing Rotom lost <abbr title="−60/241">24.9%</abbr> of its health!)</small><br></div><div class="spacer battle-history"><br></div><div class="battle-history">Politoed used <strong>Encore</strong>!<br></div><div class="battle-history"><small>The opposing Rotom received an encore!</small><br></div><div class="spacer battle-history"><br></div><div class="battle-history"><small>The opposing Rotom restored a little HP using its Leftovers!</small><br></div><div class="spacer battle-history"><br></div><h2 class="battle-history">Turn 21</h2><div class="spacer battle-history"><br></div><div class="battle-history">The opposing Rotom used <strong>Substitute</strong>!<br></div><div class="battle-history"><small>The opposing Rotom already has a substitute!</small><br></div><div class="spacer battle-history"><br></div><div class="battle-history">Politoed used <strong>Scald</strong>!<br></div><div class="battle-history"><small>The opposing Rotom's substitute faded!</small><br></div><div class="spacer battle-history"><br></div><div class="battle-history"><small>The opposing Rotom restored a little HP using its Leftovers!</small><br></div><div class="spacer battle-history"><br></div><h2 class="battle-history">Turn 22</h2><div class="spacer battle-history"><br></div><div class="battle-history">Fireflyfxx withdrew Rotom!<br></div><div class="battle-history">Fireflyfxx sent out <strong>Floatzel</strong>!<br></div><div class="spacer battle-history"><br></div><div class="battle-history">Politoed used <strong>Scald</strong>!<br></div><div class="battle-history"><small>It's not very effective...</small><br></div><div class="battle-history"><small>(The opposing Floatzel lost <abbr title="−107/311">34.4%</abbr> of its health!)</small><br></div><div class="spacer battle-history"><br></div><h2 class="battle-history">Turn 23</h2><div class="spacer battle-history"><br></div><div class="battle-history">The opposing Floatzel used <strong>Hidden Power</strong>!<br></div><div class="battle-history"><small>It's super effective!</small><br></div><div class="battle-history"><small>(Politoed lost <abbr title="−114/371">30.7%</abbr> of its health!)</small><br></div><div class="spacer battle-history"><br></div><div class="battle-history">Politoed used <strong>Hidden Power</strong>!<br></div><div class="battle-history"><small>It's super effective!</small><br></div><div class="battle-history"><small>(The opposing Floatzel lost <abbr title="−204/311">65.6%</abbr> of its health!)</small><br></div><div class="spacer battle-history"><br></div><div class="battle-history">The opposing Floatzel fainted!<br></div><div class="spacer battle-history"><br></div><div class="battle-history"><small>Politoed restored a little HP using its Leftovers!</small><br></div><div class="spacer battle-history"><br></div><div class="battle-history">Fireflyfxx sent out Rotom (<strong>Rotom-Frost</strong>)!<br></div><div class="spacer battle-history"><br></div><h2 class="battle-history">Turn 24</h2><div class="spacer battle-history"><br></div><div class="battle-history">The opposing Rotom used <strong>Thunderbolt</strong>!<br></div><div class="battle-history"><small>It's super effective!</small><br></div><div class="battle-history"><small>(Politoed lost <abbr title="−280/371">75.5%</abbr> of its health!)</small><br></div><div class="spacer battle-history"><br></div><div class="battle-history">Politoed fainted!<br></div><div class="spacer battle-history"><br></div><div class="battle-history"><small>The opposing Rotom restored a little HP using its Leftovers!</small><br></div><div class="spacer battle-history"><br></div><div class="battle-history">Go! <strong>Chatot</strong>!<br></div><div class="battle-history"><small>Pointed stones dug into Chatot!</small><br></div><div class="spacer battle-history"><br></div><h2 class="battle-history">Turn 25</h2><div class="spacer battle-history"><br></div><div class="battle-history">Chatot used <strong>Boomburst</strong>!<br></div><div class="battle-history"><small>(The opposing Rotom lost <abbr title="−79/241">32.8%</abbr> of its health!)</small><br></div><div class="spacer battle-history"><br></div><div class="battle-history">The opposing Rotom fainted!<br></div><div class="spacer battle-history"><br></div><div class="battle-history">Fireflyfxx sent out <strong>Bouffalant</strong>!<br></div><div class="spacer battle-history"><br></div><h2 class="battle-history">Turn 26</h2><div class="spacer battle-history"><br></div><div class="battle-history">Chatot, come back!<br></div><div class="battle-history">Go! <strong>Avalugg</strong>!<br></div><div class="battle-history"><small>Pointed stones dug into Avalugg!</small><br></div><div class="spacer battle-history"><br></div><div class="battle-history">The opposing Bouffalant used <strong>Frustration</strong>!<br></div><div class="battle-history"><small>(Avalugg lost <abbr title="−78/393">19.8%</abbr> of its health!)</small><br></div><div class="spacer battle-history"><br></div><div class="battle-history"><small>Avalugg restored a little HP using its Leftovers!</small><br></div><div class="spacer battle-history"><br></div><h2 class="battle-history">Turn 27</h2><div class="spacer battle-history"><br></div><div class="battle-history">The opposing Bouffalant used <strong>Frustration</strong>!<br></div><div class="battle-history"><small>(Avalugg lost <abbr title="−82/393">20.9%</abbr> of its health!)</small><br></div><div class="spacer battle-history"><br></div><div class="battle-history">Avalugg used <strong>Rapid Spin</strong>!<br></div><div class="battle-history"><small>(The opposing Bouffalant lost <abbr title="−20/393">5.1%</abbr> of its health!)</small><br></div><div class="battle-history"><small>The pointed stones disappeared from around your team!</small><br></div><div class="spacer battle-history"><br></div><div class="battle-history"><small>Avalugg restored a little HP using its Leftovers!</small><br></div><div class="spacer battle-history"><br></div><h2 class="battle-history">Turn 28</h2><div class="spacer battle-history"><br></div><div class="battle-history">Fireflyfxx withdrew Bouffalant!<br></div><div class="battle-history">Fireflyfxx sent out <strong>Monferno</strong>!<br></div><div class="spacer battle-history"><br></div><div class="battle-history">Avalugg used <strong>Recover</strong>!<br></div><div class="battle-history"><small>Avalugg restored its HP.</small><br></div><div class="spacer battle-history"><br></div><div class="battle-history"><small>Avalugg restored a little HP using its Leftovers!</small><br></div><div class="spacer battle-history"><br></div><h2 class="battle-history">Turn 29</h2><div class="spacer battle-history"><br></div><div class="battle-history">Avalugg, come back!<br></div><div class="battle-history">Go! <strong>Clefairy</strong>!<br></div><div class="spacer battle-history"><br></div><div class="battle-history">The opposing Monferno used <strong>Swords Dance</strong>!<br></div><div class="battle-history"><small>The opposing Monferno's Attack rose sharply!</small><br></div><div class="spacer battle-history"><br></div><h2 class="battle-history">Turn 30</h2><div class="spacer battle-history"><br></div><div class="battle-history">The opposing Monferno used <strong>Fire Punch</strong>!<br></div><div class="battle-history"><small>A critical hit!</small><br></div><div class="battle-history"><small>(Clefairy lost <abbr title="−265/344">77.0%</abbr> of its health!)</small><br></div><div class="spacer battle-history"><br></div><div class="battle-history">Clefairy used <strong>Moonblast</strong>!<br></div><div class="battle-history"><small>(The opposing Monferno lost <abbr title="−76/269">28.3%</abbr> of its health!)</small><br></div><div class="spacer battle-history"><br></div><h2 class="battle-history">Turn 31</h2><div class="spacer battle-history"><br></div><div class="battle-history">The opposing Monferno used <strong>Close Combat</strong>!<br></div><div class="battle-history"><small>It's not very effective...</small><br></div><div class="battle-history"><small>(Clefairy lost <abbr title="−79/344">23.0%</abbr> of its health!)</small><br></div><div class="battle-history"><small>The opposing Monferno's Defense fell!</small><br></div><div class="battle-history"><small>The opposing Monferno's Special Defense fell!</small><br></div><div class="spacer battle-history"><br></div><div class="battle-history">Clefairy fainted!<br></div><div class="spacer battle-history"><br></div><div class="battle-history">Go! <strong>Chatot</strong>!<br></div><div class="spacer battle-history"><br></div><h2 class="battle-history">Turn 32</h2><div class="spacer battle-history"><br></div><div class="battle-history">Chatot used <strong>Boomburst</strong>!<br></div><div class="battle-history"><small>(The opposing Monferno lost <abbr title="−193/269">71.7%</abbr> of its health!)</small><br></div><div class="spacer battle-history"><br></div><div class="battle-history">The opposing Monferno fainted!<br></div><div class="spacer battle-history"><br></div><div class="battle-history">Fireflyfxx sent out <strong>Grumpig</strong>!<br></div><div class="spacer battle-history"><br></div><h2 class="battle-history">Turn 33</h2><div class="spacer battle-history"><br></div><div class="battle-history">Chatot used <strong>Boomburst</strong>!<br></div><div class="battle-history"><small>A critical hit!</small><br></div><div class="battle-history"><small>(The opposing Grumpig lost <abbr title="−273/321">85.0%</abbr> of its health!)</small><br></div><div class="spacer battle-history"><br></div><div class="battle-history">The opposing Grumpig used <strong>Focus Blast</strong>!<br></div><div class="battle-history"><small>Chatot avoided the attack!</small><br></div><div class="spacer battle-history"><br></div><h2 class="battle-history">Turn 34</h2><div class="spacer battle-history"><br></div><div class="battle-history">Chatot used <strong>Boomburst</strong>!<br></div><div class="battle-history"><small>(The opposing Grumpig lost <abbr title="−48/321">15.0%</abbr> of its health!)</small><br></div><div class="spacer battle-history"><br></div><div class="battle-history">The opposing Grumpig fainted!<br></div><div class="spacer battle-history"><br></div><div class="battle-history">Fireflyfxx sent out <strong>Bouffalant</strong>!<br></div><div class="spacer battle-history"><br></div><h2 class="battle-history">Turn 35</h2><div class="spacer battle-history"><br></div><div class="battle-history">Chatot used <strong>Boomburst</strong>!<br></div><div class="battle-history"><small>(The opposing Bouffalant lost <abbr title="−127/393">32.3%</abbr> of its health!)</small><br></div><div class="spacer battle-history"><br></div><div class="battle-history">The opposing Bouffalant used <strong>Frustration</strong>!<br></div><div class="battle-history"><small>(Chatot lost <abbr title="−220/293">75.1%</abbr> of its health!)</small><br></div><div class="spacer battle-history"><br></div><div class="battle-history">Chatot fainted!<br></div><div class="spacer battle-history"><br></div><div class="battle-history">Go! <strong>Rampardos</strong>!<br></div><div class="battle-history"><small>[Rampardos's Mold Breaker]</small><br><small>Rampardos breaks the mold!</small><br></div><div class="spacer battle-history"><br></div><h2 class="battle-history">Turn 36</h2><div class="spacer battle-history"><br></div><div class="battle-history">Rampardos used <strong>Superpower</strong>!<br></div><div class="battle-history"><small>It's super effective!</small><br></div><div class="battle-history"><small>(The opposing Bouffalant lost <abbr title="−246/393">62.6%</abbr> of its health!)</small><br></div><div class="battle-history"><small>Rampardos's Attack fell!</small><br></div><div class="battle-history"><small>Rampardos's Defense fell!</small><br></div><div class="spacer battle-history"><br></div><div class="battle-history">The opposing Bouffalant fainted!<br></div><div class="spacer battle-history"><br></div><div class="battle-history"><strong>rksat LA</strong> won the battle!<br></div><div class="chat chatmessage-rksatla"><strong style="color:hsl(107,63%,40.60880566837541%)"><small>☆</small><span class="username" data-name="rksat LA">rksat LA</span>:</strong> <em>gg</em></div><div class="chat"><small>Fireflyfxx left.</small></div><div class="chat">rksat LA's rating: 1069 → <strong>1100</strong><br>(+31 for winning)</div><div class="chat">Fireflyfxx's rating: 1086 → <strong>1062</strong><br>(-24 for losing)</div></div><div class="inner-preempt"></div></div></div>
</div>
<script>
let daily = Math.floor(Date.now()/1000/60/60/24);document.write('<script src="https://play.pokemonshowdown.com/js/replay-embed.js?version'+daily+'"></'+'script>');
</script>
