<!DOCTYPE html>
<meta charset="utf-8" />
<!-- version 1 -->
<title>PU replay: Hayabusa54 vs. Alolan's_Butt</title>
<style>
html,body {font-family:Verdana, sans-serif;font-size:10pt;margin:0;padding:0;}body{padding:12px 0;} .battle-log {font-family:Verdana, sans-serif;font-size:10pt;} .battle-log-inline {border:1px solid #AAAAAA;background:#EEF2F5;color:black;max-width:640px;margin:0 auto 80px;padding-bottom:5px;} .battle-log .inner {padding:4px 8px 0px 8px;} .battle-log .inner-preempt {padding:0 8px 4px 8px;} .battle-log .inner-after {margin-top:0.5em;} .battle-log h2 {margin:0.5em -8px;padding:4px 8px;border:1px solid #AAAAAA;background:#E0E7EA;border-left:0;border-right:0;font-family:Verdana, sans-serif;font-size:13pt;} .battle-log .chat {vertical-align:middle;padding:3px 0 3px 0;font-size:8pt;} .battle-log .chat strong {color:#40576A;} .battle-log .chat em {padding:1px 4px 1px 3px;color:#000000;font-style:normal;} .chat.mine {background:rgba(0,0,0,0.05);margin-left:-8px;margin-right:-8px;padding-left:8px;padding-right:8px;} .spoiler {color:#BBBBBB;background:#BBBBBB;padding:0px 3px;} .spoiler:hover, .spoiler:active, .spoiler-shown {color:#000000;background:#E2E2E2;padding:0px 3px;} .spoiler a {color:#BBBBBB;} .spoiler:hover a, .spoiler:active a, .spoiler-shown a {color:#2288CC;} .chat code, .chat .spoiler:hover code, .chat .spoiler:active code, .chat .spoiler-shown code {border:1px solid #C0C0C0;background:#EEEEEE;color:black;padding:0 2px;} .chat .spoiler code {border:1px solid #CCCCCC;background:#CCCCCC;color:#CCCCCC;} .battle-log .rated {padding:3px 4px;} .battle-log .rated strong {color:white;background:#89A;padding:1px 4px;border-radius:4px;} .spacer {margin-top:0.5em;} .message-announce {background:#6688AA;color:white;padding:1px 4px 2px;} .message-announce a, .broadcast-green a, .broadcast-blue a, .broadcast-red a {color:#DDEEFF;} .broadcast-green {background-color:#559955;color:white;padding:2px 4px;} .broadcast-blue {background-color:#6688AA;color:white;padding:2px 4px;} .infobox {border:1px solid #6688AA;padding:2px 4px;} .infobox-limited {max-height:200px;overflow:auto;overflow-x:hidden;} .broadcast-red {background-color:#AA5544;color:white;padding:2px 4px;} .message-learn-canlearn {font-weight:bold;color:#228822;text-decoration:underline;} .message-learn-cannotlearn {font-weight:bold;color:#CC2222;text-decoration:underline;} .message-effect-weak {font-weight:bold;color:#CC2222;} .message-effect-resist {font-weight:bold;color:#6688AA;} .message-effect-immune {font-weight:bold;color:#666666;} .message-learn-list {margin-top:0;margin-bottom:0;} .message-throttle-notice, .message-error {color:#992222;} .message-overflow, .chat small.message-overflow {font-size:0pt;} .message-overflow::before {font-size:9pt;content:'...';} .subtle {color:#3A4A66;}
</style>
<div class="wrapper replay-wrapper" style="max-width:1180px;margin:0 auto">
<input type="hidden" name="replayid" value="pu-565774451" />
<div class="battle"></div><div class="battle-log"></div><div class="replay-controls"></div><div class="replay-controls-2"></div>
<h1 style="font-weight:normal;text-align:center"><strong>PU</strong><br /><a href="http://pokemonshowdown.com/users/hayabusa54" class="subtle" target="_blank">Hayabusa54</a> vs. <a href="http://pokemonshowdown.com/users/alolansbutt" class="subtle" target="_blank">Alolan's_Butt</a></h1>
<script type="text/plain" class="battle-log-data">|j|Hayabusa54
|j|Alolan's_Butt
|player|p1|Hayabusa54|1
|player|p2|Alolan's_Butt|265
|gametype|singles
|gen|6
|tier|PU
|rated
|seed|47815,24259,17958,38988
|rule|Sleep Clause Mod: Limit one foe put to sleep
|rule|Species Clause: Limit one of each Pokémon
|rule|OHKO Clause: OHKO moves are banned
|rule|Moody Clause: Moody is banned
|rule|Evasion Moves Clause: Evasion moves are banned
|rule|Endless Battle Clause: Forcing endless battles is banned
|rule|HP Percentage Mod: HP is shown in percentages
|clearpoke
|poke|p1|Cottonee, F|item
|poke|p1|Fraxure, F|item
|poke|p1|Altaria, F|item
|poke|p1|Probopass, F|item
|poke|p1|Pawniard, F|item
|poke|p1|Stunfisk, F|item
|poke|p2|Bouffalant, M|item
|poke|p2|Kadabra, M|item
|poke|p2|Smeargle, F|item
|poke|p2|Unfezant, F|item
|poke|p2|Rampardos, F|item
|poke|p2|Misdreavus, F|item
|rule|Swagger Clause: Swagger is banned
|rule|Baton Pass Clause: Limit one Baton Passer, can't pass Spe and other stats simultaneously
|teampreview
|choice|team 1, team 2, team 3, team 4, team 5, team 6|team 3, team 2, team 1, team 4, team 5, team 6
|
|start
|switch|p1a: Cottonee|Cottonee, F|283\/283
|switch|p2a: BLAAARRRGGHH|Smeargle, F|314\/314
|turn|1
|choice|move stunspore|move nuzzle
|
|move|p1a: Cottonee|Stun Spore|p2a: BLAAARRRGGHH|[miss]
|-miss|p1a: Cottonee|p2a: BLAAARRRGGHH
|move|p2a: BLAAARRRGGHH|Nuzzle|p1a: Cottonee
|-resisted|p1a: Cottonee
|-damage|p1a: Cottonee|281\/283
|-status|p1a: Cottonee|par
|
|upkeep
|turn|2
|choice|move stunspore|move stickyweb
|
|move|p1a: Cottonee|Stun Spore|p2a: BLAAARRRGGHH
|-status|p2a: BLAAARRRGGHH|par
|move|p2a: BLAAARRRGGHH|Sticky Web|p1a: Cottonee
|-sidestart|p1: Hayabusa54|move: Sticky Web
|
|upkeep
|turn|3
|choice|move encore|move stealthrock
|
|move|p1a: Cottonee|Encore|p2a: BLAAARRRGGHH
|-start|p2a: BLAAARRRGGHH|Encore
|move|p2a: BLAAARRRGGHH|Sticky Web|p1a: Cottonee
|-fail|p1a: Cottonee
|
|upkeep
|turn|4
|choice|move knockoff|switch 6
|
|switch|p2a: PileOfShit|Misdreavus, F|324\/324
|move|p1a: Cottonee|Knock Off|p2a: PileOfShit
|-supereffective|p2a: PileOfShit
|-damage|p2a: PileOfShit|288\/324
|-enditem|p2a: PileOfShit|Eviolite|[from] move: Knock Off|[of] p1a: Cottonee
|
|upkeep
|turn|5
|choice|move stunspore|move flash
|
|move|p1a: Cottonee|Stun Spore|p2a: PileOfShit
|-status|p2a: PileOfShit|par
|cant|p2a: PileOfShit|par
|
|upkeep
|turn|6
|choice|switch 5|move flash
|
|switch|p1a: Pawniard|Pawniard, F|231\/231
|-activate|p1a: Pawniard|move: Sticky Web
|-unboost|p1a: Pawniard|spe|1
|-ability|p1a: Pawniard|Defiant|boost
|-boost|p1a: Pawniard|atk|2
|move|p2a: PileOfShit|Flash|p1a: Pawniard
|-unboost|p1a: Pawniard|accuracy|1
|-ability|p1a: Pawniard|Defiant|boost
|-boost|p1a: Pawniard|atk|2
|
|upkeep
|turn|7
|choice|move pursuit|move willowisp
|
|move|p1a: Pawniard|Pursuit|p2a: PileOfShit
|-supereffective|p2a: PileOfShit
|-damage|p2a: PileOfShit|0 fnt
|faint|p2a: PileOfShit
|
|upkeep
|choice||switch 6
|
|switch|p2a: BLAAARRRGGHH|Smeargle, F|314\/314 par
|turn|8
|choice|move pursuit|move stealthrock
|
|move|p1a: Pawniard|Pursuit|p2a: BLAAARRRGGHH
|-enditem|p2a: BLAAARRRGGHH|Focus Sash
|-damage|p2a: BLAAARRRGGHH|1\/314 par
|move|p2a: BLAAARRRGGHH|Stealth Rock|p1a: Pawniard
|-sidestart|p1: Hayabusa54|move: Stealth Rock
|
|upkeep
|turn|9
|choice|move pursuit|move nuzzle
|
|move|p1a: Pawniard|Pursuit|p2a: BLAAARRRGGHH
|-damage|p2a: BLAAARRRGGHH|0 fnt
|faint|p2a: BLAAARRRGGHH
|
|upkeep
|choice||switch 5
|
|switch|p2a: SCARF|Rampardos, F|335\/335
|turn|10
|choice|switch 4|move firepunch
|
|switch|p1a: Probopass|Probopass, F|289\/289
|-damage|p1a: Probopass|271\/289|[from] Stealth Rock
|-item|p1a: Probopass|Air Balloon
|move|p2a: SCARF|Fire Punch|p1a: Probopass
|-damage|p1a: Probopass|133\/289
|-enditem|p1a: Probopass|Air Balloon
|
|upkeep
|turn|11
|choice|move earthpower|move earthquake
|
|move|p2a: SCARF|Earthquake|p1a: Probopass
|-supereffective|p1a: Probopass
|-damage|p1a: Probopass|0 fnt
|-damage|p2a: SCARF|302\/335|[from] item: Life Orb
|faint|p1a: Probopass
|
|upkeep
|choice|switch 5|
|
|switch|p1a: Cottonee|Cottonee, F|281\/283 par
|-damage|p1a: Cottonee|246\/283 par|[from] Stealth Rock
|-activate|p1a: Cottonee|move: Sticky Web
|-unboost|p1a: Cottonee|spe|1
|turn|12
|choice|move memento|switch 3
|
|switch|p2a: Bouffalant|Bouffalant, M|332\/332
|cant|p1a: Cottonee|par
|
|upkeep
|turn|13
|choice|move knockoff|move facade
|
|move|p2a: Bouffalant|Facade|p1a: Cottonee
|-damage|p1a: Cottonee|161\/283 par
|cant|p1a: Cottonee|par
|
|upkeep
|turn|14
|choice|move knockoff|move facade
|
|move|p2a: Bouffalant|Facade|p1a: Cottonee
|-damage|p1a: Cottonee|59\/283 par
|move|p1a: Cottonee|Knock Off|p2a: Bouffalant
|-damage|p2a: Bouffalant|300\/332
|-enditem|p2a: Bouffalant|Choice Scarf|[from] move: Knock Off|[of] p1a: Cottonee
|
|upkeep
|turn|15
|c|☆Hayabusa54|lol
|choice|move encore|move headcharge
|
|move|p1a: Cottonee|Encore|p2a: Bouffalant
|-start|p2a: Bouffalant|Encore
|move|p2a: Bouffalant|Facade|p1a: Cottonee
|-damage|p1a: Cottonee|0 fnt
|faint|p1a: Cottonee
|
|upkeep
|choice|switch 4|
|
|switch|p1a: Pawniard|Pawniard, F|231\/231
|-damage|p1a: Pawniard|217\/231|[from] Stealth Rock
|-activate|p1a: Pawniard|move: Sticky Web
|-unboost|p1a: Pawniard|spe|1
|-ability|p1a: Pawniard|Defiant|boost
|-boost|p1a: Pawniard|atk|2
|turn|16
|choice|move pursuit|switch 4
|
|-activate|p2a: Bouffalant|move: Pursuit
|move|p1a: Pawniard|Pursuit|p2a: Bouffalant|[from]Pursuit
|-damage|p2a: Bouffalant|0 fnt
|faint|p2a: Bouffalant
|
|upkeep
|choice||switch 3
|
|switch|p2a: SCARF|Rampardos, F|302\/335
|turn|17
|choice|switch 3|move earthquake
|
|switch|p1a: Altaria|Altaria, F|307\/307
|-damage|p1a: Altaria|231\/307|[from] Stealth Rock
|move|p2a: SCARF|Earthquake|p1a: Altaria
|-immune|p1a: Altaria|[msg]
|
|upkeep
|turn|18
|choice|move earthquake|move rockslide
|
|move|p1a: Altaria|Earthquake|p2a: SCARF
|-supereffective|p2a: SCARF
|-damage|p2a: SCARF|56\/335
|move|p2a: SCARF|Rock Slide|p1a: Altaria|[miss]
|-miss|p2a: SCARF|p1a: Altaria
|
|upkeep
|turn|19
|choice|move earthquake|switch 4
|
|switch|p2a: AdolphCritler|Unfezant, F|302\/302
|move|p1a: Altaria|Earthquake|p2a: AdolphCritler
|-immune|p2a: AdolphCritler|[msg]
|
|upkeep
|turn|20
|choice|switch 6|switch 4
|
|switch|p2a: SCARF|Rampardos, F|56\/335
|switch|p1a: Stunfisk|Stunfisk, F|421\/421
|-activate|p1a: Stunfisk|move: Sticky Web
|-unboost|p1a: Stunfisk|spe|1
|-damage|p1a: Stunfisk|395\/421|[from] Stealth Rock
|
|-heal|p1a: Stunfisk|421\/421|[from] item: Leftovers
|upkeep
|turn|21
|choice|move earthquake|move rockslide
|
|move|p2a: SCARF|Rock Slide|p1a: Stunfisk
|-resisted|p1a: Stunfisk
|-damage|p1a: Stunfisk|265\/421
|move|p1a: Stunfisk|Earthquake|p2a: SCARF
|-supereffective|p2a: SCARF
|-damage|p2a: SCARF|0 fnt
|faint|p2a: SCARF
|
|-heal|p1a: Stunfisk|291\/421|[from] item: Leftovers
|upkeep
|choice||switch 2
|
|switch|p2a: Kadabra|Kadabra, M|221\/221
|turn|22
|choice|move earthquake|move psychic
|
|move|p2a: Kadabra|Psychic|p1a: Stunfisk
|-damage|p1a: Stunfisk|171\/421
|move|p1a: Stunfisk|Earthquake|p2a: Kadabra
|-damage|p2a: Kadabra|19\/221
|
|-heal|p1a: Stunfisk|197\/421|[from] item: Leftovers
|upkeep
|turn|23
|choice|move earthquake|move psyshock
|
|move|p2a: Kadabra|Psyshock|p1a: Stunfisk
|-damage|p1a: Stunfisk|34\/421
|move|p1a: Stunfisk|Earthquake|p2a: Kadabra
|-damage|p2a: Kadabra|0 fnt
|faint|p2a: Kadabra
|
|-heal|p1a: Stunfisk|60\/421|[from] item: Leftovers
|upkeep
|choice||switch 4
|
|switch|p2a: AdolphCritler|Unfezant, F|302\/302
|turn|24
|c|☆Hayabusa54|oh hey
|c|☆Hayabusa54|youre that tryhard guy
|choice|move rest|move frustration
|
|move|p2a: AdolphCritler|Frustration|p1a: Stunfisk
|-damage|p1a: Stunfisk|0 fnt
|faint|p1a: Stunfisk
|
|upkeep
|c|☆Hayabusa54|who always PMs people in PU
|c|☆Hayabusa54|saying 'LOLOLOL try hard team lost to this"
|c|☆Alolan's_Butt|eeeeyyyy... ur one of my victim ?
|c|☆Alolan's_Butt|still butthurt ?
|c|☆Alolan's_Butt|LOLOLOL
|c|☆Hayabusa54|I don't know
|c|☆Hayabusa54|you're the guy with butt in your name
|choice|switch 3|
|
|switch|p1a: Pawniard|Pawniard, F|217\/231
|-damage|p1a: Pawniard|203\/231|[from] Stealth Rock
|-activate|p1a: Pawniard|move: Sticky Web
|-unboost|p1a: Pawniard|spe|1
|-ability|p1a: Pawniard|Defiant|boost
|-boost|p1a: Pawniard|atk|2
|turn|25
|choice|move knockoff|move frustration
|
|move|p2a: AdolphCritler|Frustration|p1a: Pawniard
|-resisted|p1a: Pawniard
|-crit|p1a: Pawniard
|-damage|p1a: Pawniard|5\/231
|move|p1a: Pawniard|Knock Off|p2a: AdolphCritler
|-damage|p2a: AdolphCritler|0 fnt
|-enditem|p2a: AdolphCritler|Scope Lens|[from] move: Knock Off|[of] p1a: Pawniard
|faint|p2a: AdolphCritler
|
|win|Hayabusa54
|raw|Hayabusa54's rating: 1000 &rarr; <strong>1062<\/strong><br \/>(+62 for winning)
|raw|Alolan&apos;s_Butt's rating: 1211 &rarr; <strong>1173<\/strong><br \/>(-38 for losing)
|c|☆Alolan's_Butt|LOLOLOL
|l|Alolan's_Butt</script>
</div>
<div class="battle-log battle-log-inline"><div class="inner"><div class="battle-options"></div><div class="inner"><div class="chat"><small>Hayabusa54 joined.</small></div><div class="chat"><small>Alolan's_Butt joined.</small></div><div class=""><small>Format:</small> <br><strong>PU</strong></div><div class="rated"><strong>Rated battle</strong></div><div class=""><small><em>Sleep Clause Mod:</em> Limit one foe put to sleep</small></div><div class=""><small><em>Species Clause:</em> Limit one of each Pokémon</small></div><div class=""><small><em>OHKO Clause:</em> OHKO moves are banned</small></div><div class=""><small><em>Moody Clause:</em> Moody is banned</small></div><div class=""><small><em>Evasion Moves Clause:</em> Evasion moves are banned</small></div><div class=""><small><em>Endless Battle Clause:</em> Forcing endless battles is banned</small></div><div class=""><small><em>HP Percentage Mod:</em> HP is shown in percentages</small></div><div class=""><small><em>Swagger Clause:</em> Swagger is banned</small></div><div class=""><small><em>Baton Pass Clause:</em> Limit one Baton Passer, can't pass Spe and other stats simultaneously</small></div><div class="chat battle-history"><strong>Hayabusa54's team:</strong> <em style="color:#445566;display:block;">Cottonee / Fraxure / Altaria / Probopass / Pawniard / Stunfisk</em></div><div class="chat battle-history"><strong>Alolan's_Butt's team:</strong> <em style="color:#445566;display:block;">Bouffalant / Kadabra / Smeargle / Unfezant / Rampardos / Misdreavus</em></div><div class="spacer battle-history"><br></div><div class="battle-history">Battle started between Hayabusa54 and Alolan's_Butt!<br></div><div class="spacer battle-history"><br></div><div class="battle-history">Go! <strong>Cottonee</strong>!<br></div><div class="spacer battle-history"><br></div><div class="battle-history">Alolan's_Butt sent out BLAAARRRGGHH (<strong>Smeargle</strong>)!<br></div><div class="spacer battle-history"><br></div><h2 class="battle-history">Turn 1</h2><div class="spacer battle-history"><br></div><div class="battle-history">Cottonee used <strong>Stun Spore</strong>!<br></div><div class="battle-history"><small>The opposing BLAAARRRGGHH avoided the attack!</small><br></div><div class="spacer battle-history"><br></div><div class="battle-history">The opposing BLAAARRRGGHH used <strong>Nuzzle</strong>!<br></div><div class="battle-history"><small>It's not very effective...</small><br></div><div class="battle-history"><small>(Cottonee lost <abbr title="−2/283">0.7%</abbr> of its health!)</small><br></div><div class="battle-history"><small>Cottonee is paralyzed! It may be unable to move!</small><br></div><div class="spacer battle-history"><br></div><h2 class="battle-history">Turn 2</h2><div class="spacer battle-history"><br></div><div class="battle-history">Cottonee used <strong>Stun Spore</strong>!<br></div><div class="battle-history"><small>The opposing BLAAARRRGGHH is paralyzed! It may be unable to move!</small><br></div><div class="spacer battle-history"><br></div><div class="battle-history">The opposing BLAAARRRGGHH used <strong>Sticky Web</strong>!<br></div><div class="battle-history"><small>A sticky web spreads out on the ground around your team!</small><br></div><div class="spacer battle-history"><br></div><h2 class="battle-history">Turn 3</h2><div class="spacer battle-history"><br></div><div class="battle-history">Cottonee used <strong>Encore</strong>!<br></div><div class="battle-history"><small>The opposing BLAAARRRGGHH received an encore!</small><br></div><div class="spacer battle-history"><br></div><div class="battle-history">The opposing BLAAARRRGGHH used <strong>Sticky Web</strong>!<br></div><div class="battle-history"><small>But it failed!</small><br></div><div class="spacer battle-history"><br></div><h2 class="battle-history">Turn 4</h2><div class="spacer battle-history"><br></div><div class="battle-history">Alolan's_Butt withdrew BLAAARRRGGHH!<br></div><div class="battle-history">Alolan's_Butt sent out PileOfShit (<strong>Misdreavus</strong>)!<br></div><div class="spacer battle-history"><br></div><div class="battle-history">Cottonee used <strong>Knock Off</strong>!<br></div><div class="battle-history"><small>It's super effective!</small><br></div><div class="battle-history"><small>(The opposing PileOfShit lost <abbr title="−36/324">11.1%</abbr> of its health!)</small><br></div><div class="battle-history"><small>Cottonee knocked off the opposing PileOfShit's Eviolite!</small><br></div><div class="spacer battle-history"><br></div><h2 class="battle-history">Turn 5</h2><div class="spacer battle-history"><br></div><div class="battle-history">Cottonee used <strong>Stun Spore</strong>!<br></div><div class="battle-history"><small>The opposing PileOfShit is paralyzed! It may be unable to move!</small><br></div><div class="spacer battle-history"><br></div><div class="battle-history">The opposing PileOfShit is paralyzed! It can't move!<br></div><div class="spacer battle-history"><br></div><h2 class="battle-history">Turn 6</h2><div class="spacer battle-history"><br></div><div class="battle-history">Cottonee, come back!<br></div><div class="battle-history">Go! <strong>Pawniard</strong>!<br></div><div class="battle-history"><small>Pawniard was caught in a sticky web!</small><br></div><div class="battle-history"><small>Pawniard's Speed fell!</small><br></div><div class="battle-history"><small>[Pawniard's Defiant]</small><br></div><div class="battle-history"><small>Pawniard's Attack rose sharply!</small><br></div><div class="spacer battle-history"><br></div><div class="battle-history">The opposing PileOfShit used <strong>Flash</strong>!<br></div><div class="battle-history"><small>Pawniard's accuracy fell!</small><br></div><div class="battle-history"><small>[Pawniard's Defiant]</small><br></div><div class="battle-history"><small>Pawniard's Attack rose sharply!</small><br></div><div class="spacer battle-history"><br></div><h2 class="battle-history">Turn 7</h2><div class="spacer battle-history"><br></div><div class="battle-history">Pawniard used <strong>Pursuit</strong>!<br></div><div class="battle-history"><small>It's super effective!</small><br></div><div class="battle-history"><small>(The opposing PileOfShit lost <abbr title="−288/324">88.9%</abbr> of its health!)</small><br></div><div class="spacer battle-history"><br></div><div class="battle-history">The opposing PileOfShit fainted!<br></div><div class="spacer battle-history"><br></div><div class="battle-history">Alolan's_Butt sent out BLAAARRRGGHH (<strong>Smeargle</strong>)!<br></div><div class="spacer battle-history"><br></div><h2 class="battle-history">Turn 8</h2><div class="spacer battle-history"><br></div><div class="battle-history">Pawniard used <strong>Pursuit</strong>!<br></div><div class="battle-history"><small>The opposing BLAAARRRGGHH hung on using its Focus Sash!</small><br></div><div class="battle-history"><small>(The opposing BLAAARRRGGHH lost <abbr title="−313/314">99.7%</abbr> of its health!)</small><br></div><div class="spacer battle-history"><br></div><div class="battle-history">The opposing BLAAARRRGGHH used <strong>Stealth Rock</strong>!<br></div><div class="battle-history"><small>Pointed stones float in the air around your team!</small><br></div><div class="spacer battle-history"><br></div><h2 class="battle-history">Turn 9</h2><div class="spacer battle-history"><br></div><div class="battle-history">Pawniard used <strong>Pursuit</strong>!<br></div><div class="battle-history"><small>(The opposing BLAAARRRGGHH lost <abbr title="−1/314">0.3%</abbr> of its health!)</small><br></div><div class="spacer battle-history"><br></div><div class="battle-history">The opposing BLAAARRRGGHH fainted!<br></div><div class="spacer battle-history"><br></div><div class="battle-history">Alolan's_Butt sent out SCARF (<strong>Rampardos</strong>)!<br></div><div class="spacer battle-history"><br></div><h2 class="battle-history">Turn 10</h2><div class="spacer battle-history"><br></div><div class="battle-history">Pawniard, come back!<br></div><div class="battle-history">Go! <strong>Probopass</strong>!<br></div><div class="battle-history"><small>Pointed stones dug into Probopass!</small><br></div><div class="battle-history"><small>Probopass floats in the air with its Air Balloon!</small><br></div><div class="spacer battle-history"><br></div><div class="battle-history">The opposing SCARF used <strong>Fire Punch</strong>!<br></div><div class="battle-history"><small>(Probopass lost <abbr title="−138/289">47.8%</abbr> of its health!)</small><br></div><div class="battle-history"><small>Probopass's Air Balloon popped!</small><br></div><div class="spacer battle-history"><br></div><h2 class="battle-history">Turn 11</h2><div class="spacer battle-history"><br></div><div class="battle-history">The opposing SCARF used <strong>Earthquake</strong>!<br></div><div class="battle-history"><small>It's super effective!</small><br></div><div class="battle-history"><small>(Probopass lost <abbr title="−133/289">46.0%</abbr> of its health!)</small><br></div><div class="battle-history"><small>The opposing SCARF lost some of its HP!</small><br></div><div class="spacer battle-history"><br></div><div class="battle-history">Probopass fainted!<br></div><div class="spacer battle-history"><br></div><div class="battle-history">Go! <strong>Cottonee</strong>!<br></div><div class="battle-history"><small>Pointed stones dug into Cottonee!</small><br></div><div class="battle-history"><small>Cottonee was caught in a sticky web!</small><br></div><div class="battle-history"><small>Cottonee's Speed fell!</small><br></div><div class="spacer battle-history"><br></div><h2 class="battle-history">Turn 12</h2><div class="spacer battle-history"><br></div><div class="battle-history">Alolan's_Butt withdrew SCARF!<br></div><div class="battle-history">Alolan's_Butt sent out <strong>Bouffalant</strong>!<br></div><div class="spacer battle-history"><br></div><div class="battle-history">Cottonee is paralyzed! It can't move!<br></div><div class="spacer battle-history"><br></div><h2 class="battle-history">Turn 13</h2><div class="spacer battle-history"><br></div><div class="battle-history">The opposing Bouffalant used <strong>Facade</strong>!<br></div><div class="battle-history"><small>(Cottonee lost <abbr title="−85/283">30.0%</abbr> of its health!)</small><br></div><div class="spacer battle-history"><br></div><div class="battle-history">Cottonee is paralyzed! It can't move!<br></div><div class="spacer battle-history"><br></div><h2 class="battle-history">Turn 14</h2><div class="spacer battle-history"><br></div><div class="battle-history">The opposing Bouffalant used <strong>Facade</strong>!<br></div><div class="battle-history"><small>(Cottonee lost <abbr title="−102/283">36.0%</abbr> of its health!)</small><br></div><div class="spacer battle-history"><br></div><div class="battle-history">Cottonee used <strong>Knock Off</strong>!<br></div><div class="battle-history"><small>(The opposing Bouffalant lost <abbr title="−32/332">9.6%</abbr> of its health!)</small><br></div><div class="battle-history"><small>Cottonee knocked off the opposing Bouffalant's Choice Scarf!</small><br></div><div class="spacer battle-history"><br></div><h2 class="battle-history">Turn 15</h2><div class="chat chatmessage-hayabusa54"><strong style="color:hsl(22,76%,41%)"><small>☆</small><span class="username" data-name="Hayabusa54">Hayabusa54</span>:</strong> <em>lol</em></div><div class="spacer battle-history"><br></div><div class="battle-history">Cottonee used <strong>Encore</strong>!<br></div><div class="battle-history"><small>The opposing Bouffalant received an encore!</small><br></div><div class="spacer battle-history"><br></div><div class="battle-history">The opposing Bouffalant used <strong>Facade</strong>!<br></div><div class="battle-history"><small>(Cottonee lost <abbr title="−59/283">20.8%</abbr> of its health!)</small><br></div><div class="spacer battle-history"><br></div><div class="battle-history">Cottonee fainted!<br></div><div class="spacer battle-history"><br></div><div class="battle-history">Go! <strong>Pawniard</strong>!<br></div><div class="battle-history"><small>Pointed stones dug into Pawniard!</small><br></div><div class="battle-history"><small>Pawniard was caught in a sticky web!</small><br></div><div class="battle-history"><small>Pawniard's Speed fell!</small><br></div><div class="battle-history"><small>[Pawniard's Defiant]</small><br></div><div class="battle-history"><small>Pawniard's Attack rose sharply!</small><br></div><div class="spacer battle-history"><br></div><h2 class="battle-history">Turn 16</h2><div class="spacer battle-history"><br></div><div class="battle-history"><small>(The opposing Bouffalant is being withdrawn...)</small><br></div><div class="spacer battle-history"><br></div><div class="battle-history">Pawniard used <strong>Pursuit</strong>!<br></div><div class="battle-history"><small>(The opposing Bouffalant lost <abbr title="−300/332">90.4%</abbr> of its health!)</small><br></div><div class="spacer battle-history"><br></div><div class="battle-history">The opposing Bouffalant fainted!<br></div><div class="spacer battle-history"><br></div><div class="battle-history">Alolan's_Butt sent out SCARF (<strong>Rampardos</strong>)!<br></div><div class="spacer battle-history"><br></div><h2 class="battle-history">Turn 17</h2><div class="spacer battle-history"><br></div><div class="battle-history">Pawniard, come back!<br></div><div class="battle-history">Go! <strong>Altaria</strong>!<br></div><div class="battle-history"><small>Pointed stones dug into Altaria!</small><br></div><div class="spacer battle-history"><br></div><div class="battle-history">The opposing SCARF used <strong>Earthquake</strong>!<br></div><div class="battle-history"><small>It doesn't affect Altaria...</small><br></div><div class="spacer battle-history"><br></div><h2 class="battle-history">Turn 18</h2><div class="spacer battle-history"><br></div><div class="battle-history">Altaria used <strong>Earthquake</strong>!<br></div><div class="battle-history"><small>It's super effective!</small><br></div><div class="battle-history"><small>(The opposing SCARF lost <abbr title="−246/335">73.4%</abbr> of its health!)</small><br></div><div class="spacer battle-history"><br></div><div class="battle-history">The opposing SCARF used <strong>Rock Slide</strong>!<br></div><div class="battle-history"><small>Altaria avoided the attack!</small><br></div><div class="spacer battle-history"><br></div><h2 class="battle-history">Turn 19</h2><div class="spacer battle-history"><br></div><div class="battle-history">Alolan's_Butt withdrew SCARF!<br></div><div class="battle-history">Alolan's_Butt sent out AdolphCritler (<strong>Unfezant</strong>)!<br></div><div class="spacer battle-history"><br></div><div class="battle-history">Altaria used <strong>Earthquake</strong>!<br></div><div class="battle-history"><small>It doesn't affect the opposing AdolphCritler...</small><br></div><div class="spacer battle-history"><br></div><h2 class="battle-history">Turn 20</h2><div class="spacer battle-history"><br></div><div class="battle-history">Alolan's_Butt withdrew AdolphCritler!<br></div><div class="battle-history">Alolan's_Butt sent out SCARF (<strong>Rampardos</strong>)!<br></div><div class="spacer battle-history"><br></div><div class="battle-history">Altaria, come back!<br></div><div class="battle-history">Go! <strong>Stunfisk</strong>!<br></div><div class="battle-history"><small>Stunfisk was caught in a sticky web!</small><br></div><div class="battle-history"><small>Stunfisk's Speed fell!</small><br></div><div class="battle-history"><small>Pointed stones dug into Stunfisk!</small><br></div><div class="spacer battle-history"><br></div><div class="battle-history"><small>Stunfisk restored a little HP using its Leftovers!</small><br></div><div class="spacer battle-history"><br></div><h2 class="battle-history">Turn 21</h2><div class="spacer battle-history"><br></div><div class="battle-history">The opposing SCARF used <strong>Rock Slide</strong>!<br></div><div class="battle-history"><small>It's not very effective...</small><br></div><div class="battle-history"><small>(Stunfisk lost <abbr title="−156/421">37.1%</abbr> of its health!)</small><br></div><div class="spacer battle-history"><br></div><div class="battle-history">Stunfisk used <strong>Earthquake</strong>!<br></div><div class="battle-history"><small>It's super effective!</small><br></div><div class="battle-history"><small>(The opposing SCARF lost <abbr title="−56/335">16.7%</abbr> of its health!)</small><br></div><div class="spacer battle-history"><br></div><div class="battle-history">The opposing SCARF fainted!<br></div><div class="spacer battle-history"><br></div><div class="battle-history"><small>Stunfisk restored a little HP using its Leftovers!</small><br></div><div class="spacer battle-history"><br></div><div class="battle-history">Alolan's_Butt sent out <strong>Kadabra</strong>!<br></div><div class="spacer battle-history"><br></div><h2 class="battle-history">Turn 22</h2><div class="spacer battle-history"><br></div><div class="battle-history">The opposing Kadabra used <strong>Psychic</strong>!<br></div><div class="battle-history"><small>(Stunfisk lost <abbr title="−120/421">28.5%</abbr> of its health!)</small><br></div><div class="spacer battle-history"><br></div><div class="battle-history">Stunfisk used <strong>Earthquake</strong>!<br></div><div class="battle-history"><small>(The opposing Kadabra lost <abbr title="−202/221">91.4%</abbr> of its health!)</small><br></div><div class="spacer battle-history"><br></div><div class="battle-history"><small>Stunfisk restored a little HP using its Leftovers!</small><br></div><div class="spacer battle-history"><br></div><h2 class="battle-history">Turn 23</h2><div class="spacer battle-history"><br></div><div class="battle-history">The opposing Kadabra used <strong>Psyshock</strong>!<br></div><div class="battle-history"><small>(Stunfisk lost <abbr title="−163/421">38.7%</abbr> of its health!)</small><br></div><div class="spacer battle-history"><br></div><div class="battle-history">Stunfisk used <strong>Earthquake</strong>!<br></div><div class="battle-history"><small>(The opposing Kadabra lost <abbr title="−19/221">8.6%</abbr> of its health!)</small><br></div><div class="spacer battle-history"><br></div><div class="battle-history">The opposing Kadabra fainted!<br></div><div class="spacer battle-history"><br></div><div class="battle-history"><small>Stunfisk restored a little HP using its Leftovers!</small><br></div><div class="spacer battle-history"><br></div><div class="battle-history">Alolan's_Butt sent out AdolphCritler (<strong>Unfezant</strong>)!<br></div><div class="spacer battle-history"><br></div><h2 class="battle-history">Turn 24</h2><div class="chat chatmessage-hayabusa54"><strong style="color:hsl(22,76%,41%)"><small>☆</small><span class="username" data-name="Hayabusa54">Hayabusa54</span>:</strong> <em>oh hey</em></div><div class="chat chatmessage-hayabusa54"><strong style="color:hsl(22,76%,41%)"><small>☆</small><span class="username" data-name="Hayabusa54">Hayabusa54</span>:</strong> <em>youre that tryhard guy</em></div><div class="spacer battle-history"><br></div><div class="battle-history">The opposing AdolphCritler used <strong>Frustration</strong>!<br></div><div class="battle-history"><small>(Stunfisk lost <abbr title="−60/421">14.3%</abbr> of its health!)</small><br></div><div class="spacer battle-history"><br></div><div class="battle-history">Stunfisk fainted!<br></div><div class="chat chatmessage-hayabusa54"><strong style="color:hsl(22,76%,41%)"><small>☆</small><span class="username" data-name="Hayabusa54">Hayabusa54</span>:</strong> <em>who always PMs people in PU</em></div><div class="chat chatmessage-hayabusa54"><strong style="color:hsl(22,76%,41%)"><small>☆</small><span class="username" data-name="Hayabusa54">Hayabusa54</span>:</strong> <em>saying 'LOLOLOL try hard team lost to this"</em></div><div class="chat chatmessage-alolansbutt"><strong style="color:hsl(96,45%,44.78731053099596%)"><small>☆</small><span class="username" data-name="Alolan's_Butt">Alolan's_Butt</span>:</strong> <em>eeeeyyyy... ur one of my victim ?</em></div><div class="chat chatmessage-alolansbutt"><strong style="color:hsl(96,45%,44.78731053099596%)"><small>☆</small><span class="username" data-name="Alolan's_Butt">Alolan's_Butt</span>:</strong> <em>still butthurt ?</em></div><div class="chat chatmessage-alolansbutt"><strong style="color:hsl(96,45%,44.78731053099596%)"><small>☆</small><span class="username" data-name="Alolan's_Butt">Alolan's_Butt</span>:</strong> <em>LOLOLOL</em></div><div class="chat chatmessage-hayabusa54"><strong style="color:hsl(22,76%,41%)"><small>☆</small><span class="username" data-name="Hayabusa54">Hayabusa54</span>:</strong> <em>I don't know</em></div><div class="chat chatmessage-hayabusa54"><strong style="color:hsl(22,76%,41%)"><small>☆</small><span class="username" data-name="Hayabusa54">Hayabusa54</span>:</strong> <em>you're the guy with butt in your name</em></div><div class="spacer battle-history"><br></div><div class="battle-history">Go! <strong>Pawniard</strong>!<br></div><div class="battle-history"><small>Pointed stones dug into Pawniard!</small><br></div><div class="battle-history"><small>Pawniard was caught in a sticky web!</small><br></div><div class="battle-history"><small>Pawniard's Speed fell!</small><br></div><div class="battle-history"><small>[Pawniard's Defiant]</small><br></div><div class="battle-history"><small>Pawniard's Attack rose sharply!</small><br></div><div class="spacer battle-history"><br></div><h2 class="battle-history">Turn 25</h2><div class="spacer battle-history"><br></div><div class="battle-history">The opposing AdolphCritler used <strong>Frustration</strong>!<br></div><div class="battle-history"><small>It's not very effective...</small><br></div><div class="battle-history"><small>A critical hit!</small><br></div><div class="battle-history"><small>(Pawniard lost <abbr title="−198/231">85.7%</abbr> of its health!)</small><br></div><div class="spacer battle-history"><br></div><div class="battle-history">Pawniard used <strong>Knock Off</strong>!<br></div><div class="battle-history"><small>(The opposing AdolphCritler lost <abbr title="−302/302">100%</abbr> of its health!)</small><br></div><div class="battle-history"><small>Pawniard knocked off the opposing AdolphCritler's Scope Lens!</small><br></div><div class="spacer battle-history"><br></div><div class="battle-history">The opposing AdolphCritler fainted!<br></div><div class="spacer battle-history"><br></div><div class="battle-history"><strong>Hayabusa54</strong> won the battle!<br></div><div class="chat">Hayabusa54's rating: 1000 → <strong>1062</strong><br>(+62 for winning)</div><div class="chat">Alolan's_Butt's rating: 1211 → <strong>1173</strong><br>(-38 for losing)</div><div class="chat chatmessage-alolansbutt"><strong style="color:hsl(96,45%,44.78731053099596%)"><small>☆</small><span class="username" data-name="Alolan's_Butt">Alolan's_Butt</span>:</strong> <em>LOLOLOL</em></div><div class="chat"><small>Alolan's_Butt left.</small></div></div><div class="inner-preempt"></div></div></div>
</div>
<script>
let daily = Math.floor(Date.now()/1000/60/60/24);document.write('<script src="https://play.pokemonshowdown.com/js/replay-embed.js?version'+daily+'"></'+'script>');
</script>
