<!DOCTYPE html>
<meta charset="utf-8" />
<!-- version 1 -->
<title>PU replay: 2xTheTap vs. PokemonMasterTJ</title>
<style>
html,body {font-family:Verdana, sans-serif;font-size:10pt;margin:0;padding:0;}body{padding:12px 0;} .battle-log {font-family:Verdana, sans-serif;font-size:10pt;} .battle-log-inline {border:1px solid #AAAAAA;background:#EEF2F5;color:black;max-width:640px;margin:0 auto 80px;padding-bottom:5px;} .battle-log .inner {padding:4px 8px 0px 8px;} .battle-log .inner-preempt {padding:0 8px 4px 8px;} .battle-log .inner-after {margin-top:0.5em;} .battle-log h2 {margin:0.5em -8px;padding:4px 8px;border:1px solid #AAAAAA;background:#E0E7EA;border-left:0;border-right:0;font-family:Verdana, sans-serif;font-size:13pt;} .battle-log .chat {vertical-align:middle;padding:3px 0 3px 0;font-size:8pt;} .battle-log .chat strong {color:#40576A;} .battle-log .chat em {padding:1px 4px 1px 3px;color:#000000;font-style:normal;} .chat.mine {background:rgba(0,0,0,0.05);margin-left:-8px;margin-right:-8px;padding-left:8px;padding-right:8px;} .spoiler {color:#BBBBBB;background:#BBBBBB;padding:0px 3px;} .spoiler:hover, .spoiler:active, .spoiler-shown {color:#000000;background:#E2E2E2;padding:0px 3px;} .spoiler a {color:#BBBBBB;} .spoiler:hover a, .spoiler:active a, .spoiler-shown a {color:#2288CC;} .chat code, .chat .spoiler:hover code, .chat .spoiler:active code, .chat .spoiler-shown code {border:1px solid #C0C0C0;background:#EEEEEE;color:black;padding:0 2px;} .chat .spoiler code {border:1px solid #CCCCCC;background:#CCCCCC;color:#CCCCCC;} .battle-log .rated {padding:3px 4px;} .battle-log .rated strong {color:white;background:#89A;padding:1px 4px;border-radius:4px;} .spacer {margin-top:0.5em;} .message-announce {background:#6688AA;color:white;padding:1px 4px 2px;} .message-announce a, .broadcast-green a, .broadcast-blue a, .broadcast-red a {color:#DDEEFF;} .broadcast-green {background-color:#559955;color:white;padding:2px 4px;} .broadcast-blue {background-color:#6688AA;color:white;padding:2px 4px;} .infobox {border:1px solid #6688AA;padding:2px 4px;} .infobox-limited {max-height:200px;overflow:auto;overflow-x:hidden;} .broadcast-red {background-color:#AA5544;color:white;padding:2px 4px;} .message-learn-canlearn {font-weight:bold;color:#228822;text-decoration:underline;} .message-learn-cannotlearn {font-weight:bold;color:#CC2222;text-decoration:underline;} .message-effect-weak {font-weight:bold;color:#CC2222;} .message-effect-resist {font-weight:bold;color:#6688AA;} .message-effect-immune {font-weight:bold;color:#666666;} .message-learn-list {margin-top:0;margin-bottom:0;} .message-throttle-notice, .message-error {color:#992222;} .message-overflow, .chat small.message-overflow {font-size:0pt;} .message-overflow::before {font-size:9pt;content:'...';} .subtle {color:#3A4A66;}
</style>
<div class="wrapper replay-wrapper" style="max-width:1180px;margin:0 auto">
<input type="hidden" name="replayid" value="pu-585867857" />
<div class="battle"></div><div class="battle-log"></div><div class="replay-controls"></div><div class="replay-controls-2"></div>
<h1 style="font-weight:normal;text-align:center"><strong>PU</strong><br /><a href="http://pokemonshowdown.com/users/2xthetap" class="subtle" target="_blank">2xTheTap</a> vs. <a href="http://pokemonshowdown.com/users/pokemonmastertj" class="subtle" target="_blank">PokemonMasterTJ</a></h1>
<script type="text/plain" class="battle-log-data">|j|2xTheTap
|j|PokemonMasterTJ
|player|p1|2xTheTap|#2xthetap
|teamsize|p1|6
|player|p2|PokemonMasterTJ|144
|teamsize|p2|6
|gametype|singles
|gen|6
|tier|PU
|seed|45491,17685,44744,64090
|rule|Sleep Clause Mod: Limit one foe put to sleep
|rule|Species Clause: Limit one of each Pokémon
|rule|OHKO Clause: OHKO moves are banned
|rule|Moody Clause: Moody is banned
|rule|Evasion Moves Clause: Evasion moves are banned
|rule|Endless Battle Clause: Forcing endless battles is banned
|rule|HP Percentage Mod: HP is shown in percentages
|clearpoke
|poke|p1|Frogadier, M|item
|poke|p1|Chinchou, M|item
|poke|p1|Drifblim, F|item
|poke|p1|Gourgeist-*, F|item
|poke|p1|Smeargle, M|item
|poke|p1|Mawile, F|item
|poke|p2|Bronzor|item
|poke|p2|Grumpig, M|item
|poke|p2|Dodrio, M|item
|poke|p2|Muk, F|item
|poke|p2|Lumineon, F|item
|poke|p2|Ninetales, F|item
|rule|Swagger Clause: Swagger is banned
|rule|Baton Pass Clause: Limit one Baton Passer, can't pass Spe and other stats simultaneously
|teampreview
|choice|team 5, team 2, team 3, team 4, team 1, team 6|team 1, team 2, team 3, team 4, team 5, team 6
|
|start
|switch|p1a: Smeargle|Smeargle, M|313\/313
|switch|p2a: Bronzor|Bronzor|318\/318
|turn|1
|c|☆PokemonMasterTJ|lol missclick
|choice|move darkvoid|move stealthrock
|
|move|p1a: Smeargle|Dark Void|p2a: Bronzor|[miss]
|-miss|p1a: Smeargle|p2a: Bronzor
|move|p2a: Bronzor|Stealth Rock|p1a: Smeargle
|-sidestart|p1: 2xTheTap|move: Stealth Rock
|
|upkeep
|turn|2
|choice|move darkvoid|switch 4
|
|switch|p2a: Muk|Muk, F|414\/414
|move|p1a: Smeargle|Dark Void|p2a: Muk|[miss]
|-miss|p1a: Smeargle|p2a: Muk
|
|upkeep
|turn|3
|choice|move toxicspikes|move poisonjab
|
|move|p1a: Smeargle|Toxic Spikes|p2a: Muk
|-sidestart|p2: PokemonMasterTJ|move: Toxic Spikes
|move|p2a: Muk|Poison Jab|p1a: Smeargle
|-damage|p1a: Smeargle|102\/313
|
|upkeep
|turn|4
|choice|move darkvoid|switch 4
|
|switch|p2a: Bronzor|Bronzor|318\/318
|move|p1a: Smeargle|Dark Void|p2a: Bronzor
|-status|p2a: Bronzor|slp
|
|upkeep
|turn|5
|choice|move stickyweb|switch 4
|
|switch|p2a: Muk|Muk, F|414\/414
|-sideend|p2: PokemonMasterTJ|move: Toxic Spikes|[of] p2a: Muk
|move|p1a: Smeargle|Sticky Web|p2a: Muk
|-sidestart|p2: PokemonMasterTJ|move: Sticky Web
|
|upkeep
|turn|6
|choice|move toxicspikes|switch 5
|
|switch|p2a: Lumineon|Lumineon, F|342\/342
|-activate|p2a: Lumineon|move: Sticky Web
|-unboost|p2a: Lumineon|spe|1
|move|p1a: Smeargle|Toxic Spikes|p2a: Lumineon
|-sidestart|p2: PokemonMasterTJ|move: Toxic Spikes
|
|upkeep
|turn|7
|choice|move partingshot|move defog
|
|move|p1a: Smeargle|Parting Shot|p2a: Lumineon
|-unboost|p2a: Lumineon|atk|1
|-unboost|p2a: Lumineon|spa|1
|choice|switch 3|
|
|switch|p1a: Drifblim|Drifblim, F|441\/441
|-damage|p1a: Drifblim|331\/441|[from] Stealth Rock
|move|p2a: Lumineon|Defog|p1a: Drifblim
|-unboost|p1a: Drifblim|evasion|1
|-sideend|p1: 2xTheTap|Stealth Rock|[from] move: Defog|[of] p1a: Drifblim
|-sideend|p2: PokemonMasterTJ|Toxic Spikes|[from] move: Defog|[of] p2a: Lumineon
|-sideend|p2: PokemonMasterTJ|Sticky Web|[from] move: Defog|[of] p2a: Lumineon
|
|upkeep
|turn|8
|choice|move stockpile|switch 3
|
|switch|p2a: Dodrio|Dodrio, M|261\/261
|move|p1a: Drifblim|Stockpile|p1a: Drifblim
|-start|p1a: Drifblim|stockpile1
|-boost|p1a: Drifblim|def|1
|-boost|p1a: Drifblim|spd|1
|
|upkeep
|turn|9
|choice|move knockoff|move pursuit
|
|move|p2a: Dodrio|Pursuit|p1a: Drifblim
|-supereffective|p1a: Drifblim
|-damage|p1a: Drifblim|217\/441
|-enditem|p1a: Drifblim|Weakness Policy
|-boost|p1a: Drifblim|atk|2
|-boost|p1a: Drifblim|spa|2
|move|p1a: Drifblim|Knock Off|p2a: Dodrio
|-damage|p2a: Dodrio|33\/261
|-enditem|p2a: Dodrio|Choice Scarf|[from] move: Knock Off|[of] p1a: Drifblim
|
|upkeep
|turn|10
|choice|move acrobatics|move knockoff
|
|move|p1a: Drifblim|Acrobatics|p2a: Dodrio
|-crit|p2a: Dodrio
|-damage|p2a: Dodrio|0 fnt
|faint|p2a: Dodrio
|
|upkeep
|c|☆PokemonMasterTJ|lol rip
|choice||switch 3
|
|switch|p2a: Lumineon|Lumineon, F|342\/342
|turn|11
|choice|move acrobatics|move toxic
|
|move|p1a: Drifblim|Acrobatics|p2a: Lumineon
|-damage|p2a: Lumineon|87\/342
|move|p2a: Lumineon|Toxic|p1a: Drifblim
|-status|p1a: Drifblim|tox
|
|-heal|p2a: Lumineon|108\/342|[from] item: Leftovers
|-damage|p1a: Drifblim|190\/441 tox|[from] psn
|upkeep
|turn|12
|choice|move acrobatics|move scald
|
|move|p1a: Drifblim|Acrobatics|p2a: Lumineon
|-damage|p2a: Lumineon|0 fnt
|faint|p2a: Lumineon
|
|-damage|p1a: Drifblim|136\/441 tox|[from] psn
|upkeep
|choice||switch 5
|
|switch|p2a: Muk|Muk, F|414\/414
|turn|13
|choice|move acrobatics|move rest
|
|move|p1a: Drifblim|Acrobatics|p2a: Muk
|-damage|p2a: Muk|11\/414
|move|p2a: Muk|Rest|p2a: Muk
|-status|p2a: Muk|slp
|-heal|p2a: Muk|414\/414 slp|[silent]
|-status|p2a: Muk|slp|[from] move: Rest
|
|-damage|p1a: Drifblim|55\/441 tox|[from] psn
|upkeep
|turn|14
|choice|move batonpass|switch 4
|
|switch|p2a: Bronzor|Bronzor|318\/318 slp
|move|p1a: Drifblim|Baton Pass|p1a: Drifblim
|choice|switch 5|
|
|switch|p1a: Frogadier|Frogadier, M|249\/249
|
|upkeep
|turn|15
|choice|move taunt|move toxic
|
|move|p1a: Frogadier|Taunt|p2a: Bronzor
|-start|p1a: Frogadier|typechange|Dark|[from] Protean
|-start|p2a: Bronzor|move: Taunt
|cant|p2a: Bronzor|slp
|
|upkeep
|turn|16
|choice|move hiddenpower|move psywave
|
|move|p1a: Frogadier|Hidden Power|p2a: Bronzor
|-start|p1a: Frogadier|typechange|Ghost|[from] Protean
|-supereffective|p2a: Bronzor
|-damage|p2a: Bronzor|45\/318 slp
|-damage|p1a: Frogadier|225\/249|[from] item: Life Orb
|-curestatus|p2a: Bronzor|slp|[msg]
|move|p2a: Bronzor|Psywave|p1a: Frogadier
|-damage|p1a: Frogadier|159\/249
|
|upkeep
|turn|17
|choice|move surf|move psywave
|
|move|p1a: Frogadier|Surf|p2a: Bronzor
|-start|p1a: Frogadier|typechange|Water|[from] Protean
|-damage|p2a: Bronzor|0 fnt
|-damage|p1a: Frogadier|135\/249|[from] item: Life Orb
|faint|p2a: Bronzor
|
|upkeep
|choice||switch 4
|
|switch|p2a: Muk|Muk, F|414\/414 slp
|turn|18
|choice|move taunt|move sleeptalk
|
|move|p1a: Frogadier|Taunt|p2a: Muk
|-start|p1a: Frogadier|typechange|Dark|[from] Protean
|-start|p2a: Muk|move: Taunt
|cant|p2a: Muk|slp
|cant|p2a: Muk|move: Taunt|Sleep Talk
|
|upkeep
|turn|19
|choice|move surf|move poisonjab
|
|move|p1a: Frogadier|Surf|p2a: Muk
|-start|p1a: Frogadier|typechange|Water|[from] Protean
|-damage|p2a: Muk|207\/414 slp
|-damage|p1a: Frogadier|111\/249|[from] item: Life Orb
|cant|p2a: Muk|slp
|
|-heal|p2a: Muk|232\/414 slp|[from] item: Black Sludge
|upkeep
|turn|20
|choice|move surf|move poisonjab
|
|move|p1a: Frogadier|Surf|p2a: Muk
|-damage|p2a: Muk|0 fnt
|-damage|p1a: Frogadier|87\/249|[from] item: Life Orb
|faint|p2a: Muk
|
|upkeep
|c|☆PokemonMasterTJ|=\/
|choice||switch 2
|
|switch|p2a: Grumpig|Grumpig, M|321\/321
|turn|21
|choice|move hiddenpower|move focusblast
|
|move|p1a: Frogadier|Hidden Power|p2a: Grumpig
|-start|p1a: Frogadier|typechange|Ghost|[from] Protean
|-supereffective|p2a: Grumpig
|-damage|p2a: Grumpig|0 fnt
|-damage|p1a: Frogadier|63\/249|[from] item: Life Orb
|faint|p2a: Grumpig
|
|upkeep
|choice||switch 6
|
|switch|p2a: Ninetales|Ninetales, F|287\/287
|turn|22
|choice|move surf|move energyball
|
|move|p2a: Ninetales|Energy Ball|p1a: Frogadier
|-damage|p1a: Frogadier|0 fnt
|faint|p1a: Frogadier
|
|upkeep
|c|☆PokemonMasterTJ|...
|c|☆PokemonMasterTJ|why did i think u had speed
|choice|switch 2|
|
|switch|p1a: Chinchou|Chinchou, M|325\/325
|turn|23
|c|☆2xTheTap|ninetales is always faster than frog
|c|☆PokemonMasterTJ|ik but
|c|☆2xTheTap|unless scarf, webs, or w\/e
|choice|move scald|move nastyplot
|
|move|p2a: Ninetales|Nasty Plot|p2a: Ninetales
|-boost|p2a: Ninetales|spa|2
|move|p1a: Chinchou|Scald|p2a: Ninetales
|-supereffective|p2a: Ninetales
|-damage|p2a: Ninetales|131\/287
|
|-heal|p2a: Ninetales|148\/287|[from] item: Leftovers
|upkeep
|turn|24
|c|☆PokemonMasterTJ|i thot u passed speed for some reason
|choice|move scald|move energyball
|
|move|p2a: Ninetales|Energy Ball|p1a: Chinchou
|-supereffective|p1a: Chinchou
|-damage|p1a: Chinchou|3\/325
|-unboost|p1a: Chinchou|spd|1
|move|p1a: Chinchou|Scald|p2a: Ninetales
|-supereffective|p2a: Ninetales
|-damage|p2a: Ninetales|0 fnt
|faint|p2a: Ninetales
|
|win|2xTheTap
|c|☆PokemonMasterTJ|rip
|c|☆PokemonMasterTJ|did tales just win
|c|☆2xTheTap|yes
|c|☆PokemonMasterTJ|yea
|c|☆PokemonMasterTJ|rip
|c|☆PokemonMasterTJ|hm so many the muk isnt a bad idea
|c|☆PokemonMasterTJ|maybe*
|c|☆2xTheTap|what
|c|☆PokemonMasterTJ|muk> chin for ninetales and rotom
|c|☆PokemonMasterTJ|also a wincon
|c|☆2xTheTap|it's just so passive
|c|☆2xTheTap|curse sets anyway
|c|☆2xTheTap|inviting in golem is pretty bad
|c|☆PokemonMasterTJ|av 4atks muk :thinking:
|c|☆2xTheTap|if webs are up, frog beats tales too
|c|☆PokemonMasterTJ|creep golem and run giga
|c|☆2xTheTap|yeah, could do a lure set
|c|☆2xTheTap|so that drifblim sweeps past golem and mawile
|c|☆PokemonMasterTJ|tales could run Passho Berry also
|c|☆PokemonMasterTJ|but u should be fine
|c|☆2xTheTap|no one uses rapid spin
|c|☆2xTheTap|or phazing
|c|☆2xTheTap|so
|c|☆2xTheTap|could just use floatzel lol
|c|☆2xTheTap|passho can't take a waterfall
|c|☆PokemonMasterTJ|yeah true
|c|☆PokemonMasterTJ|the frog is taunt 3atks?
|c|☆2xTheTap|yes
|c|☆PokemonMasterTJ|just use taunt float
|c|☆2xTheTap|protean tho
|c|☆2xTheTap|stab lo +2 ghost one shot the pig
|c|☆PokemonMasterTJ|is ghost only for pig?
|c|☆2xTheTap|it's for becoming ghost type and blocking rapid spin lol
|c|☆2xTheTap|doesnt work against cryo though
|c|☆2xTheTap|but also has decent coverage
|j|GeneralAnnoyance
|c|☆PokemonMasterTJ|eh u have gourg and u dont beat cryo so was thinking dark pulse
|c|☆PokemonMasterTJ|hits zor and pig hard also
|c|☆2xTheTap|want to avoid para from pig once it's boosted, so doing that against colbur doesnt work
|c|☆2xTheTap|lmao cryo solos this team
|c|☆2xTheTap|hp ground LO kills everything
|c|☆PokemonMasterTJ|yup
|c|☆2xTheTap|252 SpA Cryogonal Freeze-Dry vs. 12 HP \/ 36 SpD Drifblim: 288-338 (64.8 - 76.1%) -- guaranteed 2HKO
|c|☆2xTheTap|activates the sweep
|c|☆PokemonMasterTJ|lap also solos
|c|☆2xTheTap|lap solos everything
|c|☆2xTheTap|you basically just have to check it
|c|☆2xTheTap|you can't switch in very well with most teams
|l|GeneralAnnoyance</script>
</div>
<div class="battle-log battle-log-inline"><div class="inner"><div class="battle-options"></div><div class="inner"><div class="chat"><small>2xTheTap joined.</small></div><div class="chat"><small>PokemonMasterTJ joined.</small></div><div class=""><small>Format:</small> <br><strong>PU</strong></div><div class=""><small><em>Sleep Clause Mod:</em> Limit one foe put to sleep</small></div><div class=""><small><em>Species Clause:</em> Limit one of each Pokémon</small></div><div class=""><small><em>OHKO Clause:</em> OHKO moves are banned</small></div><div class=""><small><em>Moody Clause:</em> Moody is banned</small></div><div class=""><small><em>Evasion Moves Clause:</em> Evasion moves are banned</small></div><div class=""><small><em>Endless Battle Clause:</em> Forcing endless battles is banned</small></div><div class=""><small><em>HP Percentage Mod:</em> HP is shown in percentages</small></div><div class=""><small><em>Swagger Clause:</em> Swagger is banned</small></div><div class=""><small><em>Baton Pass Clause:</em> Limit one Baton Passer, can't pass Spe and other stats simultaneously</small></div><div class="chat battle-history"><strong>2xTheTap's team:</strong> <em style="color:#445566;display:block;">Frogadier / Chinchou / Drifblim / Gourgeist-* / Smeargle / Mawile</em></div><div class="chat battle-history"><strong>PokemonMasterTJ's team:</strong> <em style="color:#445566;display:block;">Bronzor / Grumpig / Dodrio / Muk / Lumineon / Ninetales</em></div><div class="spacer battle-history"><br></div><div class="battle-history">Battle started between 2xTheTap and PokemonMasterTJ!<br></div><div class="spacer battle-history"><br></div><div class="battle-history">Go! <strong>Smeargle</strong>!<br></div><div class="spacer battle-history"><br></div><div class="battle-history">PokemonMasterTJ sent out <strong>Bronzor</strong>!<br></div><div class="spacer battle-history"><br></div><h2 class="battle-history">Turn 1</h2><div class="chat chatmessage-pokemonmastertj"><strong style="color:hsl(26,75%,48%)"><small>☆</small><span class="username" data-name="PokemonMasterTJ">PokemonMasterTJ</span>:</strong> <em>lol missclick</em></div><div class="spacer battle-history"><br></div><div class="battle-history">Smeargle used <strong>Dark Void</strong>!<br></div><div class="battle-history"><small>The opposing Bronzor avoided the attack!</small><br></div><div class="spacer battle-history"><br></div><div class="battle-history">The opposing Bronzor used <strong>Stealth Rock</strong>!<br></div><div class="battle-history"><small>Pointed stones float in the air around your team!</small><br></div><div class="spacer battle-history"><br></div><h2 class="battle-history">Turn 2</h2><div class="spacer battle-history"><br></div><div class="battle-history">PokemonMasterTJ withdrew Bronzor!<br></div><div class="battle-history">PokemonMasterTJ sent out <strong>Muk</strong>!<br></div><div class="spacer battle-history"><br></div><div class="battle-history">Smeargle used <strong>Dark Void</strong>!<br></div><div class="battle-history"><small>The opposing Muk avoided the attack!</small><br></div><div class="spacer battle-history"><br></div><h2 class="battle-history">Turn 3</h2><div class="spacer battle-history"><br></div><div class="battle-history">Smeargle used <strong>Toxic Spikes</strong>!<br></div><div class="battle-history"><small>Poison spikes were scattered on the ground all around the opposing team!</small><br></div><div class="spacer battle-history"><br></div><div class="battle-history">The opposing Muk used <strong>Poison Jab</strong>!<br></div><div class="battle-history"><small>(Smeargle lost <abbr title="−211/313">67.4%</abbr> of its health!)</small><br></div><div class="spacer battle-history"><br></div><h2 class="battle-history">Turn 4</h2><div class="spacer battle-history"><br></div><div class="battle-history">PokemonMasterTJ withdrew Muk!<br></div><div class="battle-history">PokemonMasterTJ sent out <strong>Bronzor</strong>!<br></div><div class="spacer battle-history"><br></div><div class="battle-history">Smeargle used <strong>Dark Void</strong>!<br></div><div class="battle-history"><small>The opposing Bronzor fell asleep!</small><br></div><div class="spacer battle-history"><br></div><h2 class="battle-history">Turn 5</h2><div class="spacer battle-history"><br></div><div class="battle-history">PokemonMasterTJ withdrew Bronzor!<br></div><div class="battle-history">PokemonMasterTJ sent out <strong>Muk</strong>!<br></div><div class="battle-history"><small>The poison spikes disappeared from the ground around the opposing team!</small><br></div><div class="spacer battle-history"><br></div><div class="battle-history">Smeargle used <strong>Sticky Web</strong>!<br></div><div class="battle-history"><small>A sticky web spreads out on the ground around the opposing team!</small><br></div><div class="spacer battle-history"><br></div><h2 class="battle-history">Turn 6</h2><div class="spacer battle-history"><br></div><div class="battle-history">PokemonMasterTJ withdrew Muk!<br></div><div class="battle-history">PokemonMasterTJ sent out <strong>Lumineon</strong>!<br></div><div class="battle-history"><small>The opposing Lumineon was caught in a sticky web!</small><br></div><div class="battle-history"><small>The opposing Lumineon's Speed fell!</small><br></div><div class="spacer battle-history"><br></div><div class="battle-history">Smeargle used <strong>Toxic Spikes</strong>!<br></div><div class="battle-history"><small>Poison spikes were scattered on the ground all around the opposing team!</small><br></div><div class="spacer battle-history"><br></div><h2 class="battle-history">Turn 7</h2><div class="spacer battle-history"><br></div><div class="battle-history">Smeargle used <strong>Parting Shot</strong>!<br></div><div class="battle-history"><small>The opposing Lumineon's Attack fell!</small><br></div><div class="battle-history"><small>The opposing Lumineon's Special Attack fell!</small><br></div><div class="spacer battle-history"><br></div><div class="battle-history">Smeargle, come back!<br></div><div class="battle-history">Go! <strong>Drifblim</strong>!<br></div><div class="battle-history"><small>Pointed stones dug into Drifblim!</small><br></div><div class="spacer battle-history"><br></div><div class="battle-history">The opposing Lumineon used <strong>Defog</strong>!<br></div><div class="battle-history"><small>Drifblim's evasiveness fell!</small><br></div><div class="battle-history"><small>The pointed stones disappeared from around your team!</small><br></div><div class="battle-history"><small>The poison spikes disappeared from the ground around the opposing team!</small><br></div><div class="battle-history"><small>The sticky web has disappeared from the ground around the opposing team!</small><br></div><div class="spacer battle-history"><br></div><h2 class="battle-history">Turn 8</h2><div class="spacer battle-history"><br></div><div class="battle-history">PokemonMasterTJ withdrew Lumineon!<br></div><div class="battle-history">PokemonMasterTJ sent out <strong>Dodrio</strong>!<br></div><div class="spacer battle-history"><br></div><div class="battle-history">Drifblim used <strong>Stockpile</strong>!<br></div><div class="battle-history"><small>Drifblim stockpiled 1!</small><br></div><div class="battle-history"><small>Drifblim's Defense rose!</small><br></div><div class="battle-history"><small>Drifblim's Special Defense rose!</small><br></div><div class="spacer battle-history"><br></div><h2 class="battle-history">Turn 9</h2><div class="spacer battle-history"><br></div><div class="battle-history">The opposing Dodrio used <strong>Pursuit</strong>!<br></div><div class="battle-history"><small>It's super effective!</small><br></div><div class="battle-history"><small>(Drifblim lost <abbr title="−114/441">25.9%</abbr> of its health!)</small><br></div><div class="battle-history"><small>(Drifblim used its Weakness Policy!)</small><br></div><div class="battle-history"><small>Drifblim's Attack rose sharply!</small><br></div><div class="battle-history"><small>Drifblim's Special Attack rose sharply!</small><br></div><div class="spacer battle-history"><br></div><div class="battle-history">Drifblim used <strong>Knock Off</strong>!<br></div><div class="battle-history"><small>(The opposing Dodrio lost <abbr title="−228/261">87.4%</abbr> of its health!)</small><br></div><div class="battle-history"><small>Drifblim knocked off the opposing Dodrio's Choice Scarf!</small><br></div><div class="spacer battle-history"><br></div><h2 class="battle-history">Turn 10</h2><div class="spacer battle-history"><br></div><div class="battle-history">Drifblim used <strong>Acrobatics</strong>!<br></div><div class="battle-history"><small>A critical hit!</small><br></div><div class="battle-history"><small>(The opposing Dodrio lost <abbr title="−33/261">12.6%</abbr> of its health!)</small><br></div><div class="spacer battle-history"><br></div><div class="battle-history">The opposing Dodrio fainted!<br></div><div class="chat chatmessage-pokemonmastertj"><strong style="color:hsl(26,75%,48%)"><small>☆</small><span class="username" data-name="PokemonMasterTJ">PokemonMasterTJ</span>:</strong> <em>lol rip</em></div><div class="spacer battle-history"><br></div><div class="battle-history">PokemonMasterTJ sent out <strong>Lumineon</strong>!<br></div><div class="spacer battle-history"><br></div><h2 class="battle-history">Turn 11</h2><div class="spacer battle-history"><br></div><div class="battle-history">Drifblim used <strong>Acrobatics</strong>!<br></div><div class="battle-history"><small>(The opposing Lumineon lost <abbr title="−255/342">74.6%</abbr> of its health!)</small><br></div><div class="spacer battle-history"><br></div><div class="battle-history">The opposing Lumineon used <strong>Toxic</strong>!<br></div><div class="battle-history"><small>Drifblim was badly poisoned!</small><br></div><div class="spacer battle-history"><br></div><div class="battle-history"><small>The opposing Lumineon restored a little HP using its Leftovers!</small><br></div><div class="battle-history"><small>Drifblim was hurt by poison!</small><br></div><div class="spacer battle-history"><br></div><h2 class="battle-history">Turn 12</h2><div class="spacer battle-history"><br></div><div class="battle-history">Drifblim used <strong>Acrobatics</strong>!<br></div><div class="battle-history"><small>(The opposing Lumineon lost <abbr title="−108/342">31.6%</abbr> of its health!)</small><br></div><div class="spacer battle-history"><br></div><div class="battle-history">The opposing Lumineon fainted!<br></div><div class="spacer battle-history"><br></div><div class="battle-history"><small>Drifblim was hurt by poison!</small><br></div><div class="spacer battle-history"><br></div><div class="battle-history">PokemonMasterTJ sent out <strong>Muk</strong>!<br></div><div class="spacer battle-history"><br></div><h2 class="battle-history">Turn 13</h2><div class="spacer battle-history"><br></div><div class="battle-history">Drifblim used <strong>Acrobatics</strong>!<br></div><div class="battle-history"><small>(The opposing Muk lost <abbr title="−403/414">97.3%</abbr> of its health!)</small><br></div><div class="spacer battle-history"><br></div><div class="battle-history">The opposing Muk used <strong>Rest</strong>!<br></div><div class="battle-history"><small>The opposing Muk fell asleep!</small><br></div><div class="battle-history"><small>The opposing Muk slept and became healthy!</small><br></div><div class="spacer battle-history"><br></div><div class="battle-history"><small>Drifblim was hurt by poison!</small><br></div><div class="spacer battle-history"><br></div><h2 class="battle-history">Turn 14</h2><div class="spacer battle-history"><br></div><div class="battle-history">PokemonMasterTJ withdrew Muk!<br></div><div class="battle-history">PokemonMasterTJ sent out <strong>Bronzor</strong>!<br></div><div class="spacer battle-history"><br></div><div class="battle-history">Drifblim used <strong>Baton Pass</strong>!<br></div><div class="spacer battle-history"><br></div><div class="battle-history">Go! <strong>Frogadier</strong>!<br></div><div class="spacer battle-history"><br></div><h2 class="battle-history">Turn 15</h2><div class="spacer battle-history"><br></div><div class="battle-history">Frogadier used <strong>Taunt</strong>!<br></div><div class="spacer battle-history"><br></div><div class="battle-history"><small>[Frogadier's Protean]</small><br><small>Frogadier transformed into the Dark type!</small><br></div><div class="battle-history"><small>The opposing Bronzor fell for the taunt!</small><br></div><div class="spacer battle-history"><br></div><div class="battle-history">The opposing Bronzor is fast asleep.<br></div><div class="spacer battle-history"><br></div><h2 class="battle-history">Turn 16</h2><div class="spacer battle-history"><br></div><div class="battle-history">Frogadier used <strong>Hidden Power</strong>!<br></div><div class="spacer battle-history"><br></div><div class="battle-history"><small>[Frogadier's Protean]</small><br><small>Frogadier transformed into the Ghost type!</small><br></div><div class="battle-history"><small>It's super effective!</small><br></div><div class="battle-history"><small>(The opposing Bronzor lost <abbr title="−273/318">85.8%</abbr> of its health!)</small><br></div><div class="battle-history"><small>Frogadier lost some of its HP!</small><br></div><div class="battle-history"><small>The opposing Bronzor woke up!</small><br></div><div class="spacer battle-history"><br></div><div class="battle-history">The opposing Bronzor used <strong>Psywave</strong>!<br></div><div class="battle-history"><small>(Frogadier lost <abbr title="−66/249">26.5%</abbr> of its health!)</small><br></div><div class="spacer battle-history"><br></div><h2 class="battle-history">Turn 17</h2><div class="spacer battle-history"><br></div><div class="battle-history">Frogadier used <strong>Surf</strong>!<br></div><div class="spacer battle-history"><br></div><div class="battle-history"><small>[Frogadier's Protean]</small><br><small>Frogadier transformed into the Water type!</small><br></div><div class="battle-history"><small>(The opposing Bronzor lost <abbr title="−45/318">14.2%</abbr> of its health!)</small><br></div><div class="battle-history"><small>Frogadier lost some of its HP!</small><br></div><div class="spacer battle-history"><br></div><div class="battle-history">The opposing Bronzor fainted!<br></div><div class="spacer battle-history"><br></div><div class="battle-history">PokemonMasterTJ sent out <strong>Muk</strong>!<br></div><div class="spacer battle-history"><br></div><h2 class="battle-history">Turn 18</h2><div class="spacer battle-history"><br></div><div class="battle-history">Frogadier used <strong>Taunt</strong>!<br></div><div class="spacer battle-history"><br></div><div class="battle-history"><small>[Frogadier's Protean]</small><br><small>Frogadier transformed into the Dark type!</small><br></div><div class="battle-history"><small>The opposing Muk fell for the taunt!</small><br></div><div class="spacer battle-history"><br></div><div class="battle-history">The opposing Muk is fast asleep.<br></div><div class="spacer battle-history"><br></div><div class="battle-history">The opposing Muk can't use Sleep Talk after the taunt!<br></div><div class="spacer battle-history"><br></div><h2 class="battle-history">Turn 19</h2><div class="spacer battle-history"><br></div><div class="battle-history">Frogadier used <strong>Surf</strong>!<br></div><div class="spacer battle-history"><br></div><div class="battle-history"><small>[Frogadier's Protean]</small><br><small>Frogadier transformed into the Water type!</small><br></div><div class="battle-history"><small>(The opposing Muk lost <abbr title="−207/414">50%</abbr> of its health!)</small><br></div><div class="battle-history"><small>Frogadier lost some of its HP!</small><br></div><div class="spacer battle-history"><br></div><div class="battle-history">The opposing Muk is fast asleep.<br></div><div class="spacer battle-history"><br></div><div class="battle-history"><small>The opposing Muk restored a little HP using its Black Sludge!</small><br></div><div class="spacer battle-history"><br></div><h2 class="battle-history">Turn 20</h2><div class="spacer battle-history"><br></div><div class="battle-history">Frogadier used <strong>Surf</strong>!<br></div><div class="battle-history"><small>(The opposing Muk lost <abbr title="−232/414">56.0%</abbr> of its health!)</small><br></div><div class="battle-history"><small>Frogadier lost some of its HP!</small><br></div><div class="spacer battle-history"><br></div><div class="battle-history">The opposing Muk fainted!<br></div><div class="chat chatmessage-pokemonmastertj"><strong style="color:hsl(26,75%,48%)"><small>☆</small><span class="username" data-name="PokemonMasterTJ">PokemonMasterTJ</span>:</strong> <em>=/</em></div><div class="spacer battle-history"><br></div><div class="battle-history">PokemonMasterTJ sent out <strong>Grumpig</strong>!<br></div><div class="spacer battle-history"><br></div><h2 class="battle-history">Turn 21</h2><div class="spacer battle-history"><br></div><div class="battle-history">Frogadier used <strong>Hidden Power</strong>!<br></div><div class="spacer battle-history"><br></div><div class="battle-history"><small>[Frogadier's Protean]</small><br><small>Frogadier transformed into the Ghost type!</small><br></div><div class="battle-history"><small>It's super effective!</small><br></div><div class="battle-history"><small>(The opposing Grumpig lost <abbr title="−321/321">100%</abbr> of its health!)</small><br></div><div class="battle-history"><small>Frogadier lost some of its HP!</small><br></div><div class="spacer battle-history"><br></div><div class="battle-history">The opposing Grumpig fainted!<br></div><div class="spacer battle-history"><br></div><div class="battle-history">PokemonMasterTJ sent out <strong>Ninetales</strong>!<br></div><div class="spacer battle-history"><br></div><h2 class="battle-history">Turn 22</h2><div class="spacer battle-history"><br></div><div class="battle-history">The opposing Ninetales used <strong>Energy Ball</strong>!<br></div><div class="battle-history"><small>(Frogadier lost <abbr title="−63/249">25.3%</abbr> of its health!)</small><br></div><div class="spacer battle-history"><br></div><div class="battle-history">Frogadier fainted!<br></div><div class="chat chatmessage-pokemonmastertj"><strong style="color:hsl(26,75%,48%)"><small>☆</small><span class="username" data-name="PokemonMasterTJ">PokemonMasterTJ</span>:</strong> <em>...</em></div><div class="chat chatmessage-pokemonmastertj"><strong style="color:hsl(26,75%,48%)"><small>☆</small><span class="username" data-name="PokemonMasterTJ">PokemonMasterTJ</span>:</strong> <em>why did i think u had speed</em></div><div class="spacer battle-history"><br></div><div class="battle-history">Go! <strong>Chinchou</strong>!<br></div><div class="spacer battle-history"><br></div><h2 class="battle-history">Turn 23</h2><div class="chat chatmessage-2xthetap"><strong style="color:hsl(356,51%,50.948703188140954%)"><small>☆</small><span class="username" data-name="2xTheTap">2xTheTap</span>:</strong> <em>ninetales is always faster than frog</em></div><div class="chat chatmessage-pokemonmastertj"><strong style="color:hsl(26,75%,48%)"><small>☆</small><span class="username" data-name="PokemonMasterTJ">PokemonMasterTJ</span>:</strong> <em>ik but</em></div><div class="chat chatmessage-2xthetap"><strong style="color:hsl(356,51%,50.948703188140954%)"><small>☆</small><span class="username" data-name="2xTheTap">2xTheTap</span>:</strong> <em>unless scarf, webs, or w/e</em></div><div class="spacer battle-history"><br></div><div class="battle-history">The opposing Ninetales used <strong>Nasty Plot</strong>!<br></div><div class="battle-history"><small>The opposing Ninetales's Special Attack rose sharply!</small><br></div><div class="spacer battle-history"><br></div><div class="battle-history">Chinchou used <strong>Scald</strong>!<br></div><div class="battle-history"><small>It's super effective!</small><br></div><div class="battle-history"><small>(The opposing Ninetales lost <abbr title="−156/287">54.4%</abbr> of its health!)</small><br></div><div class="spacer battle-history"><br></div><div class="battle-history"><small>The opposing Ninetales restored a little HP using its Leftovers!</small><br></div><div class="spacer battle-history"><br></div><h2 class="battle-history">Turn 24</h2><div class="chat chatmessage-pokemonmastertj"><strong style="color:hsl(26,75%,48%)"><small>☆</small><span class="username" data-name="PokemonMasterTJ">PokemonMasterTJ</span>:</strong> <em>i thot u passed speed for some reason</em></div><div class="spacer battle-history"><br></div><div class="battle-history">The opposing Ninetales used <strong>Energy Ball</strong>!<br></div><div class="battle-history"><small>It's super effective!</small><br></div><div class="battle-history"><small>(Chinchou lost <abbr title="−322/325">99.1%</abbr> of its health!)</small><br></div><div class="battle-history"><small>Chinchou's Special Defense fell!</small><br></div><div class="spacer battle-history"><br></div><div class="battle-history">Chinchou used <strong>Scald</strong>!<br></div><div class="battle-history"><small>It's super effective!</small><br></div><div class="battle-history"><small>(The opposing Ninetales lost <abbr title="−148/287">51.6%</abbr> of its health!)</small><br></div><div class="spacer battle-history"><br></div><div class="battle-history">The opposing Ninetales fainted!<br></div><div class="spacer battle-history"><br></div><div class="battle-history"><strong>2xTheTap</strong> won the battle!<br></div><div class="chat chatmessage-pokemonmastertj"><strong style="color:hsl(26,75%,48%)"><small>☆</small><span class="username" data-name="PokemonMasterTJ">PokemonMasterTJ</span>:</strong> <em>rip</em></div><div class="chat chatmessage-pokemonmastertj"><strong style="color:hsl(26,75%,48%)"><small>☆</small><span class="username" data-name="PokemonMasterTJ">PokemonMasterTJ</span>:</strong> <em>did tales just win</em></div><div class="chat chatmessage-2xthetap"><strong style="color:hsl(356,51%,50.948703188140954%)"><small>☆</small><span class="username" data-name="2xTheTap">2xTheTap</span>:</strong> <em>yes</em></div><div class="chat chatmessage-pokemonmastertj"><strong style="color:hsl(26,75%,48%)"><small>☆</small><span class="username" data-name="PokemonMasterTJ">PokemonMasterTJ</span>:</strong> <em>yea</em></div><div class="chat chatmessage-pokemonmastertj"><strong style="color:hsl(26,75%,48%)"><small>☆</small><span class="username" data-name="PokemonMasterTJ">PokemonMasterTJ</span>:</strong> <em>rip</em></div><div class="chat chatmessage-pokemonmastertj"><strong style="color:hsl(26,75%,48%)"><small>☆</small><span class="username" data-name="PokemonMasterTJ">PokemonMasterTJ</span>:</strong> <em>hm so many the muk isnt a bad idea</em></div><div class="chat chatmessage-pokemonmastertj"><strong style="color:hsl(26,75%,48%)"><small>☆</small><span class="username" data-name="PokemonMasterTJ">PokemonMasterTJ</span>:</strong> <em>maybe*</em></div><div class="chat chatmessage-2xthetap"><strong style="color:hsl(356,51%,50.948703188140954%)"><small>☆</small><span class="username" data-name="2xTheTap">2xTheTap</span>:</strong> <em>what</em></div><div class="chat chatmessage-pokemonmastertj"><strong style="color:hsl(26,75%,48%)"><small>☆</small><span class="username" data-name="PokemonMasterTJ">PokemonMasterTJ</span>:</strong> <em>muk&gt; chin for ninetales and rotom</em></div><div class="chat chatmessage-pokemonmastertj"><strong style="color:hsl(26,75%,48%)"><small>☆</small><span class="username" data-name="PokemonMasterTJ">PokemonMasterTJ</span>:</strong> <em>also a wincon</em></div><div class="chat chatmessage-2xthetap"><strong style="color:hsl(356,51%,50.948703188140954%)"><small>☆</small><span class="username" data-name="2xTheTap">2xTheTap</span>:</strong> <em>it's just so passive</em></div><div class="chat chatmessage-2xthetap"><strong style="color:hsl(356,51%,50.948703188140954%)"><small>☆</small><span class="username" data-name="2xTheTap">2xTheTap</span>:</strong> <em>curse sets anyway</em></div><div class="chat chatmessage-2xthetap"><strong style="color:hsl(356,51%,50.948703188140954%)"><small>☆</small><span class="username" data-name="2xTheTap">2xTheTap</span>:</strong> <em>inviting in golem is pretty bad</em></div><div class="chat chatmessage-pokemonmastertj"><strong style="color:hsl(26,75%,48%)"><small>☆</small><span class="username" data-name="PokemonMasterTJ">PokemonMasterTJ</span>:</strong> <em>av 4atks muk :thinking:</em></div><div class="chat chatmessage-2xthetap"><strong style="color:hsl(356,51%,50.948703188140954%)"><small>☆</small><span class="username" data-name="2xTheTap">2xTheTap</span>:</strong> <em>if webs are up, frog beats tales too</em></div><div class="chat chatmessage-pokemonmastertj"><strong style="color:hsl(26,75%,48%)"><small>☆</small><span class="username" data-name="PokemonMasterTJ">PokemonMasterTJ</span>:</strong> <em>creep golem and run giga</em></div><div class="chat chatmessage-2xthetap"><strong style="color:hsl(356,51%,50.948703188140954%)"><small>☆</small><span class="username" data-name="2xTheTap">2xTheTap</span>:</strong> <em>yeah, could do a lure set</em></div><div class="chat chatmessage-2xthetap"><strong style="color:hsl(356,51%,50.948703188140954%)"><small>☆</small><span class="username" data-name="2xTheTap">2xTheTap</span>:</strong> <em>so that drifblim sweeps past golem and mawile</em></div><div class="chat chatmessage-pokemonmastertj"><strong style="color:hsl(26,75%,48%)"><small>☆</small><span class="username" data-name="PokemonMasterTJ">PokemonMasterTJ</span>:</strong> <em>tales could run Passho Berry also</em></div><div class="chat chatmessage-pokemonmastertj"><strong style="color:hsl(26,75%,48%)"><small>☆</small><span class="username" data-name="PokemonMasterTJ">PokemonMasterTJ</span>:</strong> <em>but u should be fine</em></div><div class="chat chatmessage-2xthetap"><strong style="color:hsl(356,51%,50.948703188140954%)"><small>☆</small><span class="username" data-name="2xTheTap">2xTheTap</span>:</strong> <em>no one uses rapid spin</em></div><div class="chat chatmessage-2xthetap"><strong style="color:hsl(356,51%,50.948703188140954%)"><small>☆</small><span class="username" data-name="2xTheTap">2xTheTap</span>:</strong> <em>or phazing</em></div><div class="chat chatmessage-2xthetap"><strong style="color:hsl(356,51%,50.948703188140954%)"><small>☆</small><span class="username" data-name="2xTheTap">2xTheTap</span>:</strong> <em>so</em></div><div class="chat chatmessage-2xthetap"><strong style="color:hsl(356,51%,50.948703188140954%)"><small>☆</small><span class="username" data-name="2xTheTap">2xTheTap</span>:</strong> <em>could just use floatzel lol</em></div><div class="chat chatmessage-2xthetap"><strong style="color:hsl(356,51%,50.948703188140954%)"><small>☆</small><span class="username" data-name="2xTheTap">2xTheTap</span>:</strong> <em>passho can't take a waterfall</em></div><div class="chat chatmessage-pokemonmastertj"><strong style="color:hsl(26,75%,48%)"><small>☆</small><span class="username" data-name="PokemonMasterTJ">PokemonMasterTJ</span>:</strong> <em>yeah true</em></div><div class="chat chatmessage-pokemonmastertj"><strong style="color:hsl(26,75%,48%)"><small>☆</small><span class="username" data-name="PokemonMasterTJ">PokemonMasterTJ</span>:</strong> <em>the frog is taunt 3atks?</em></div><div class="chat chatmessage-2xthetap"><strong style="color:hsl(356,51%,50.948703188140954%)"><small>☆</small><span class="username" data-name="2xTheTap">2xTheTap</span>:</strong> <em>yes</em></div><div class="chat chatmessage-pokemonmastertj"><strong style="color:hsl(26,75%,48%)"><small>☆</small><span class="username" data-name="PokemonMasterTJ">PokemonMasterTJ</span>:</strong> <em>just use taunt float</em></div><div class="chat chatmessage-2xthetap"><strong style="color:hsl(356,51%,50.948703188140954%)"><small>☆</small><span class="username" data-name="2xTheTap">2xTheTap</span>:</strong> <em>protean tho</em></div><div class="chat chatmessage-2xthetap"><strong style="color:hsl(356,51%,50.948703188140954%)"><small>☆</small><span class="username" data-name="2xTheTap">2xTheTap</span>:</strong> <em>stab lo +2 ghost one shot the pig</em></div><div class="chat chatmessage-pokemonmastertj"><strong style="color:hsl(26,75%,48%)"><small>☆</small><span class="username" data-name="PokemonMasterTJ">PokemonMasterTJ</span>:</strong> <em>is ghost only for pig?</em></div><div class="chat chatmessage-2xthetap"><strong style="color:hsl(356,51%,50.948703188140954%)"><small>☆</small><span class="username" data-name="2xTheTap">2xTheTap</span>:</strong> <em>it's for becoming ghost type and blocking rapid spin lol</em></div><div class="chat chatmessage-2xthetap"><strong style="color:hsl(356,51%,50.948703188140954%)"><small>☆</small><span class="username" data-name="2xTheTap">2xTheTap</span>:</strong> <em>doesnt work against cryo though</em></div><div class="chat chatmessage-2xthetap"><strong style="color:hsl(356,51%,50.948703188140954%)"><small>☆</small><span class="username" data-name="2xTheTap">2xTheTap</span>:</strong> <em>but also has decent coverage</em></div><div class="chat"><small>GeneralAnnoyance joined.</small></div><div class="chat chatmessage-pokemonmastertj"><strong style="color:hsl(26,75%,48%)"><small>☆</small><span class="username" data-name="PokemonMasterTJ">PokemonMasterTJ</span>:</strong> <em>eh u have gourg and u dont beat cryo so was thinking dark pulse</em></div><div class="chat chatmessage-pokemonmastertj"><strong style="color:hsl(26,75%,48%)"><small>☆</small><span class="username" data-name="PokemonMasterTJ">PokemonMasterTJ</span>:</strong> <em>hits zor and pig hard also</em></div><div class="chat chatmessage-2xthetap"><strong style="color:hsl(356,51%,50.948703188140954%)"><small>☆</small><span class="username" data-name="2xTheTap">2xTheTap</span>:</strong> <em>want to avoid para from pig once it's boosted, so doing that against colbur doesnt work</em></div><div class="chat chatmessage-2xthetap"><strong style="color:hsl(356,51%,50.948703188140954%)"><small>☆</small><span class="username" data-name="2xTheTap">2xTheTap</span>:</strong> <em>lmao cryo solos this team</em></div><div class="chat chatmessage-2xthetap"><strong style="color:hsl(356,51%,50.948703188140954%)"><small>☆</small><span class="username" data-name="2xTheTap">2xTheTap</span>:</strong> <em>hp ground LO kills everything</em></div><div class="chat chatmessage-pokemonmastertj"><strong style="color:hsl(26,75%,48%)"><small>☆</small><span class="username" data-name="PokemonMasterTJ">PokemonMasterTJ</span>:</strong> <em>yup</em></div><div class="chat chatmessage-2xthetap"><strong style="color:hsl(356,51%,50.948703188140954%)"><small>☆</small><span class="username" data-name="2xTheTap">2xTheTap</span>:</strong> <em>252 SpA Cryogonal Freeze-Dry vs. 12 HP / 36 SpD Drifblim: 288-338 (64.8 - 76.1%) -- guaranteed 2HKO</em></div><div class="chat chatmessage-2xthetap"><strong style="color:hsl(356,51%,50.948703188140954%)"><small>☆</small><span class="username" data-name="2xTheTap">2xTheTap</span>:</strong> <em>activates the sweep</em></div><div class="chat chatmessage-pokemonmastertj"><strong style="color:hsl(26,75%,48%)"><small>☆</small><span class="username" data-name="PokemonMasterTJ">PokemonMasterTJ</span>:</strong> <em>lap also solos</em></div><div class="chat chatmessage-2xthetap"><strong style="color:hsl(356,51%,50.948703188140954%)"><small>☆</small><span class="username" data-name="2xTheTap">2xTheTap</span>:</strong> <em>lap solos everything</em></div><div class="chat chatmessage-2xthetap"><strong style="color:hsl(356,51%,50.948703188140954%)"><small>☆</small><span class="username" data-name="2xTheTap">2xTheTap</span>:</strong> <em>you basically just have to check it</em></div><div class="chat chatmessage-2xthetap"><strong style="color:hsl(356,51%,50.948703188140954%)"><small>☆</small><span class="username" data-name="2xTheTap">2xTheTap</span>:</strong> <em>you can't switch in very well with most teams</em></div><div class="chat"><small>GeneralAnnoyance left.</small></div></div><div class="inner-preempt"></div></div></div>
</div>
<script>
let daily = Math.floor(Date.now()/1000/60/60/24);document.write('<script src="https://play.pokemonshowdown.com/js/replay-embed.js?version'+daily+'"></'+'script>');
</script>
