<!DOCTYPE html>
<meta charset="utf-8" />
<!-- version 1 -->
<title>PU replay: Teddeh vs. lcezasfuck</title>
<style>
html,body {font-family:Verdana, sans-serif;font-size:10pt;margin:0;padding:0;}body{padding:12px 0;} .battle-log {font-family:Verdana, sans-serif;font-size:10pt;} .battle-log-inline {border:1px solid #AAAAAA;background:#EEF2F5;color:black;max-width:640px;margin:0 auto 80px;padding-bottom:5px;} .battle-log .inner {padding:4px 8px 0px 8px;} .battle-log .inner-preempt {padding:0 8px 4px 8px;} .battle-log .inner-after {margin-top:0.5em;} .battle-log h2 {margin:0.5em -8px;padding:4px 8px;border:1px solid #AAAAAA;background:#E0E7EA;border-left:0;border-right:0;font-family:Verdana, sans-serif;font-size:13pt;} .battle-log .chat {vertical-align:middle;padding:3px 0 3px 0;font-size:8pt;} .battle-log .chat strong {color:#40576A;} .battle-log .chat em {padding:1px 4px 1px 3px;color:#000000;font-style:normal;} .chat.mine {background:rgba(0,0,0,0.05);margin-left:-8px;margin-right:-8px;padding-left:8px;padding-right:8px;} .spoiler {color:#BBBBBB;background:#BBBBBB;padding:0px 3px;} .spoiler:hover, .spoiler:active, .spoiler-shown {color:#000000;background:#E2E2E2;padding:0px 3px;} .spoiler a {color:#BBBBBB;} .spoiler:hover a, .spoiler:active a, .spoiler-shown a {color:#2288CC;} .chat code, .chat .spoiler:hover code, .chat .spoiler:active code, .chat .spoiler-shown code {border:1px solid #C0C0C0;background:#EEEEEE;color:black;padding:0 2px;} .chat .spoiler code {border:1px solid #CCCCCC;background:#CCCCCC;color:#CCCCCC;} .battle-log .rated {padding:3px 4px;} .battle-log .rated strong {color:white;background:#89A;padding:1px 4px;border-radius:4px;} .spacer {margin-top:0.5em;} .message-announce {background:#6688AA;color:white;padding:1px 4px 2px;} .message-announce a, .broadcast-green a, .broadcast-blue a, .broadcast-red a {color:#DDEEFF;} .broadcast-green {background-color:#559955;color:white;padding:2px 4px;} .broadcast-blue {background-color:#6688AA;color:white;padding:2px 4px;} .infobox {border:1px solid #6688AA;padding:2px 4px;} .infobox-limited {max-height:200px;overflow:auto;overflow-x:hidden;} .broadcast-red {background-color:#AA5544;color:white;padding:2px 4px;} .message-learn-canlearn {font-weight:bold;color:#228822;text-decoration:underline;} .message-learn-cannotlearn {font-weight:bold;color:#CC2222;text-decoration:underline;} .message-effect-weak {font-weight:bold;color:#CC2222;} .message-effect-resist {font-weight:bold;color:#6688AA;} .message-effect-immune {font-weight:bold;color:#666666;} .message-learn-list {margin-top:0;margin-bottom:0;} .message-throttle-notice, .message-error {color:#992222;} .message-overflow, .chat small.message-overflow {font-size:0pt;} .message-overflow::before {font-size:9pt;content:'...';} .subtle {color:#3A4A66;}
</style>
<div class="wrapper replay-wrapper" style="max-width:1180px;margin:0 auto">
<input type="hidden" name="replayid" value="pu-577556977" />
<div class="battle"></div><div class="battle-log"></div><div class="replay-controls"></div><div class="replay-controls-2"></div>
<h1 style="font-weight:normal;text-align:center"><strong>PU</strong><br /><a href="http://pokemonshowdown.com/users/teddeh" class="subtle" target="_blank">Teddeh</a> vs. <a href="http://pokemonshowdown.com/users/lcezasfuck" class="subtle" target="_blank">lcezasfuck</a></h1>
<script type="text/plain" class="battle-log-data">|j|Teddeh
|j|lcezasfuck
|player|p1|Teddeh|1
|player|p2|lcezasfuck|#teamrocket
|gametype|singles
|gen|6
|tier|PU
|seed|25994,55420,7202,29617
|rule|Sleep Clause Mod: Limit one foe put to sleep
|rule|Species Clause: Limit one of each Pokémon
|rule|OHKO Clause: OHKO moves are banned
|rule|Moody Clause: Moody is banned
|rule|Evasion Moves Clause: Evasion moves are banned
|rule|Endless Battle Clause: Forcing endless battles is banned
|rule|HP Percentage Mod: HP is shown in percentages
|clearpoke
|poke|p1|Dragonair, M|item
|poke|p1|Zweilous, F|item
|poke|p1|Fraxure, M|item
|poke|p1|Rampardos, M|item
|poke|p1|Probopass, M|item
|poke|p1|Clefairy, M|item
|poke|p2|Clefairy, M|item
|poke|p2|Servine, M|item
|poke|p2|Misdreavus, F|item
|poke|p2|Pelipper, M|item
|poke|p2|Golem, F|item
|poke|p2|Combusken, M|item
|rule|Swagger Clause: Swagger is banned
|rule|Baton Pass Clause: Limit one Baton Passer, can't pass Spe and other stats simultaneously
|teampreview
|j|quagsgone
|choice|team 3, team 2, team 1, team 4, team 5, team 6|team 3, team 2, team 1, team 4, team 5, team 6
|
|start
|switch|p1a: Fraxure|Fraxure, M|273\/273
|switch|p2a: Misdreavus|Misdreavus, F|324\/324
|-ability|p1a: Fraxure|Mold Breaker
|turn|1
|choice|switch 6|move willowisp
|
|switch|p1a: Clefairy|Clefairy, M|343\/343
|move|p2a: Misdreavus|Will-O-Wisp|p1a: Clefairy
|-status|p1a: Clefairy|brn
|
|upkeep
|turn|2
|choice|move thunderwave|move taunt
|
|move|p2a: Misdreavus|Taunt|p1a: Clefairy
|-start|p1a: Clefairy|move: Taunt
|cant|p1a: Clefairy|move: Taunt|Thunder Wave
|
|upkeep
|turn|3
|choice|switch 2|move hex
|
|switch|p1a: Zweilous|Zweilous, F|285\/285
|move|p2a: Misdreavus|Hex|p1a: Zweilous
|-resisted|p1a: Zweilous
|-damage|p1a: Zweilous|243\/285
|
|upkeep
|turn|4
|choice|move crunch|move willowisp
|
|move|p2a: Misdreavus|Will-O-Wisp|p1a: Zweilous
|-status|p1a: Zweilous|brn
|move|p1a: Zweilous|Crunch|p2a: Misdreavus|[miss]
|-miss|p1a: Zweilous|p2a: Misdreavus
|
|-damage|p1a: Zweilous|208\/285 brn|[from] brn
|upkeep
|turn|5
|choice|move crunch|switch 4
|
|switch|p2a: Pelipper|Pelipper, M|324\/324
|move|p1a: Zweilous|Crunch|p2a: Pelipper|[miss]
|-miss|p1a: Zweilous|p2a: Pelipper
|
|-damage|p1a: Zweilous|173\/285 brn|[from] brn
|upkeep
|turn|6
|choice|switch 2|move uturn
|
|switch|p1a: Clefairy|Clefairy, M|343\/343 brn
|move|p2a: Pelipper|U-turn|p1a: Clefairy
|-resisted|p1a: Clefairy
|-damage|p1a: Clefairy|333\/343 brn
|choice||switch 2
|
|switch|p2a: Servine|Servine, M|261\/261
|
|upkeep
|turn|7
|choice|switch 3|move taunt
|
|switch|p1a: Dragonair|Dragonair, M|325\/325
|move|p2a: Servine|Taunt|p1a: Dragonair
|-start|p1a: Dragonair|move: Taunt
|
|upkeep
|turn|8
|choice|move dragontail|switch 3
|
|switch|p2a: Clefairy|Clefairy, M|344\/344
|move|p1a: Dragonair|Dragon Tail|p2a: Clefairy
|-immune|p2a: Clefairy|[msg]
|
|upkeep
|turn|9
|choice|switch 5|move knockoff
|
|switch|p1a: Probopass|Probopass, M|291\/291
|move|p2a: Clefairy|Knock Off|p1a: Probopass
|-damage|p1a: Probopass|264\/291
|-enditem|p1a: Probopass|Leftovers|[from] move: Knock Off|[of] p2a: Clefairy
|
|upkeep
|turn|10
|choice|move stealthrock|switch 5
|
|switch|p2a: Golem|Golem, F|301\/301
|move|p1a: Probopass|Stealth Rock|p2a: Golem
|-sidestart|p2: lcezasfuck|move: Stealth Rock
|
|upkeep
|turn|11
|choice|move magnetrise|move stealthrock
|
|move|p2a: Golem|Stealth Rock|p1a: Probopass
|-sidestart|p1: Teddeh|move: Stealth Rock
|move|p1a: Probopass|Magnet Rise|p1a: Probopass
|-start|p1a: Probopass|Magnet Rise
|
|upkeep
|turn|12
|choice|move flashcannon|switch 2
|
|switch|p2a: Pelipper|Pelipper, M|324\/324
|-damage|p2a: Pelipper|243\/324|[from] stealthrock
|move|p1a: Probopass|Flash Cannon|p2a: Pelipper
|-resisted|p2a: Pelipper
|-damage|p2a: Pelipper|187\/324
|
|-heal|p2a: Pelipper|207\/324|[from] item: Leftovers
|upkeep
|turn|13
|choice|switch 6|move roost
|
|switch|p1a: Fraxure|Fraxure, M|273\/273
|-damage|p1a: Fraxure|239\/273|[from] stealthrock
|-ability|p1a: Fraxure|Mold Breaker
|move|p2a: Pelipper|Roost|p2a: Pelipper
|-heal|p2a: Pelipper|324\/324
|
|upkeep
|turn|14
|choice|move poisonjab|move defog
|
|move|p1a: Fraxure|Poison Jab|p2a: Pelipper
|-damage|p2a: Pelipper|214\/324
|move|p2a: Pelipper|Defog|p1a: Fraxure
|-unboost|p1a: Fraxure|evasion|1
|-sideend|p1: Teddeh|stealthrock|[from] move: Defog|[of] p1a: Fraxure
|-sideend|p2: lcezasfuck|stealthrock|[from] move: Defog|[of] p2a: Pelipper
|
|-heal|p2a: Pelipper|234\/324|[from] item: Leftovers
|upkeep
|turn|15
|choice|switch 4|move roost
|
|switch|p1a: Rampardos|Rampardos, M|335\/335
|move|p2a: Pelipper|Roost|p2a: Pelipper
|-heal|p2a: Pelipper|324\/324
|
|upkeep
|turn|16
|choice|switch 4|switch 4
|
|switch|p1a: Fraxure|Fraxure, M|239\/273
|-ability|p1a: Fraxure|Mold Breaker
|switch|p2a: Misdreavus|Misdreavus, F|324\/324
|
|upkeep
|turn|17
|choice|switch 3|move hex
|
|switch|p1a: Clefairy|Clefairy, M|333\/343 brn
|move|p2a: Misdreavus|Hex|p1a: Clefairy
|-damage|p1a: Clefairy|213\/343 brn
|
|upkeep
|turn|18
|choice|switch 4|move taunt
|
|switch|p1a: Rampardos|Rampardos, M|335\/335
|move|p2a: Misdreavus|Taunt|p1a: Rampardos
|-start|p1a: Rampardos|move: Taunt
|
|upkeep
|turn|19
|choice|move headsmash|move willowisp
|
|move|p1a: Rampardos|Head Smash|p2a: Misdreavus
|-damage|p2a: Misdreavus|0 fnt
|-damage|p1a: Rampardos|173\/335|[from] Recoil|[of] p2a: Misdreavus
|faint|p2a: Misdreavus
|
|upkeep
|choice||switch 2
|
|switch|p2a: Golem|Golem, F|301\/301
|turn|20
|choice|switch 3|move stealthrock
|
|switch|p1a: Fraxure|Fraxure, M|239\/273
|-ability|p1a: Fraxure|Mold Breaker
|move|p2a: Golem|Stealth Rock|p1a: Fraxure
|-sidestart|p1: Teddeh|move: Stealth Rock
|
|upkeep
|turn|21
|choice|move lowkick|switch 4
|
|switch|p2a: Pelipper|Pelipper, M|324\/324
|move|p1a: Fraxure|Low Kick|p2a: Pelipper
|-resisted|p2a: Pelipper
|-damage|p2a: Pelipper|282\/324
|
|-heal|p2a: Pelipper|302\/324|[from] item: Leftovers
|upkeep
|turn|22
|choice|switch 4|move uturn
|
|switch|p1a: Clefairy|Clefairy, M|213\/343 brn
|move|p2a: Pelipper|U-turn|p1a: Clefairy
|-resisted|p1a: Clefairy
|-damage|p1a: Clefairy|202\/343 brn
|j|TheTankCat
|choice||switch 4
|
|switch|p2a: Golem|Golem, F|301\/301
|
|upkeep
|turn|23
|choice|move softboiled|move earthquake
|
|move|p2a: Golem|Earthquake|p1a: Clefairy
|-damage|p1a: Clefairy|76\/343 brn
|move|p1a: Clefairy|Soft-Boiled|p1a: Clefairy
|-heal|p1a: Clefairy|248\/343 brn
|
|upkeep
|turn|24
|choice|move softboiled|move earthquake
|
|move|p2a: Golem|Earthquake|p1a: Clefairy
|-damage|p1a: Clefairy|122\/343 brn
|move|p1a: Clefairy|Soft-Boiled|p1a: Clefairy
|-heal|p1a: Clefairy|294\/343 brn
|
|upkeep
|turn|25
|choice|move softboiled|move earthquake
|
|move|p2a: Golem|Earthquake|p1a: Clefairy
|-crit|p1a: Clefairy
|-damage|p1a: Clefairy|81\/343 brn
|move|p1a: Clefairy|Soft-Boiled|p1a: Clefairy
|-heal|p1a: Clefairy|253\/343 brn
|
|upkeep
|turn|26
|choice|move softboiled|switch 4
|
|switch|p2a: Pelipper|Pelipper, M|302\/324
|move|p1a: Clefairy|Soft-Boiled|p1a: Clefairy
|-heal|p1a: Clefairy|343\/343 brn
|
|-heal|p2a: Pelipper|322\/324|[from] item: Leftovers
|upkeep
|turn|27
|choice|move calmmind|move uturn
|
|move|p2a: Pelipper|U-turn|p1a: Clefairy
|-resisted|p1a: Clefairy
|-damage|p1a: Clefairy|332\/343 brn
|choice||switch 4
|
|switch|p2a: Golem|Golem, F|301\/301
|move|p1a: Clefairy|Calm Mind|p1a: Clefairy
|-boost|p1a: Clefairy|spa|1
|-boost|p1a: Clefairy|spd|1
|
|upkeep
|turn|28
|choice|move moonblast|switch 5
|
|switch|p2a: Clefairy|Clefairy, M|344\/344
|move|p1a: Clefairy|Moonblast|p2a: Clefairy
|-damage|p2a: Clefairy|269\/344
|-unboost|p2a: Clefairy|spa|1
|
|upkeep
|turn|29
|choice|switch 6|move knockoff
|
|switch|p1a: Probopass|Probopass, M|264\/291
|-damage|p1a: Probopass|246\/291|[from] stealthrock
|move|p2a: Clefairy|Knock Off|p1a: Probopass
|-damage|p1a: Probopass|229\/291
|
|upkeep
|turn|30
|choice|move stealthrock|switch 3
|
|switch|p2a: Servine|Servine, M|261\/261
|move|p1a: Probopass|Stealth Rock|p2a: Servine
|-sidestart|p2: lcezasfuck|move: Stealth Rock
|
|upkeep
|turn|31
|choice|switch 5|move leafstorm
|
|switch|p1a: Dragonair|Dragonair, M|325\/325
|-damage|p1a: Dragonair|285\/325|[from] stealthrock
|move|p2a: Servine|Leaf Storm|p1a: Dragonair
|-resisted|p1a: Dragonair
|-damage|p1a: Dragonair|240\/325
|-boost|p2a: Servine|spa|2
|
|upkeep
|turn|32
|choice|move dragontail|move leafstorm
|
|move|p2a: Servine|Leaf Storm|p1a: Dragonair
|-resisted|p1a: Dragonair
|-damage|p1a: Dragonair|160\/325
|-boost|p2a: Servine|spa|2
|move|p1a: Dragonair|Dragon Tail|p2a: Servine|[miss]
|-miss|p1a: Dragonair|p2a: Servine
|
|upkeep
|turn|33
|l|TheTankCat
|choice|move rest|move leafstorm
|
|move|p2a: Servine|Leaf Storm|p1a: Dragonair
|-resisted|p1a: Dragonair
|-damage|p1a: Dragonair|37\/325
|-boost|p2a: Servine|spa|2
|move|p1a: Dragonair|Rest|p1a: Dragonair
|-status|p1a: Dragonair|slp
|-heal|p1a: Dragonair|325\/325 slp|[silent]
|-status|p1a: Dragonair|slp|[from] move: Rest
|
|upkeep
|turn|34
|choice|move sleeptalk|move leafstorm
|
|move|p2a: Servine|Leaf Storm|p1a: Dragonair
|-resisted|p1a: Dragonair
|-damage|p1a: Dragonair|148\/325 slp
|cant|p1a: Dragonair|slp
|move|p1a: Dragonair|Sleep Talk|p1a: Dragonair
|move|p1a: Dragonair|Rest|p1a: Dragonair|[from]Sleep Talk
|-fail|p1a: Dragonair
|
|upkeep
|turn|35
|choice|move sleeptalk|move leafstorm
|
|move|p2a: Servine|Leaf Storm|p1a: Dragonair
|-resisted|p1a: Dragonair
|-damage|p1a: Dragonair|0 fnt
|faint|p1a: Dragonair
|
|upkeep
|choice|switch 3|
|
|switch|p1a: Rampardos|Rampardos, M|173\/335
|-damage|p1a: Rampardos|132\/335|[from] stealthrock
|turn|36
|choice|move headsmash|switch 5
|
|switch|p2a: Golem|Golem, F|301\/301
|-damage|p2a: Golem|283\/301|[from] stealthrock
|move|p1a: Rampardos|Head Smash|p2a: Golem
|-resisted|p2a: Golem
|-damage|p2a: Golem|155\/301
|-damage|p1a: Rampardos|68\/335|[from] Recoil|[of] p2a: Golem
|
|upkeep
|turn|37
|choice|switch 2|move earthquake
|
|switch|p1a: Zweilous|Zweilous, F|173\/285 brn
|-damage|p1a: Zweilous|138\/285 brn|[from] stealthrock
|move|p2a: Golem|Earthquake|p1a: Zweilous
|-damage|p1a: Zweilous|0 fnt
|faint|p1a: Zweilous
|
|upkeep
|choice|switch 6|
|
|switch|p1a: Clefairy|Clefairy, M|332\/343 brn
|turn|38
|choice|switch 5|switch 3
|
|switch|p2a: Clefairy|Clefairy, M|269\/344
|switch|p1a: Probopass|Probopass, M|229\/291
|-damage|p1a: Probopass|211\/291|[from] stealthrock
|
|upkeep
|turn|39
|choice|switch 4|move softboiled
|
|switch|p1a: Fraxure|Fraxure, M|239\/273
|-damage|p1a: Fraxure|205\/273|[from] stealthrock
|-ability|p1a: Fraxure|Mold Breaker
|move|p2a: Clefairy|Soft-Boiled|p2a: Clefairy
|-heal|p2a: Clefairy|344\/344
|
|upkeep
|turn|40
|choice|move outrage|switch 4
|
|switch|p2a: Pelipper|Pelipper, M|322\/324
|-damage|p2a: Pelipper|241\/324|[from] stealthrock
|move|p1a: Fraxure|Outrage|p2a: Pelipper
|-damage|p2a: Pelipper|0 fnt
|faint|p2a: Pelipper
|
|upkeep
|choice||switch 4
|
|switch|p2a: Clefairy|Clefairy, M|344\/344
|turn|41
|choice|move outrage|move moonblast
|
|move|p1a: Fraxure|Outrage|p2a: Clefairy|[from]lockedmove
|-immune|p2a: Clefairy|[msg]
|move|p2a: Clefairy|Moonblast|p1a: Fraxure
|-supereffective|p1a: Fraxure
|-damage|p1a: Fraxure|0 fnt
|faint|p1a: Fraxure
|
|upkeep
|choice|switch 4|
|
|switch|p1a: Probopass|Probopass, M|211\/291
|-damage|p1a: Probopass|193\/291|[from] stealthrock
|turn|42
|choice|move earthpower|switch 6
|
|switch|p2a: Combusken|Combusken, M|261\/261
|-damage|p2a: Combusken|229\/261|[from] stealthrock
|move|p1a: Probopass|Earth Power|p2a: Combusken
|-supereffective|p2a: Combusken
|-damage|p2a: Combusken|77\/261
|
|upkeep
|turn|43
|choice|switch 5|move protect
|
|switch|p1a: Clefairy|Clefairy, M|332\/343 brn
|move|p2a: Combusken|Protect|p2a: Combusken
|-fail|p2a: Combusken
|
|-ability|p2a: Combusken|Speed Boost|boost
|-boost|p2a: Combusken|spe|1
|upkeep
|turn|44
|choice|move calmmind|move swordsdance
|
|move|p2a: Combusken|Swords Dance|p2a: Combusken
|-boost|p2a: Combusken|atk|2
|move|p1a: Clefairy|Calm Mind|p1a: Clefairy
|-boost|p1a: Clefairy|spa|1
|-boost|p1a: Clefairy|spd|1
|
|-ability|p2a: Combusken|Speed Boost|boost
|-boost|p2a: Combusken|spe|1
|upkeep
|turn|45
|choice|move softboiled|move firepunch
|
|move|p2a: Combusken|Fire Punch|p1a: Clefairy
|-crit|p1a: Clefairy
|-damage|p1a: Clefairy|100\/343 brn
|move|p1a: Clefairy|Soft-Boiled|p1a: Clefairy
|-heal|p1a: Clefairy|272\/343 brn
|
|-ability|p2a: Combusken|Speed Boost|boost
|-boost|p2a: Combusken|spe|1
|upkeep
|turn|46
|choice|move moonblast|move firepunch
|
|move|p2a: Combusken|Fire Punch|p1a: Clefairy
|-damage|p1a: Clefairy|109\/343 brn
|move|p1a: Clefairy|Moonblast|p2a: Combusken
|-damage|p2a: Combusken|0 fnt
|faint|p2a: Combusken
|
|upkeep
|choice||switch 3
|
|switch|p2a: Golem|Golem, F|155\/301
|-damage|p2a: Golem|137\/301|[from] stealthrock
|turn|47
|choice|move softboiled|move earthquake
|
|move|p2a: Golem|Earthquake|p1a: Clefairy
|-damage|p1a: Clefairy|0 fnt
|faint|p1a: Clefairy
|
|upkeep
|choice|switch 2|
|
|switch|p1a: Rampardos|Rampardos, M|68\/335
|-damage|p1a: Rampardos|27\/335|[from] stealthrock
|turn|48
|c|☆lcezasfuck|gg
|choice|move rockslide|move suckerpunch
|
|move|p2a: Golem|Sucker Punch|p1a: Rampardos
|-damage|p1a: Rampardos|0 fnt
|faint|p1a: Rampardos
|
|upkeep
|-message|Teddeh forfeited.
|
|win|lcezasfuck
|l|Teddeh</script>
</div>
<div class="battle-log battle-log-inline"><div class="inner"><div class="battle-options"></div><div class="inner"><div class="chat"><small>Teddeh joined.</small></div><div class="chat"><small>lcezasfuck joined.</small></div><div class=""><small>Format:</small> <br><strong>PU</strong></div><div class=""><small><em>Sleep Clause Mod:</em> Limit one foe put to sleep</small></div><div class=""><small><em>Species Clause:</em> Limit one of each Pokémon</small></div><div class=""><small><em>OHKO Clause:</em> OHKO moves are banned</small></div><div class=""><small><em>Moody Clause:</em> Moody is banned</small></div><div class=""><small><em>Evasion Moves Clause:</em> Evasion moves are banned</small></div><div class=""><small><em>Endless Battle Clause:</em> Forcing endless battles is banned</small></div><div class=""><small><em>HP Percentage Mod:</em> HP is shown in percentages</small></div><div class=""><small><em>Swagger Clause:</em> Swagger is banned</small></div><div class=""><small><em>Baton Pass Clause:</em> Limit one Baton Passer, can't pass Spe and other stats simultaneously</small></div><div class="chat battle-history"><strong>Teddeh's team:</strong> <em style="color:#445566;display:block;">Dragonair / Zweilous / Fraxure / Rampardos / Probopass / Clefairy</em></div><div class="chat battle-history"><strong>lcezasfuck's team:</strong> <em style="color:#445566;display:block;">Clefairy / Servine / Misdreavus / Pelipper / Golem / Combusken</em></div><div class="chat"><small>quagsgone joined.</small></div><div class="spacer battle-history"><br></div><div class="battle-history">Battle started between Teddeh and lcezasfuck!<br></div><div class="spacer battle-history"><br></div><div class="battle-history">Go! <strong>Fraxure</strong>!<br></div><div class="spacer battle-history"><br></div><div class="battle-history">lcezasfuck sent out <strong>Misdreavus</strong>!<br></div><div class="battle-history"><small>[Fraxure's Mold Breaker]</small><br><small>Fraxure breaks the mold!</small><br></div><div class="spacer battle-history"><br></div><h2 class="battle-history">Turn 1</h2><div class="spacer battle-history"><br></div><div class="battle-history">Fraxure, come back!<br></div><div class="battle-history">Go! <strong>Clefairy</strong>!<br></div><div class="spacer battle-history"><br></div><div class="battle-history">The opposing Misdreavus used <strong>Will-O-Wisp</strong>!<br></div><div class="battle-history"><small>Clefairy was burned!</small><br></div><div class="spacer battle-history"><br></div><h2 class="battle-history">Turn 2</h2><div class="spacer battle-history"><br></div><div class="battle-history">The opposing Misdreavus used <strong>Taunt</strong>!<br></div><div class="battle-history"><small>Clefairy fell for the taunt!</small><br></div><div class="spacer battle-history"><br></div><div class="battle-history">Clefairy can't use Thunder Wave after the taunt!<br></div><div class="spacer battle-history"><br></div><h2 class="battle-history">Turn 3</h2><div class="spacer battle-history"><br></div><div class="battle-history">Clefairy, come back!<br></div><div class="battle-history">Go! <strong>Zweilous</strong>!<br></div><div class="spacer battle-history"><br></div><div class="battle-history">The opposing Misdreavus used <strong>Hex</strong>!<br></div><div class="battle-history"><small>It's not very effective...</small><br></div><div class="battle-history"><small>(Zweilous lost <abbr title="−42/285">14.7%</abbr> of its health!)</small><br></div><div class="spacer battle-history"><br></div><h2 class="battle-history">Turn 4</h2><div class="spacer battle-history"><br></div><div class="battle-history">The opposing Misdreavus used <strong>Will-O-Wisp</strong>!<br></div><div class="battle-history"><small>Zweilous was burned!</small><br></div><div class="spacer battle-history"><br></div><div class="battle-history">Zweilous used <strong>Crunch</strong>!<br></div><div class="battle-history"><small>The opposing Misdreavus avoided the attack!</small><br></div><div class="spacer battle-history"><br></div><div class="battle-history"><small>Zweilous was hurt by its burn!</small><br></div><div class="spacer battle-history"><br></div><h2 class="battle-history">Turn 5</h2><div class="spacer battle-history"><br></div><div class="battle-history">lcezasfuck withdrew Misdreavus!<br></div><div class="battle-history">lcezasfuck sent out <strong>Pelipper</strong>!<br></div><div class="spacer battle-history"><br></div><div class="battle-history">Zweilous used <strong>Crunch</strong>!<br></div><div class="battle-history"><small>The opposing Pelipper avoided the attack!</small><br></div><div class="spacer battle-history"><br></div><div class="battle-history"><small>Zweilous was hurt by its burn!</small><br></div><div class="spacer battle-history"><br></div><h2 class="battle-history">Turn 6</h2><div class="spacer battle-history"><br></div><div class="battle-history">Zweilous, come back!<br></div><div class="battle-history">Go! <strong>Clefairy</strong>!<br></div><div class="spacer battle-history"><br></div><div class="battle-history">The opposing Pelipper used <strong>U-turn</strong>!<br></div><div class="battle-history"><small>It's not very effective...</small><br></div><div class="battle-history"><small>(Clefairy lost <abbr title="−10/343">2.9%</abbr> of its health!)</small><br></div><div class="spacer battle-history"><br></div><div class="battle-history">The opposing Pelipper went back to lcezasfuck!<br></div><div class="battle-history">lcezasfuck sent out <strong>Servine</strong>!<br></div><div class="spacer battle-history"><br></div><h2 class="battle-history">Turn 7</h2><div class="spacer battle-history"><br></div><div class="battle-history">Clefairy, come back!<br></div><div class="battle-history">Go! <strong>Dragonair</strong>!<br></div><div class="spacer battle-history"><br></div><div class="battle-history">The opposing Servine used <strong>Taunt</strong>!<br></div><div class="battle-history"><small>Dragonair fell for the taunt!</small><br></div><div class="spacer battle-history"><br></div><h2 class="battle-history">Turn 8</h2><div class="spacer battle-history"><br></div><div class="battle-history">lcezasfuck withdrew Servine!<br></div><div class="battle-history">lcezasfuck sent out <strong>Clefairy</strong>!<br></div><div class="spacer battle-history"><br></div><div class="battle-history">Dragonair used <strong>Dragon Tail</strong>!<br></div><div class="battle-history"><small>It doesn't affect the opposing Clefairy...</small><br></div><div class="spacer battle-history"><br></div><h2 class="battle-history">Turn 9</h2><div class="spacer battle-history"><br></div><div class="battle-history">Dragonair, come back!<br></div><div class="battle-history">Go! <strong>Probopass</strong>!<br></div><div class="spacer battle-history"><br></div><div class="battle-history">The opposing Clefairy used <strong>Knock Off</strong>!<br></div><div class="battle-history"><small>(Probopass lost <abbr title="−27/291">9.3%</abbr> of its health!)</small><br></div><div class="battle-history"><small>The opposing Clefairy knocked off Probopass's Leftovers!</small><br></div><div class="spacer battle-history"><br></div><h2 class="battle-history">Turn 10</h2><div class="spacer battle-history"><br></div><div class="battle-history">lcezasfuck withdrew Clefairy!<br></div><div class="battle-history">lcezasfuck sent out <strong>Golem</strong>!<br></div><div class="spacer battle-history"><br></div><div class="battle-history">Probopass used <strong>Stealth Rock</strong>!<br></div><div class="battle-history"><small>Pointed stones float in the air around the opposing team!</small><br></div><div class="spacer battle-history"><br></div><h2 class="battle-history">Turn 11</h2><div class="spacer battle-history"><br></div><div class="battle-history">The opposing Golem used <strong>Stealth Rock</strong>!<br></div><div class="battle-history"><small>Pointed stones float in the air around your team!</small><br></div><div class="spacer battle-history"><br></div><div class="battle-history">Probopass used <strong>Magnet Rise</strong>!<br></div><div class="battle-history"><small>Probopass levitated with electromagnetism!</small><br></div><div class="spacer battle-history"><br></div><h2 class="battle-history">Turn 12</h2><div class="spacer battle-history"><br></div><div class="battle-history">lcezasfuck withdrew Golem!<br></div><div class="battle-history">lcezasfuck sent out <strong>Pelipper</strong>!<br></div><div class="battle-history"><small>Pointed stones dug into the opposing Pelipper!</small><br></div><div class="spacer battle-history"><br></div><div class="battle-history">Probopass used <strong>Flash Cannon</strong>!<br></div><div class="battle-history"><small>It's not very effective...</small><br></div><div class="battle-history"><small>(The opposing Pelipper lost <abbr title="−56/324">17.3%</abbr> of its health!)</small><br></div><div class="spacer battle-history"><br></div><div class="battle-history"><small>The opposing Pelipper restored a little HP using its Leftovers!</small><br></div><div class="spacer battle-history"><br></div><h2 class="battle-history">Turn 13</h2><div class="spacer battle-history"><br></div><div class="battle-history">Probopass, come back!<br></div><div class="battle-history">Go! <strong>Fraxure</strong>!<br></div><div class="battle-history"><small>Pointed stones dug into Fraxure!</small><br></div><div class="battle-history"><small>[Fraxure's Mold Breaker]</small><br><small>Fraxure breaks the mold!</small><br></div><div class="spacer battle-history"><br></div><div class="battle-history">The opposing Pelipper used <strong>Roost</strong>!<br></div><div class="battle-history"><small>The opposing Pelipper restored its HP.</small><br></div><div class="spacer battle-history"><br></div><h2 class="battle-history">Turn 14</h2><div class="spacer battle-history"><br></div><div class="battle-history">Fraxure used <strong>Poison Jab</strong>!<br></div><div class="battle-history"><small>(The opposing Pelipper lost <abbr title="−110/324">34.0%</abbr> of its health!)</small><br></div><div class="spacer battle-history"><br></div><div class="battle-history">The opposing Pelipper used <strong>Defog</strong>!<br></div><div class="battle-history"><small>Fraxure's evasiveness fell!</small><br></div><div class="battle-history"><small>The pointed stones disappeared from around your team!</small><br></div><div class="battle-history"><small>The pointed stones disappeared from around the opposing team!</small><br></div><div class="spacer battle-history"><br></div><div class="battle-history"><small>The opposing Pelipper restored a little HP using its Leftovers!</small><br></div><div class="spacer battle-history"><br></div><h2 class="battle-history">Turn 15</h2><div class="spacer battle-history"><br></div><div class="battle-history">Fraxure, come back!<br></div><div class="battle-history">Go! <strong>Rampardos</strong>!<br></div><div class="spacer battle-history"><br></div><div class="battle-history">The opposing Pelipper used <strong>Roost</strong>!<br></div><div class="battle-history"><small>The opposing Pelipper restored its HP.</small><br></div><div class="spacer battle-history"><br></div><h2 class="battle-history">Turn 16</h2><div class="spacer battle-history"><br></div><div class="battle-history">Rampardos, come back!<br></div><div class="battle-history">Go! <strong>Fraxure</strong>!<br></div><div class="battle-history"><small>[Fraxure's Mold Breaker]</small><br><small>Fraxure breaks the mold!</small><br></div><div class="spacer battle-history"><br></div><div class="battle-history">lcezasfuck withdrew Pelipper!<br></div><div class="battle-history">lcezasfuck sent out <strong>Misdreavus</strong>!<br></div><div class="spacer battle-history"><br></div><h2 class="battle-history">Turn 17</h2><div class="spacer battle-history"><br></div><div class="battle-history">Fraxure, come back!<br></div><div class="battle-history">Go! <strong>Clefairy</strong>!<br></div><div class="spacer battle-history"><br></div><div class="battle-history">The opposing Misdreavus used <strong>Hex</strong>!<br></div><div class="battle-history"><small>(Clefairy lost <abbr title="−120/343">35.0%</abbr> of its health!)</small><br></div><div class="spacer battle-history"><br></div><h2 class="battle-history">Turn 18</h2><div class="spacer battle-history"><br></div><div class="battle-history">Clefairy, come back!<br></div><div class="battle-history">Go! <strong>Rampardos</strong>!<br></div><div class="spacer battle-history"><br></div><div class="battle-history">The opposing Misdreavus used <strong>Taunt</strong>!<br></div><div class="battle-history"><small>Rampardos fell for the taunt!</small><br></div><div class="spacer battle-history"><br></div><h2 class="battle-history">Turn 19</h2><div class="spacer battle-history"><br></div><div class="battle-history">Rampardos used <strong>Head Smash</strong>!<br></div><div class="battle-history"><small>(The opposing Misdreavus lost <abbr title="−324/324">100%</abbr> of its health!)</small><br></div><div class="battle-history"><small>Rampardos is damaged by the recoil!</small><br></div><div class="spacer battle-history"><br></div><div class="battle-history">The opposing Misdreavus fainted!<br></div><div class="spacer battle-history"><br></div><div class="battle-history">lcezasfuck sent out <strong>Golem</strong>!<br></div><div class="spacer battle-history"><br></div><h2 class="battle-history">Turn 20</h2><div class="spacer battle-history"><br></div><div class="battle-history">Rampardos, come back!<br></div><div class="battle-history">Go! <strong>Fraxure</strong>!<br></div><div class="battle-history"><small>[Fraxure's Mold Breaker]</small><br><small>Fraxure breaks the mold!</small><br></div><div class="spacer battle-history"><br></div><div class="battle-history">The opposing Golem used <strong>Stealth Rock</strong>!<br></div><div class="battle-history"><small>Pointed stones float in the air around your team!</small><br></div><div class="spacer battle-history"><br></div><h2 class="battle-history">Turn 21</h2><div class="spacer battle-history"><br></div><div class="battle-history">lcezasfuck withdrew Golem!<br></div><div class="battle-history">lcezasfuck sent out <strong>Pelipper</strong>!<br></div><div class="spacer battle-history"><br></div><div class="battle-history">Fraxure used <strong>Low Kick</strong>!<br></div><div class="battle-history"><small>It's not very effective...</small><br></div><div class="battle-history"><small>(The opposing Pelipper lost <abbr title="−42/324">13.0%</abbr> of its health!)</small><br></div><div class="spacer battle-history"><br></div><div class="battle-history"><small>The opposing Pelipper restored a little HP using its Leftovers!</small><br></div><div class="spacer battle-history"><br></div><h2 class="battle-history">Turn 22</h2><div class="spacer battle-history"><br></div><div class="battle-history">Fraxure, come back!<br></div><div class="battle-history">Go! <strong>Clefairy</strong>!<br></div><div class="spacer battle-history"><br></div><div class="battle-history">The opposing Pelipper used <strong>U-turn</strong>!<br></div><div class="battle-history"><small>It's not very effective...</small><br></div><div class="battle-history"><small>(Clefairy lost <abbr title="−11/343">3.2%</abbr> of its health!)</small><br></div><div class="chat"><small>TheTankCat joined.</small></div><div class="spacer battle-history"><br></div><div class="battle-history">The opposing Pelipper went back to lcezasfuck!<br></div><div class="battle-history">lcezasfuck sent out <strong>Golem</strong>!<br></div><div class="spacer battle-history"><br></div><h2 class="battle-history">Turn 23</h2><div class="spacer battle-history"><br></div><div class="battle-history">The opposing Golem used <strong>Earthquake</strong>!<br></div><div class="battle-history"><small>(Clefairy lost <abbr title="−126/343">36.7%</abbr> of its health!)</small><br></div><div class="spacer battle-history"><br></div><div class="battle-history">Clefairy used <strong>Soft-Boiled</strong>!<br></div><div class="battle-history"><small>Clefairy restored its HP.</small><br></div><div class="spacer battle-history"><br></div><h2 class="battle-history">Turn 24</h2><div class="spacer battle-history"><br></div><div class="battle-history">The opposing Golem used <strong>Earthquake</strong>!<br></div><div class="battle-history"><small>(Clefairy lost <abbr title="−126/343">36.7%</abbr> of its health!)</small><br></div><div class="spacer battle-history"><br></div><div class="battle-history">Clefairy used <strong>Soft-Boiled</strong>!<br></div><div class="battle-history"><small>Clefairy restored its HP.</small><br></div><div class="spacer battle-history"><br></div><h2 class="battle-history">Turn 25</h2><div class="spacer battle-history"><br></div><div class="battle-history">The opposing Golem used <strong>Earthquake</strong>!<br></div><div class="battle-history"><small>A critical hit!</small><br></div><div class="battle-history"><small>(Clefairy lost <abbr title="−213/343">62.1%</abbr> of its health!)</small><br></div><div class="spacer battle-history"><br></div><div class="battle-history">Clefairy used <strong>Soft-Boiled</strong>!<br></div><div class="battle-history"><small>Clefairy restored its HP.</small><br></div><div class="spacer battle-history"><br></div><h2 class="battle-history">Turn 26</h2><div class="spacer battle-history"><br></div><div class="battle-history">lcezasfuck withdrew Golem!<br></div><div class="battle-history">lcezasfuck sent out <strong>Pelipper</strong>!<br></div><div class="spacer battle-history"><br></div><div class="battle-history">Clefairy used <strong>Soft-Boiled</strong>!<br></div><div class="battle-history"><small>Clefairy restored its HP.</small><br></div><div class="spacer battle-history"><br></div><div class="battle-history"><small>The opposing Pelipper restored a little HP using its Leftovers!</small><br></div><div class="spacer battle-history"><br></div><h2 class="battle-history">Turn 27</h2><div class="spacer battle-history"><br></div><div class="battle-history">The opposing Pelipper used <strong>U-turn</strong>!<br></div><div class="battle-history"><small>It's not very effective...</small><br></div><div class="battle-history"><small>(Clefairy lost <abbr title="−11/343">3.2%</abbr> of its health!)</small><br></div><div class="spacer battle-history"><br></div><div class="battle-history">The opposing Pelipper went back to lcezasfuck!<br></div><div class="battle-history">lcezasfuck sent out <strong>Golem</strong>!<br></div><div class="spacer battle-history"><br></div><div class="battle-history">Clefairy used <strong>Calm Mind</strong>!<br></div><div class="battle-history"><small>Clefairy's Special Attack rose!</small><br></div><div class="battle-history"><small>Clefairy's Special Defense rose!</small><br></div><div class="spacer battle-history"><br></div><h2 class="battle-history">Turn 28</h2><div class="spacer battle-history"><br></div><div class="battle-history">lcezasfuck withdrew Golem!<br></div><div class="battle-history">lcezasfuck sent out <strong>Clefairy</strong>!<br></div><div class="spacer battle-history"><br></div><div class="battle-history">Clefairy used <strong>Moonblast</strong>!<br></div><div class="battle-history"><small>(The opposing Clefairy lost <abbr title="−75/344">21.8%</abbr> of its health!)</small><br></div><div class="battle-history"><small>The opposing Clefairy's Special Attack fell!</small><br></div><div class="spacer battle-history"><br></div><h2 class="battle-history">Turn 29</h2><div class="spacer battle-history"><br></div><div class="battle-history">Clefairy, come back!<br></div><div class="battle-history">Go! <strong>Probopass</strong>!<br></div><div class="battle-history"><small>Pointed stones dug into Probopass!</small><br></div><div class="spacer battle-history"><br></div><div class="battle-history">The opposing Clefairy used <strong>Knock Off</strong>!<br></div><div class="battle-history"><small>(Probopass lost <abbr title="−17/291">5.8%</abbr> of its health!)</small><br></div><div class="spacer battle-history"><br></div><h2 class="battle-history">Turn 30</h2><div class="spacer battle-history"><br></div><div class="battle-history">lcezasfuck withdrew Clefairy!<br></div><div class="battle-history">lcezasfuck sent out <strong>Servine</strong>!<br></div><div class="spacer battle-history"><br></div><div class="battle-history">Probopass used <strong>Stealth Rock</strong>!<br></div><div class="battle-history"><small>Pointed stones float in the air around the opposing team!</small><br></div><div class="spacer battle-history"><br></div><h2 class="battle-history">Turn 31</h2><div class="spacer battle-history"><br></div><div class="battle-history">Probopass, come back!<br></div><div class="battle-history">Go! <strong>Dragonair</strong>!<br></div><div class="battle-history"><small>Pointed stones dug into Dragonair!</small><br></div><div class="spacer battle-history"><br></div><div class="battle-history">The opposing Servine used <strong>Leaf Storm</strong>!<br></div><div class="battle-history"><small>It's not very effective...</small><br></div><div class="battle-history"><small>(Dragonair lost <abbr title="−45/325">13.8%</abbr> of its health!)</small><br></div><div class="battle-history"><small>The opposing Servine's Special Attack rose sharply!</small><br></div><div class="spacer battle-history"><br></div><h2 class="battle-history">Turn 32</h2><div class="spacer battle-history"><br></div><div class="battle-history">The opposing Servine used <strong>Leaf Storm</strong>!<br></div><div class="battle-history"><small>It's not very effective...</small><br></div><div class="battle-history"><small>(Dragonair lost <abbr title="−80/325">24.6%</abbr> of its health!)</small><br></div><div class="battle-history"><small>The opposing Servine's Special Attack rose sharply!</small><br></div><div class="spacer battle-history"><br></div><div class="battle-history">Dragonair used <strong>Dragon Tail</strong>!<br></div><div class="battle-history"><small>The opposing Servine avoided the attack!</small><br></div><div class="spacer battle-history"><br></div><h2 class="battle-history">Turn 33</h2><div class="chat"><small>TheTankCat left.</small></div><div class="spacer battle-history"><br></div><div class="battle-history">The opposing Servine used <strong>Leaf Storm</strong>!<br></div><div class="battle-history"><small>It's not very effective...</small><br></div><div class="battle-history"><small>(Dragonair lost <abbr title="−123/325">37.8%</abbr> of its health!)</small><br></div><div class="battle-history"><small>The opposing Servine's Special Attack rose sharply!</small><br></div><div class="spacer battle-history"><br></div><div class="battle-history">Dragonair used <strong>Rest</strong>!<br></div><div class="battle-history"><small>Dragonair fell asleep!</small><br></div><div class="battle-history"><small>Dragonair slept and became healthy!</small><br></div><div class="spacer battle-history"><br></div><h2 class="battle-history">Turn 34</h2><div class="spacer battle-history"><br></div><div class="battle-history">The opposing Servine used <strong>Leaf Storm</strong>!<br></div><div class="battle-history"><small>It's not very effective...</small><br></div><div class="battle-history"><small>(Dragonair lost <abbr title="−177/325">54.5%</abbr> of its health!)</small><br></div><div class="spacer battle-history"><br></div><div class="battle-history">Dragonair is fast asleep.<br></div><div class="spacer battle-history"><br></div><div class="battle-history">Dragonair used <strong>Sleep Talk</strong>!<br></div><div class="spacer battle-history"><br></div><div class="battle-history">Dragonair used <strong>Rest</strong>!<br></div><div class="battle-history"><small>But it failed!</small><br></div><div class="spacer battle-history"><br></div><h2 class="battle-history">Turn 35</h2><div class="spacer battle-history"><br></div><div class="battle-history">The opposing Servine used <strong>Leaf Storm</strong>!<br></div><div class="battle-history"><small>It's not very effective...</small><br></div><div class="battle-history"><small>(Dragonair lost <abbr title="−148/325">45.5%</abbr> of its health!)</small><br></div><div class="spacer battle-history"><br></div><div class="battle-history">Dragonair fainted!<br></div><div class="spacer battle-history"><br></div><div class="battle-history">Go! <strong>Rampardos</strong>!<br></div><div class="battle-history"><small>Pointed stones dug into Rampardos!</small><br></div><div class="spacer battle-history"><br></div><h2 class="battle-history">Turn 36</h2><div class="spacer battle-history"><br></div><div class="battle-history">lcezasfuck withdrew Servine!<br></div><div class="battle-history">lcezasfuck sent out <strong>Golem</strong>!<br></div><div class="battle-history"><small>Pointed stones dug into the opposing Golem!</small><br></div><div class="spacer battle-history"><br></div><div class="battle-history">Rampardos used <strong>Head Smash</strong>!<br></div><div class="battle-history"><small>It's not very effective...</small><br></div><div class="battle-history"><small>(The opposing Golem lost <abbr title="−128/301">42.5%</abbr> of its health!)</small><br></div><div class="battle-history"><small>Rampardos is damaged by the recoil!</small><br></div><div class="spacer battle-history"><br></div><h2 class="battle-history">Turn 37</h2><div class="spacer battle-history"><br></div><div class="battle-history">Rampardos, come back!<br></div><div class="battle-history">Go! <strong>Zweilous</strong>!<br></div><div class="battle-history"><small>Pointed stones dug into Zweilous!</small><br></div><div class="spacer battle-history"><br></div><div class="battle-history">The opposing Golem used <strong>Earthquake</strong>!<br></div><div class="battle-history"><small>(Zweilous lost <abbr title="−138/285">48.4%</abbr> of its health!)</small><br></div><div class="spacer battle-history"><br></div><div class="battle-history">Zweilous fainted!<br></div><div class="spacer battle-history"><br></div><div class="battle-history">Go! <strong>Clefairy</strong>!<br></div><div class="spacer battle-history"><br></div><h2 class="battle-history">Turn 38</h2><div class="spacer battle-history"><br></div><div class="battle-history">lcezasfuck withdrew Golem!<br></div><div class="battle-history">lcezasfuck sent out <strong>Clefairy</strong>!<br></div><div class="spacer battle-history"><br></div><div class="battle-history">Clefairy, come back!<br></div><div class="battle-history">Go! <strong>Probopass</strong>!<br></div><div class="battle-history"><small>Pointed stones dug into Probopass!</small><br></div><div class="spacer battle-history"><br></div><h2 class="battle-history">Turn 39</h2><div class="spacer battle-history"><br></div><div class="battle-history">Probopass, come back!<br></div><div class="battle-history">Go! <strong>Fraxure</strong>!<br></div><div class="battle-history"><small>Pointed stones dug into Fraxure!</small><br></div><div class="battle-history"><small>[Fraxure's Mold Breaker]</small><br><small>Fraxure breaks the mold!</small><br></div><div class="spacer battle-history"><br></div><div class="battle-history">The opposing Clefairy used <strong>Soft-Boiled</strong>!<br></div><div class="battle-history"><small>The opposing Clefairy restored its HP.</small><br></div><div class="spacer battle-history"><br></div><h2 class="battle-history">Turn 40</h2><div class="spacer battle-history"><br></div><div class="battle-history">lcezasfuck withdrew Clefairy!<br></div><div class="battle-history">lcezasfuck sent out <strong>Pelipper</strong>!<br></div><div class="battle-history"><small>Pointed stones dug into the opposing Pelipper!</small><br></div><div class="spacer battle-history"><br></div><div class="battle-history">Fraxure used <strong>Outrage</strong>!<br></div><div class="battle-history"><small>(The opposing Pelipper lost <abbr title="−241/324">74.4%</abbr> of its health!)</small><br></div><div class="spacer battle-history"><br></div><div class="battle-history">The opposing Pelipper fainted!<br></div><div class="spacer battle-history"><br></div><div class="battle-history">lcezasfuck sent out <strong>Clefairy</strong>!<br></div><div class="spacer battle-history"><br></div><h2 class="battle-history">Turn 41</h2><div class="spacer battle-history"><br></div><div class="battle-history">Fraxure used <strong>Outrage</strong>!<br></div><div class="battle-history"><small>It doesn't affect the opposing Clefairy...</small><br></div><div class="spacer battle-history"><br></div><div class="battle-history">The opposing Clefairy used <strong>Moonblast</strong>!<br></div><div class="battle-history"><small>It's super effective!</small><br></div><div class="battle-history"><small>(Fraxure lost <abbr title="−205/273">75.1%</abbr> of its health!)</small><br></div><div class="spacer battle-history"><br></div><div class="battle-history">Fraxure fainted!<br></div><div class="spacer battle-history"><br></div><div class="battle-history">Go! <strong>Probopass</strong>!<br></div><div class="battle-history"><small>Pointed stones dug into Probopass!</small><br></div><div class="spacer battle-history"><br></div><h2 class="battle-history">Turn 42</h2><div class="spacer battle-history"><br></div><div class="battle-history">lcezasfuck withdrew Clefairy!<br></div><div class="battle-history">lcezasfuck sent out <strong>Combusken</strong>!<br></div><div class="battle-history"><small>Pointed stones dug into the opposing Combusken!</small><br></div><div class="spacer battle-history"><br></div><div class="battle-history">Probopass used <strong>Earth Power</strong>!<br></div><div class="battle-history"><small>It's super effective!</small><br></div><div class="battle-history"><small>(The opposing Combusken lost <abbr title="−152/261">58.2%</abbr> of its health!)</small><br></div><div class="spacer battle-history"><br></div><h2 class="battle-history">Turn 43</h2><div class="spacer battle-history"><br></div><div class="battle-history">Probopass, come back!<br></div><div class="battle-history">Go! <strong>Clefairy</strong>!<br></div><div class="spacer battle-history"><br></div><div class="battle-history">The opposing Combusken used <strong>Protect</strong>!<br></div><div class="battle-history"><small>But it failed!</small><br></div><div class="spacer battle-history"><br></div><div class="battle-history"><small>[The opposing Combusken's Speed Boost]</small><br></div><div class="battle-history"><small>The opposing Combusken's Speed rose!</small><br></div><div class="spacer battle-history"><br></div><h2 class="battle-history">Turn 44</h2><div class="spacer battle-history"><br></div><div class="battle-history">The opposing Combusken used <strong>Swords Dance</strong>!<br></div><div class="battle-history"><small>The opposing Combusken's Attack rose sharply!</small><br></div><div class="spacer battle-history"><br></div><div class="battle-history">Clefairy used <strong>Calm Mind</strong>!<br></div><div class="battle-history"><small>Clefairy's Special Attack rose!</small><br></div><div class="battle-history"><small>Clefairy's Special Defense rose!</small><br></div><div class="spacer battle-history"><br></div><div class="battle-history"><small>[The opposing Combusken's Speed Boost]</small><br></div><div class="battle-history"><small>The opposing Combusken's Speed rose!</small><br></div><div class="spacer battle-history"><br></div><h2 class="battle-history">Turn 45</h2><div class="spacer battle-history"><br></div><div class="battle-history">The opposing Combusken used <strong>Fire Punch</strong>!<br></div><div class="battle-history"><small>A critical hit!</small><br></div><div class="battle-history"><small>(Clefairy lost <abbr title="−232/343">67.6%</abbr> of its health!)</small><br></div><div class="spacer battle-history"><br></div><div class="battle-history">Clefairy used <strong>Soft-Boiled</strong>!<br></div><div class="battle-history"><small>Clefairy restored its HP.</small><br></div><div class="spacer battle-history"><br></div><div class="battle-history"><small>[The opposing Combusken's Speed Boost]</small><br></div><div class="battle-history"><small>The opposing Combusken's Speed rose!</small><br></div><div class="spacer battle-history"><br></div><h2 class="battle-history">Turn 46</h2><div class="spacer battle-history"><br></div><div class="battle-history">The opposing Combusken used <strong>Fire Punch</strong>!<br></div><div class="battle-history"><small>(Clefairy lost <abbr title="−163/343">47.5%</abbr> of its health!)</small><br></div><div class="spacer battle-history"><br></div><div class="battle-history">Clefairy used <strong>Moonblast</strong>!<br></div><div class="battle-history"><small>(The opposing Combusken lost <abbr title="−77/261">29.5%</abbr> of its health!)</small><br></div><div class="spacer battle-history"><br></div><div class="battle-history">The opposing Combusken fainted!<br></div><div class="spacer battle-history"><br></div><div class="battle-history">lcezasfuck sent out <strong>Golem</strong>!<br></div><div class="battle-history"><small>Pointed stones dug into the opposing Golem!</small><br></div><div class="spacer battle-history"><br></div><h2 class="battle-history">Turn 47</h2><div class="spacer battle-history"><br></div><div class="battle-history">The opposing Golem used <strong>Earthquake</strong>!<br></div><div class="battle-history"><small>(Clefairy lost <abbr title="−109/343">31.8%</abbr> of its health!)</small><br></div><div class="spacer battle-history"><br></div><div class="battle-history">Clefairy fainted!<br></div><div class="spacer battle-history"><br></div><div class="battle-history">Go! <strong>Rampardos</strong>!<br></div><div class="battle-history"><small>Pointed stones dug into Rampardos!</small><br></div><div class="spacer battle-history"><br></div><h2 class="battle-history">Turn 48</h2><div class="chat chatmessage-lcezasfuck"><strong style="color:hsl(63,60%,38.09380051909%)"><small>☆</small><span class="username" data-name="lcezasfuck">lcezasfuck</span>:</strong> <em>gg</em></div><div class="spacer battle-history"><br></div><div class="battle-history">The opposing Golem used <strong>Sucker Punch</strong>!<br></div><div class="battle-history"><small>(Rampardos lost <abbr title="−27/335">8.1%</abbr> of its health!)</small><br></div><div class="spacer battle-history"><br></div><div class="battle-history">Rampardos fainted!<br></div><div class="spacer battle-history"><br></div><div class="battle-history"><small>Teddeh forfeited.</small><br></div><div class="spacer battle-history"><br></div><div class="battle-history"><strong>lcezasfuck</strong> won the battle!<br></div><div class="chat"><small>Teddeh left.</small></div></div><div class="inner-preempt"></div></div></div>
</div>
<script>
let daily = Math.floor(Date.now()/1000/60/60/24);document.write('<script src="https://play.pokemonshowdown.com/js/replay-embed.js?version'+daily+'"></'+'script>');
</script>
